4178 6196
904 446 1184 532 ..487-

172 648 310 728 raretur.)
332 651 422 724 1830.
441 648 582 727 Gydrdtt.
600 650 738 725 Streibig
751 653 892 729 Leopold
907 649 1005 709 betti-

172 757 229 813 vel.
247 765 291 829 4⁰.
309 773 328 829 4
345 775 374 832 p.

261 889 298 945 11.
327 884 523 944 Eldkeszdlet
546 906 565 943 a
587 884 893 944 betti-szamtanhoz.
922 883 952 964 (i.
978 906 1004 944 e.

173 994 369 1068 Praeparatio
386 991 424 1048 ad
440 989 618 1071 algebram.)
635 988 731 1067 Gyor.
753 991 842 1064 1850.
861 989 902 1048 8⁰.
920 1006 959 1064 53
974 1010 1004 1067 p.

173 1097 230 1152 Ed.
249 1113 276 1153 2.
293 1111 392 1153 aucta.
410 1097 603 1165 Comaromii,
625 1096 715 1168 1852.
733 1095 774 1168 58
792 1115 820 1172 p.

259 1259 1005 1354 UisghiudarlianPetrus(Mechitha-

172 1388 299 1468 rista).
323 1389 407 1469 Ipse
428 1409 520 1451 anno
549 1395 631 1452 1810
654 1409 799 1452 munere
824 1390 1005 1453 secretarii

174 1530 252 1572 cum
268 1510 392 1573 illustr.
410 1512 542 1573 abbate
560 1510 649 1576 Gen.
667 1512 711 1574 A.
726 1511 903 1574 Babikian
920 1513 1005 1575 Ter·

173 1633 267 1714 gesti
276 1633 451 1696 Viennam
464 1634 742 1717 transmigravit.
756 1633 1005 1698 Constantino-

173 1755 246 1836 poli
268 1774 360 1816 anno
381 1759 459 1834 1782
482 1763 597 1837 natuS,
614 1757 780 1839 Tergesti
802 1777 895 1819 anno
925 1760 1004 1819 1805

1044 659 1048 791 p
1087 649 1231 710 easdem
1247 650 1415 712 traderet.
1440 649 1596 711 Primum
1618 649 1654 711 in
1672 670 1699 713 s.
1716 648 1838 711 Blasio
1855 650 1917 711 do·

1086 771 1191 833 cebat
1212 770 1483 852 philosophiam,
1508 771 1637 833 deinde
1662 772 1707 833 ad
1732 790 1916 833 commune

1086 891 1241 954 studium
1266 892 1578 956 Benedictinorum
1602 893 1795 976 Bavariae,
1821 896 1916 976 quod

1086 1023 1170 1075 tunc
1193 1013 1229 1077 in
1251 1014 1383 1076 celebri
1401 1015 1775 1080 Benedicto·Burano
1796 1036 1917 1079 mona·

1085 1135 1194 1197 sterio
1208 1135 1407 1198 institutum
1419 1136 1545 1218 fuerat,
1555 1137 1754 1219 linguarum
1765 1139 1917 1201 orienta-

1085 1256 1168 1319 lium
1183 1258 1364 1339 professor
1376 1259 1588 1342 postulatuS,
1606 1261 1750 1323 easdem
1766 1263 1916 1342 posthac

1087 1379 1193 1443 etiam
1218 1380 1254 1443 in
1279 1381 1372 1445 univ.
1398 1380 1663 1465 Salisburgensi
1689 1383 1832 1465 publice
1856 1384 1917 1445 do·

1086 1502 1173 1584 cuit,
1202 1502 1305 1564 simul
1332 1503 1517 1585 explicans
1544 1505 1687 1567 moralis
1714 1505 1916 1587 theologiae

1086 1635 1291 1705 praecepta.
1328 1625 1388 1687 Ad
1421 1646 1523 1688 usum
1555 1627 1793 1689 studiosorum
1820 1628 1916 1689 evul-

1086 1746 1187 1826 gavit
1214 1747 1463 1828 compendium
1491 1757 1687 1830 syntaxeos
1714 1747 1916 1810 Hebraicae

174 1887 402 1940 consecratus
419 1888 474 1940 est
490 1880 691 1961 presbyter.
721 1879 780 1940 Ab
803 1900 896 1943 anno
924 1885 1003 1943 1805
1045 1860 1049 1975 l
1086 1887 1252 1930 unacum
1269 1869 1407 1950 analysi
1424 1868 1504 1931 libri
1517 1889 1703 1952 geneseos.
1728 1868 1917 1932 Praemisit

173 1999 313 2081 peregit
344 2019 470 2061 munus
501 1999 683 2062 secretarii
715 2002 1005 2084 congregationis
1045 1978 1048 1987 ⁵
1087 1989 1370 2070 disquisitionem
1399 1993 1443 2053 de
1468 1994 1635 2055 methodo
1662 1993 1819 2073 linguam
1844 1990 1915 2053 He·

174 2120 338 2202 Tergesti
364 2130 400 2182 et
423 2120 594 2184 Viennae,
632 2122 737 2184 Anno
765 2126 844 2185 1815
866 2122 1006 2186 Vienna
1045 2158 1048 2219 ,
1085 2113 1914 2185 braeamcumfructutractandietaddiscendi;

176 2243 303 2305 missus
320 2253 374 2306 est
391 2242 736 2325 Constantinopolim
758 2264 903 2307 munere
926 2246 1005 2307 mis·
1045 2239 1047 2291 l
1085 2233 1249 2298 adiunxit
1269 2234 1421 2298 indicem
1443 2237 1622 2317 librorum,
1647 2236 1706 2318 qui
1730 2238 1776 2297 ad
1799 2236 1915 2317 perdi·

173 2365 316 2427 sionarii
347 2365 552 2446 apostolici;
588 2366 720 2428 ibidem
756 2386 876 2429 mense
908 2367 1003 2449 Aug,
1044 2312 1047 2417 i
1085 2358 1237 2418 scendas
1253 2356 1395 2439 linguas
1412 2359 1604 2421 orientales
1621 2359 1655 2420 in
1672 2359 1795 2439 primis
1812 2359 1915 2420 utiles

177 2493 257 2550 1828
275 2510 320 2551 ex
337 2489 411 2551 vita
428 2508 594 2570 egressus
611 2499 675 2552 est.

261 2645 381 2728 Opera
393 2647 469 2708 eius
479 2646 514 2708 in
524 2647 645 2729 lingua
656 2647 894 2710 Neo-armena
907 2647 1004 2730 typis

173 2770 284 2831 edita:

259 2915 281 2969 1,
308 2913 516 2998 lppmpfin,
533 2949 539 2963 ·
556 2948 563 2962 ·
579 2914 619 2985 d
647 2915 763 2988 vemt*
785 2915 883 2986 ”emti
906 2915 1003 2993 tum,

174 3020 193 3074 i.
212 3037 238 3072 e.
256 3017 410 3073 Exercitia
427 3031 457 3072 et
474 3020 628 3073 orationes
645 3036 752 3073 novem
769 3017 883 3074 dierum
901 3021 930 3074 in
951 3019 1004 3074 ho·
1044 3010 1047 3112 l

174 3141 276 3178 norem
302 3141 342 3179 ss.
365 3121 473 3178 Cordis
499 3123 576 3178 Iesu.
601 3122 634 3177 In
659 3123 729 3197 ling.
750 3123 953 3179 Neo-armen.
976 3135 1006 3179 et

176 3226 268 3281 Ture.
294 3227 437 3292 Viennae,
455 3227 534 3301 typis
550 3227 692 3282 Mechith.
714 3225 804 3283 1826.

260 3357 297 3412 ll.
322 3354 489 3430 llh‘pwfutf
513 3358 715 3430 molowvlupwp,
738 3359 755 3412 i.
774 3376 800 3413 e.
824 3356 1004 3414 Alimentum

174 3460 388 3517 celebrantium
405 3461 469 3517 dies
483 3460 588 3527 festos,
606 3462 634 3517 h.
649 3481 674 3517 e.
690 3462 927 3537 Explanationes
940 3480 1004 3518 mo·

175 3566 252 3621 rales
269 3566 429 3622 lectionum
447 3561 495 3642 (ex
508 3584 595 3621 sacra
608 3563 768 3642 scriptura)
785 3578 814 3621 et
831 3566 1005 3641 evangelio·

174 3690 247 3737 rum,
265 3689 342 3746 quae
359 3669 466 3726 diebus
483 3670 593 3726 domini
616 3683 646 3725 et
669 3670 754 3727 festis
771 3673 863 3726 totius
884 3673 952 3727 anni
976 3674 1005 3726 in

174 3778 266 3831 missa
283 3776 432 3849 leguntur.
449 3775 594 3843 Viennae,
611 3777 691 3850 typis
707 3775 847 3832 Mechith.
871 3774 960 3848 1852.

260 3938 522 4011 Ussermann
553 3933 857 4012 Aemilianus
891 3950 1005 4033 (San-

173 4065 429 4145 Blasianus).
454 4051 568 4128 Natus
593 4076 648 4127 est
672 4067 755 4130 ins
779 4068 946 4132 Udalrico
970 4071 1005 4131 in

172 4189 274 4270 sylva
298 4187 400 4269 nigra
421 4188 456 4249 in
477 4208 608 4271 magno
626 4189 756 4251 ducatu
773 4191 930 4253 Badensi
948 4192 1005 4254 die

172 4317 225 4375 30.
252 4308 331 4373 Oct.
361 4315 456 4389 1737;
485 4330 511 4371 s.
536 4311 659 4373 habitu
688 4311 832 4375 indutus
859 4313 893 4374 in
922 4314 1004 4376 divo

173 4433 309 4513 Blasio,
334 4431 552 4495 sollemniter
575 4432 758 4513 professus
784 4434 841 4496 die
871 4456 895 4498 1.
919 4434 1004 4497 Maii

177 4558 272 4633 17573
290 4555 458 4616 sacerdos
481 4553 538 4615 die
559 4558 606 4617 ro.
622 4553 709 4616 Maii
733 4568 822 4633 1701.
847 4557 887 4618 In
903 4576 1005 4639 gym-

172 4675 273 4737 nasio
290 4674 603 4739 Benedictinorum
624 4697 651 4738 s.
668 4675 767 4738 Petri
788 4676 823 4738 in
840 4676 1006 4760 Brisgoia

172 4797 369 4859 studiorum
388 4795 633 4857 humaniorum
655 4796 865 4860 curriculum
888 4818 1005 4860 emen·

173 4939 233 4980 sus
254 4929 319 4999 est,
342 4927 487 5000 praeter
507 4917 675 4979 musicam
692 4917 830 5000 Latine,
856 4918 1005 5000 Graece,

172 5039 351 5102 Hebraice
367 5041 504 5101 doctus.
523 5039 616 5101 Dein
633 5041 903 5123 congregationi
913 5040 1006 5114 ¹San·

173 5161 363 5224 Blasianae
381 5180 508 5223 nomen
526 5161 625 5222 dedit
642 5171 677 5224 et
698 5162 732 5225 in
750 5162 1006 5244 philosophicis

173 5292 209 5345 et
225 5282 437 5365 theologicis
454 5282 650 5365 disciplinis
671 5294 743 5346 tam
764 5283 903 5347 felicem
925 5305 1005 5367 pro·

172 5423 336 5486 gressum
358 5404 458 5487 fecit,
484 5416 522 5467 ut
547 5406 677 5488 dignus
701 5416 921 5488 censeretur,
945 5405 1007 5488 qui

1085 2488 1168 2539 sunt
1191 2488 1252 2540 aut
1273 2480 1475 2542 necessarii.
1505 2478 1540 2543 S.
1565 2480 1768 2563 theologiae
1793 2480 1917 2542 doctor

1085 2609 1236 2680 creatus,
1252 2619 1417 2663 reversus
1434 2602 1480 2663 ad
1497 2621 1522 2663 s.
1540 2601 1710 2684 Blasium,
1727 2602 1915 2665 bibliothe-

1084 2740 1148 2783 cae
1161 2720 1326 2803 praefuit,
1339 2723 1501 2784 omnibus
1510 2724 1556 2784 ad
1569 2723 1605 2784 id
1619 2722 1773 2785 muneris
1783 2725 1915 2785 obeun-

1085 2844 1168 2905 dum
1192 2843 1336 2906 dotibus
1365 2845 1575 2907 necessariis
1604 2844 1738 2926 optime
1767 2845 1915 2908 instruc-

1085 2975 1153 3045 tuS,
1171 2967 1308 3045 doctuS,
1324 2967 1496 3029 humanus
1510 2978 1545 3028 et
1558 2967 1677 3028 studio
1690 2965 1915 3049 gratificandi

1085 3087 1342 3168 paratissimus,
1366 3088 1440 3150 Nec
1454 3089 1648 3169 quidquam
1659 3089 1774 3171 magis
1791 3088 1916 3150 habuit

1085 3210 1120 3270 in
1138 3209 1284 3288 deliciis,
1300 3230 1406 3291 quarn
1422 3211 1586 3272 librariae
1608 3210 1840 3292 supellectilis
1857 3230 1915 3272 cu-

1085 3351 1173 3405 ram;
1198 3332 1366 3413 reliquias
1390 3331 1517 3414 prioris
1538 3332 1763 3395 vastissimae
1789 3331 1915 3393 biblio-

1085 3455 1211 3515 thecae
1232 3453 1396 3516 incendio
1418 3464 1624 3517 consumtae
1647 3454 1802 3536 collegit,
1827 3453 1915 3515 anti-

1085 3594 1175 3655 quos
1193 3575 1335 3637 codices
1356 3576 1617 3657 manuscriptos
1641 3586 1677 3639 et
1699 3575 1916 3639 recentiores

1086 3698 1238 3758 selectos
1250 3696 1358 3759 libros
1373 3696 1528 3778 undique
1542 3698 1757 3779 conquisivit
1770 3709 1806 3761 et
1818 3718 1916 3780 mag-

1085 3819 1139 3881 nis
1168 3820 1337 3901 impensis
1365 3821 1602 3903 comparavit,
1635 3834 1674 3884 ut
1700 3822 1916 3885 bibliotheca

1086 3942 1172 4003 mire
1203 3941 1401 4005 increverit.
1445 3942 1626 4024 Quidquid
1657 3944 1782 4006 habuit
1812 3941 1915 4003 vacui

1085 4064 1266 4145 temporiS,
1290 4065 1505 4127 adornandis
1528 4064 1833 4128 lucubrationibus
1854 4081 1916 4142 po-

1086 4187 1259 4248 tissimum
1282 4186 1460 4250 historicis
1485 4188 1604 4249 dabat.
1634 4187 1674 4248 In
1699 4186 1916 4247 elaboranda

1086 4307 1278 4371 Germania
1302 4330 1403 4372 sacra
1428 4309 1573 4388 sodalis,
1601 4308 1712 4369 edidit
1736 4307 1812 4368 eius
1835 4325 1915 4387 pro·

1086 4433 1245 4493 dromum
1273 4442 1309 4493 et
1339 4431 1481 4512 scripsit
1506 4431 1752 4511 episcopatum
1778 4428 1915 4490 Wirce·

1084 4535 1300 4635 burgensem
1313 4563 1349 4615 et
1362 4554 1665 4635 Bambergensem
1682 4551 1777 4614 facili
1794 4562 1831 4613 et
1847 4552 1915 4612 ele·

1084 4674 1186 4756 ganti
1213 4674 1304 4737 stilo
1340 4674 1409 4736 Tot
1439 4675 1622 4737 laboribus
1654 4677 1848 4738 exhaustus
1881 4685 1916 4738 et

1084 4795 1278 4877 apoplexia
1299 4805 1485 4877 correptus
1501 4806 1557 4859 est
1572 4797 1626 4858 vir
1641 4797 1807 4879 optimus,
1829 4795 1915 4858 Ger·

1086 4938 1213 4980 manae
1225 4938 1371 5000 prorsus
1387 4917 1470 4981 fidei
1487 4929 1523 4981 et
1539 4919 1647 5001 prisci
1661 4919 1777 4999 moris,
1789 4919 1916 4981 abhor-

1085 5059 1166 5102 rens
1183 5042 1229 5102 ab
1246 5042 1414 5104 adulandi
1435 5042 1553 5104 studio
1570 5052 1679 5123 atque
1695 5041 1790 5103 omni
1805 5040 1915 5113 fastu;

1086 5163 1145 5244 qui
1174 5162 1313 5225 omissis
1341 5165 1471 5226 ceteris
1500 5165 1663 5227 omnibus
1692 5165 1802 5246 curis,
1831 5164 1916 5227 nihil

1085 5295 1276 5366 appetens,
1305 5296 1473 5367 sorteque
1496 5306 1560 5348 sua
1585 5297 1774 5350 contentus
1799 5307 1818 5350 e
1841 5287 1917 5349 vita

1087 5406 1252 5470 discessit
1268 5406 1325 5469 die
1342 5411 1393 5470 31.
1411 5406 1490 5472 Oct.
1513 5412 1604 5486 1798.
1872 5394 1874 5399 ¹
