4178 6196
905 472 1186 577 ‘³9³‘

175 656 361 721 directoris
376 677 496 740 gymn.
510 655 807 720 Comaromiensis
828 660 1005 739 18411-51,
1043 669 1047 723 l
1171 652 1351 749 Moriggl
1376 663 1681 748 Augustinus
1704 664 1915 747 (Mariae-

174 779 368 862 superioris
389 781 514 843 domus
534 778 666 842 ibidem
686 783 853 842 1851—56
870 798 1006 842 summa
1084 784 1329 864 montanus),
1354 793 1459 845 natus
1483 781 1652 864 Burgusii
1677 782 1853 865 (Burgeis)
1876 782 1912 844 in

173 923 253 966 curn
268 904 374 966 laude
385 901 538 984 functus,
555 901 749 984 spiritualis
760 903 871 966 vitam
880 901 1005 966 Coma·

172 1025 274 1089 romii
290 1025 399 1108 degit,
417 1024 537 1106 ibique
551 1023 608 1087 die
629 1044 676 1104 17.
692 1024 779 1088 Maii
799 1028 878 1104 1857
894 1024 953 1107 pie
968 1024 1004 1087 in

172 1145 326 1210 Domino
342 1145 566 1210 obdormivit.
587 1146 694 1210 Anno
710 1150 786 1223 1841
806 1145 913 1209 tertio
924 1145 1003 1208 loco

175 1268 360 1351 dignitatis
380 1267 672 1331 archiabbatialis
692 1266 760 1330 fuit
780 1267 1002 1330 candidatus.

259 1390 300 1452 In
320 1389 448 1452 studiis
463 1388 675 1471 theologicis
692 1387 1002 1470 quamplurimum

172 1521 368 1595 occupatus
385 1511 542 1593 scripsit:

259 1638 282 1695 Ι.
298 1637 361 1694 Titi
375 1637 501 1704 Μο111111,
513 1636 694 1695 benedictini
707 1638 862 1704 Pannonii,
879 1636 1002 1693 111011111-

172 1746 271 1802 1101100
279 1743 434 1817 religionis
444 1741 791 1800 christiano·catholicae
800 1739 904 1798 usibus
912 1759 1002 1818 prae·

173 1848 334 1906 lectionum
351 1847 590 1904 academicarum
607 1845 864 1903 accommodatae.
888 1844 1001 1914 Budae,

172 1955 253 2030 typis
270 1971 334 2027 reg.
352 1953 457 2009 scient.
475 1952 677 2007 universitatis
693 1951 794 2026 Hung.
819 1949 862 2007 8⁰.
886 1950 961 2006 Pars
977 1950 1000 2006 1.

163 2049 268 2130 1831).
290 2071 344 2129 141
365 2075 395 2132 p.
411 2055 486 2112 Pars
501 2055 539 2111 11.
562 2053 652 2129 1837.
671 2069 728 2129 271
749 2075 778 2132 p.

259 2161 296 2217 11.
313 2161 492 2236 Composuit
508 2160 635 2235 hymnos
651 2179 766 2227 sacros,
789 2177 867 2235 quos
882 2157 1001 2216 brevia·

172 2266 247 2323 rium
264 2266 511 2340 congregationis
527 2264 596 2320 olim
613 2282 638 2321 s.
655 2264 750 2320 Mauri
771 2262 809 2320 ad
830 2262 909 2320 festa
928 2279 1001 2338 pro·

173 2372 239 2448 pria
263 2390 287 2427 s.
312 2383 508 2447 patronorum
533 2371 618 2444 regni
643 2369 743 2443 Hung.
769 2370 919 2433 continet,
943 2386 1001 2443 pro

173 2475 276 2534 0111010
291 2494 316 2532 0.
333 2475 474 2531 Emerici.

259 2579 310 2636 111.
327 2577 672 2656 Μο11110011ρ10111111100.
690 2584 732 2651 4⁰.
751 2592 809 2653 791
826 2598 855 2655 p.
871 2577 1000 2635 Adserv.

173 2685 203 2741 in
218 2683 403 2742 bibliotheca
420 2685 543 2742 centrali
560 2686 588 2740 in
604 2703 629 2741 s.
646 2698 756 2741 monte.

257 2794 462 2869 Moravek
490 2807 770 2891 Wolfgangus
803 2805 1001 2887 (Bievno-

171 2925 591 3008 veno-Braunensis),
612 2925 786 2989 Neodomi
808 2923 1000 3008 (Neuhaus)

172 3049 208 3114 in
224 3048 397 3112 Bohemia
417 3053 495 3127 1817
521 3048 579 3111 die
601 3053 629 3111 5.
646 3048 735 3110 Nov.
757 3058 872 3127 natus,
897 3049 1001 3109 abso-

171 3173 255 3238 lutis
263 3173 298 3236 in
309 3172 402 3236 univ.
411 3171 585 3255 Pragensi
595 3170 840 3253 philosophiae
854 3178 890 3232 et
901 3169 1000 3232 theo-

172 3296 289 3380 logiae
313 3294 440 3357 studiis
469 3298 546 3372 1842
573 3292 629 3356 die
654 3298 705 3356 31.
723 3293 787 3354 Iul.
811 3294 1001 3375 presbyter

173 3429 226 3482 est
242 3418 435 3497 ordinatus
452 3426 641 3498 postquam
658 3435 710 3494 ²7·
728 3414 827 3497 Sept.
849 3420 930 3494 1840
946 3435 1000 3478 sa·
1038 3392 1041 3473 l

174 3561 232 3605 cra
262 3551 347 3603 vota
378 3538 545 3622 religiosa
576 3537 795 3600 sollemniter
825 3535 1000 3600 emiserat.

172 3663 275 3727 Iussu
291 3662 512 3742 superiorum
528 3659 681 3723 animum
697 3658 853 3721 advertit
868 3660 914 3721 ad
927 3679 1001 3721 mu-

171 3806 236 3849 nus
253 3783 406 3848 docendi
422 3782 457 3845 in
472 3782 659 3865 gymnasio
671 3782 869 3845 Braunensi
886 3781 1000 3864 publi-

172 3928 224 3989 co,
246 3906 372 3989 quoin
396 3903 512 3969 officio
534 3907 580 3966 ab
604 3924 697 3967 anno
718 3908 796 3983 1845
820 3905 1000 3987 usquead

170 4049 301 4093 annum
333 4032 411 4090 186³
439 4047 583 4089 munere
614 4026 828 4108 professoris
858 4026 1000 4090 functus

171 4155 298 4219 eodem
314 4152 441 4214 abhinc
458 4170 551 4213 anno
567 4170 694 4213 munus
709 4149 893 4213 directoris
909 4149 1000 4212 eius-

171 4278 252 4340 dem
272 4272 450 4357 gymnasii
470 4272 701 4335 administrat.
727 4272 832 4335 Anno
853 4275 931 4351 1877
954 4274 1001 4334 ab

1084 901 1182 967 Tirol
1207 924 1254 967 10.
1276 904 1380 967 Mart.
1408 908 1500 967 1816.
1530 904 1708 968 Absoluto
1731 904 1913 968 Meraniae

1082 1026 1280 1107 gymnasio,
1289 1024 1493 1108 Oeniponte
1502 1045 1610 1090 cursu
1616 1026 1862 1108 philosophico
1875 1036 1912 1090 et

1084 1147 1254 1211 Brixinae
1271 1170 1298 1212 s.
1313 1150 1468 1232 theolog.
1486 1168 1589 1213 cursu
1606 1154 1635 1214 3.
1650 1150 1744 1232 Aug.
1765 1153 1845 1228 1839
1862 1149 1912 1211 le·

1082 1269 1207 1352 gitime
1231 1281 1420 1355 susceptus
1436 1270 1473 1335 S.
1489 1272 1529 1336 P.
1546 1271 1588 1336 N.
1604 1271 1792 1335 Benedicti
1812 1269 1912 1333 habi·

1082 1401 1156 1455 tum
1173 1392 1287 1455 induit
1303 1393 1361 1456 die
1381 1398 1428 1457 15.
1446 1394 1541 1476 Aug.
1558 1414 1587 1457 e.
1604 1414 1635 1456 a.
1659 1393 1755 1457 Vota
1771 1393 1910 1456 sollem-

1081 1514 1141 1577 nia
1157 1514 1273 1578 emisit
1293 1521 1340 1580 11).
1357 1516 1453 1599 Aug.
1474 1520 1565 1597 1840,
1582 1516 1782 1580 sacerdotio
1794 1514 1911 1578 Brixi-

1081 1656 1148 1698 nae
1164 1636 1323 1700 initiatus
1339 1646 1394 1700 est
1411 1659 1436 1700 1.
1450 1637 1544 1722 Aug.
1563 1642 1653 1716 1841.
1671 1639 1706 1701 Is
1718 1647 1909 1721 postquam

1081 1778 1146 1841 per
1167 1759 1436 1841 quadriennium
1459 1760 1496 1823 in
1516 1759 1730 1824 monasterio
1746 1771 1910 1826 versatus

1081 1889 1146 1962 est,
1159 1900 1224 1962 per
1232 1881 1432 1963 proximum
1441 1882 1709 1964 quadriennium
1722 1883 1768 1946 ad
1781 1903 1807 1945 s.
1816 1881 1910 1945 Mar-

1080 2003 1144 2066 tini
1154 2003 1346 2087 Passyriae
1359 2024 1465 2067 curae
1477 2005 1672 2068 animarum
1688 2025 1817 2088 magna
1831 2025 1909 2068 cum

1081 2125 1237 2188 sollertia
1249 2146 1288 2189 se
1301 2127 1409 2190 dedit.
1426 2127 1671 2208 Prosperrimo
1685 2148 1764 2190 cum
1777 2137 1909 2190 eventu

1080 2266 1145 2329 pro
1172 2250 1348 2312 tradenda
1373 2248 1521 2312 historia
1548 2249 1741 2312 universali
1768 2249 1910 2332 publice

1079 2371 1252 2451 probatus
1268 2370 1303 2434 in
1316 2371 1504 2454 gymnasio
1516 2371 1720 2434 Meranensi
1736 2371 1908 2453 superiori

1079 2493 1126 2555 ab
1153 2512 1246 2555 anno
1275 2497 1355 2555 1850
1376 2493 1559 2556 historiam
1583 2504 1619 2557 et
1642 2493 1800 2577 linguam
1823 2491 1910 2556 Ger-

1080 2613 1253 2678 manicam
1277 2614 1459 2697 professus
1487 2615 1660 2698 simulque
1679 2636 1743 2698 per
1764 2615 1909 2697 aliquod

1080 2746 1222 2817 tempus
1238 2735 1438 2799 convictum
1453 2734 1736 2819 „Rediffianum“
1750 2738 1910 2800 modera-

1080 2865 1138 2919 tus
1159 2868 1223 2920 est.
1247 2856 1435 2920 Professor
1457 2857 1525 2921 11111
1547 2869 1622 2923 111111
1645 2859 1811 2922 incensus
1834 2869 1908 2920 tum

1080 2978 1273 3042 instructus
1288 2979 1351 3042 tali
1371 2978 1531 3062 ingenio,
1553 2991 1592 3043 ut
1613 2980 1778 3062 discipuli
1784 3029 1793 3061 ,
1817 2998 1910 3061 quae

1081 3101 1210 3183 docuit,
1232 3102 1424 3185 perspicua
1439 3103 1680 3166 imbuerentur
1696 3102 1910 3186 cognitione.

1080 3221 1198 3304 Quare
1225 3223 1311 3306 ipsi,
1339 3243 1487 3306 quorum
1513 3225 1650 3287 animos
1675 3244 1745 3287 non
1772 3232 1910 3286 tantum

1080 3347 1251 3431 magister
1272 3349 1334 3410 sed
1356 3347 1463 3410 etiarn
1484 3348 1655 3410 educator
1671 3347 1792 3428 movit,
1814 3367 1909 3410 amo-

1081 3489 1165 3551 rem,
1178 3468 1392 3552 gravitatem
1405 3489 1447 3532 ac
1456 3446 1690 3533 eruditionem
1700 3438 1910 3533 'altissimam

1080 3591 1251 3655 memoria
1261 3591 1473 3656 retinebunt.
1487 3592 1713 3675 Augustinus
1726 3602 1808 3675 post
1821 3612 1911 3656 mor·

1081 3724 1153 3777 tem
1175 3712 1293 3777 Caroli
1320 3713 1461 3777 abbatis
1491 3715 1706 3778 monasterio
1735 3717 1861 3779 orbato
1889 3735 1910 3776 a

1081 3835 1331 3917 001111011111110,
1353 3836 1413 3918 qui
1434 3836 1466 3899 ei
1483 3837 1722 3919 confidebant,
1745 3859 1796 3900 22.
1814 3838 1909 3920 Aug.

1084 3960 1163 4019 1855
1181 3954 1386 4038 praeficitur
1401 3969 1438 4020 et
1453 3957 1557 4020 mitra
1573 3958 1743 4022 abbatiali
1765 3959 1909 4022 decora-

1080 4088 1145 4143 tur.
1171 4079 1296 4142 Abbas
1310 4080 1435 4141 eodem
1448 4099 1489 4141 ac
1502 4078 1683 4159 professor
1695 4080 1821 4163 spiritu
1834 4080 1909 4143 offi-

1080 4202 1135 4265 cia
1149 4201 1330 4282 quaelibet
1343 4211 1526 4283 praestare
1540 4203 1708 4283 perrexit,
1719 4222 1834 4284 neque
1848 4205 1907 4264 de-

1080 4322 1171 4385 stitit
1187 4324 1312 4405 plenus
1332 4323 1552 4386 assiduitatis
1568 4333 1604 4387 et
1619 4322 1807 4406 gravitatis
1826 4344 1906 4405 per-

169 4395 419 4461 inlustrissimo
436 4394 606 4476 episcopo
623 4393 1041 4477 Reginaehradecensi‚
1171 4445 1177 4459 .
1286 4447 1292 4459 .
1412 4447 1448 4460 ..

1039 4478 1040 4519 1
1080 4447 1533 4527 sequ1omn1busv1r1bus,
1559 4464 1802 4526 quaecumque
1827 4446 1907 4507 sub·

1039 4524 1041 4539 l

172 4540 207 4584 ¹¹¹
228 4537 409 4583 numerum
431 4527 648 4578 notasfflmm
669 4515 926 4598 ⁶P¹S⁰⁰p³hum
947 4534 1001 4578 ‘e'
1038 4569 1040 4671 1
1080 4567 1232 4631 (1110111111
1246 4567 1352 4630 saluti
1365 4568 1563 4630 conducere
1572 4567 1794 4629 videbantur.
1812 4567 1909 4629 Inter

172 4644 266 4707 latus
283 4651 346 4704 001.

258 4761 409 4845 Scripsit
418 4770 453 4823 et
461 4761 498 4823 in
508 4760 694 4822 annalibus
702 4757 881 4842 gymnasii
890 4758 1001 4821 Breu-

172 4884 351 4949 naviensis
367 4903 460 4946 anno
480 4886 560 4945 1855
579 4892 615 4945 01
636 4885 715 4958 1850
733 4880 859 4944 edidit:

258 5011 280 5068 Ι.
303 5009 425 5067 8010010
448 5010 600 5065 variorum
623 5021 777 5065 auctorum
803 5010 893 5067 lectio
914 5009 1001 5064 unius

173 5118 304 5174 auctoris
320 5114 441 5171 lectioni
459 5112 642 5190 proferenda
658 5127 714 5170 est.

257 5220 295 5276 11.
323 5219 622 5284 Animadversiones.
657 5218 766 5293 Einige
791 5218 899 5275 Worte
926 5216 1002 5274 iiber

174 5326 210 5382 K.
236 5325 271 5381 F.
295 5321 420 5400 Silplles
448 5322 609 5399 Aufgaben
638 5342 672 5378 zu
701 5322 894 5379 lateinischen
921 5319 1002 5398 Styl-

174 5426 324 5503 ubnngen.
342 5444 370 5485 2.
388 5427 457 5485 Thl.
476 5444 506 5501 5.
522 5427 600 5484 Aull.

1038 4694 1041 4712 ¹
1080 4689 1242 4753 aedificia
1258 4689 1380 4772 oppidi
1393 4690 1592 4752 Meranens.
1610 4689 1740 4752 eminet
1753 4699 1789 4752 et
1802 4711 1821 4754 e
1834 4691 1908 4753 lon-

1038 4747 1041 4825 1
1107 4813 1114 4826 .

1038 4828 1040 4857 ⁵
1079 4832 1214 4896 gmquo
1226 4812 1443 4895 conspicitur
1455 4811 1639 4876 convictus
1654 4812 1908 4895 „Mariaemon-

1038 4874 1041 4973 1
1079 4935 1215 5016 tanus“,
1243 4936 1303 5017 qui
1330 4938 1375 4998 ab
1399 4935 1603 5019 Augustino
1635 4938 1714 4997 1858
1743 4935 1906 4999 maximis

1079 5056 1280 5137 sumptibus
1301 5054 1510 5120 aedificatus
1526 5068 1590 5119 est.
1615 5057 1786 5121 Attamen
1802 5057 1909 5121 nimio

1079 5178 1202 5240 labore
1218 5177 1312 5240 vires
1335 5177 1412 5240 eius
1433 5187 1664 5260 consumptae
1680 5190 1771 5242 sunt.
1796 5180 1909 5243 Lenta

1081 5301 1165 5362 tabe
1178 5298 1362 5362 confectus
1375 5298 1465 5362 obiit
1479 5320 1527 5376 14.
1537 5299 1624 5381 Apr.
1639 5304 1729 5382 1861,
1742 5305 1782 5379 45
1796 5321 1908 5365 annos

1083 5430 1197 5485 natus,
1220 5421 1289 5485 Hic
1304 5421 1358 5484 vir
1375 5432 1509 5504 quanto
1525 5419 1631 5486 fuerit
1646 5423 1790 5507 ingenio
1807 5435 1843 5488 et
1859 5424 1910 5488 in·
