4178 6196
935 495 978 505 —
1022 458 1143 521 XLVI
1187 494 1230 506 -

344 684 432 747 Cum
456 684 565 766 igitur
587 684 622 745 in
639 683 812 746 Bohemia
835 684 1011 764 quaedam
1034 683 1167 745 ordinis
1190 683 1360 765 reliquiae
1383 694 1571 765 restarent,
1595 683 1785 749 infinibus
1812 686 1954 768 imperii

210 823 412 905 Hungarici
435 824 522 885 ordo
546 824 592 885 ad
615 832 756 903 tempus
780 822 923 904 penitus
947 822 1145 885 exstinctus
1169 830 1234 886 est.
1280 821 1521 904 Benedictini,
1546 825 1710 903 quamvis
1732 825 1837 888 bellis
1861 826 1953 888 Tur-

214 962 298 1026 cicis
321 982 452 1044 magno
476 981 594 1044 opere·
606 961 777 1025 labefacti
799 970 929 1042 essent,
953 972 1073 1023 tamen
1088 960 1235 1023 abbatia
1250 961 1384 1023 Montis
1400 960 1607 1024 Pannoniae
1632 962 1724 1025 duce
1740 962 1811 1025 iam
1830 983 1952 1026 mona·

213 1101 359 1164 sterium
374 1101 629 1183 Tymaviense,
645 1100 847 1182 Modrense,
864 1099 1149 1163 Comaromiense
1166 1098 1354 1162 restituere
1370 1109 1574 1181 coeperant,
1599 1119 1678 1162 cum
1696 1111 1858 1164 extremo
1882 1104 1952 1165 hoc

213 1241 357 1304 saeculo
380 1241 505 1302 horum
530 1249 720 1302 conatuum
743 1238 823 1301 finis
847 1249 902 1302 est
924 1237 1052 1302 factus.

342 1378 539 1461 Postquam
562 1378 632 1441 iam
661 1381 738 1456 1782
763 1385 849 1440 vota
872 1377 1056 1439 sollemnia
1085 1374 1162 1439 fieri
1190 1385 1226 1438 et
1254 1380 1333 1455 1783
1360 1375 1558 1439 novitiosos
1584 1376 1703 1459 excipi
1732 1378 1953 1459 prohibitum

213 1525 277 1599 est,
305 1520 385 1596 1786
409 1516 664 1598 archiabbatia,
687 1516 793 1579 Mons
816 1515 1032 1596 Pannoniae,
1056 1516 1230 1596 obpressa
1254 1524 1309 1577 est
1332 1524 1368 1577 et
1392 1534 1472 1577 cum
1495 1535 1538 1577 ea
1561 1515 1729 1579 abbatiae
1746 1535 1773 1579 s
1791 1516 1953 1581 Mauritii

213 1655 336 1737 Beelii,
360 1657 394 1720 b.
418 1655 555 1718 Mariae
578 1654 769 1736 deiilkii,
794 1673 822 1717 s,
846 1654 980 1716 Aniani
1003 1655 1047 1717 de
1070 1654 1195 1735 Tihan,
1219 1673 1246 1716 s
1270 1653 1422 1715 Adriani
1452 1663 1488 1716 et
1516 1655 1732 1717 monasteria
1754 1656 1788 1718 b.
1814 1656 1953 1719 Mariae

211 1794 414 1875 Deakense,
431 1793 686 1876 Tyrnaviense,
703 1793 904 1874 Modrense,
922 1792 1208 1856 Comaromiense
1224 1795 1257 1874 ¹).
1301 1792 1404 1858 Szala
1421 1801 1458 1855 et
1472 1792 1637 1855 Telkium
1656 1794 1825 1858 abbatiae
1842 1796 1953 1878 solae,

212 1953 291 1996 cum
314 1933 530 1996 monasterio
548 1931 772 1996 Gottvicensi
796 1942 832 1994 et
848 1930 991 1996 Scotico
1014 1932 1177 1995 adiectae
1201 1941 1332 2014 essent,
1356 1941 1555 2013 temporum
1572 1931 1717 1994 iniurias
1736 1931 1952 2016 effugerunt.

212 2071 299 2134 Cum
323 2071 496 2153 Iosephus
519 2072 563 2135 II.
599 2091 681 2149 1790
710 2080 869 2133 mortuus
901 2080 1015 2152 esset,
1048 2079 1084 2133 et
1107 2070 1312 2152 Leopoldus
1334 2070 1378 2132 ΙΙ.
1411 2068 1524 2133 frater
1547 2071 1593 2132 ad
1616 2070 1803 2151 imperium
1829 2091 1952 2135 acces-

212 2209 337 2291 sisset,
369 2209 583 2272 monasteria
615 2210 758 2291 quidem
789 2207 924 2271 aboleri
955 2207 1071 2271 desita
1101 2218 1200 2282 sunt;
1233 2227 1349 2289 neque
1379 2219 1499 2270 tamen
1523 2210 1719 2291 abrogatae
1743 2219 1826 2271 sunt
1849 2211 1952 2293 leges

211 2367 360 2411 severae
384 2356 508 2411 contra
531 2367 574 2410 ea
597 2348 702 2410 latae.
748 2347 908 2410 Tandem
938 2366 995 2409 res
1025 2347 1061 2409 in
1090 2346 1273 2409 laetiorem
1303 2357 1436 2410 statum
1464 2357 1601 2410 mutata
1632 2357 1703 2430 est,
1736 2367 1816 2411 cum
1840 2349 1952 2413 Fran·

212 2486 327 2550 ciscus
355 2488 410 2568 II.,
442 2487 614 2568 Leopoldi
644 2485 751 2566 filius,
782 2505 931 2567 regnum
962 2485 1116 2567 adeptus
1147 2494 1253 2549 esset.
1295 2486 1331 2548 Is
1362 2485 1456 2548 enim
1488 2486 1803 2550 Benedictinorum
1835 2489 1950 2551 ordini

211 2625 368 2690 favebat.
399 2626 607 2707 Propterea,
631 2635 808 2689 uteorum
824 2643 989 2686 numerus
1006 2634 1208 2707 augeretur,
1225 2622 1396 2705 permisit,
1420 2634 1460 2687 ut
1475 2635 1562 2687 vota
1578 2626 1762 2688 sollemnia
1778 2625 1950 2691 vicesimo

212 2765 325 2846 primo
348 2765 478 2827 aetatis
502 2785 595 2827 anno
618 2763 695 2827 fieri
716 2765 852 2828 liceret.
883 2764 983 2827 Idem
1007 2763 1222 2827 monasterio
1239 2763 1467 2826 Lambertino
1490 2762 1650 2846 pristinis
1667 2763 1792 2827 incolis
1808 2765 1951 2829 reddito

210 2903 246 2966 in
268 2903 456 2986 Hungaria
480 2923 623 2985 quoque
647 2903 806 2965 ordinem
830 2902 985 2966 restituit
1001 2904 1036 2983 ²).
1097 2914 1103 2924 ·

340 3029 616 3127 Chiysostomus
636 3042 730 3106 enim
746 3043 860 3104 abbas
877 3043 921 3104 de
937 3041 1035 3125 Beel,
1060 3043 1121 3124 qui
1136 3042 1282 3105 abbatia
1298 3062 1362 3105 sua
1379 3040 1553 3107 dissoluta
1576 3051 1725 3125 propter
1747 3042 1947 3106 doctrinam

211 3182 394 3267 ,superior
416 3182 598 3245 districtus
625 3181 772 3244 literarii
796 3181 1189 3264 Quinqueecclesiensis
1218 3182 1415 3246 studiorum
1445 3182 1600 3246 director
1627 3181 1695 3245 fuit
1724 3181 1947 3245 nominatus“

208 3322 328 3385 multis
351 3320 614 3403 impedimentis
644 3321 823 3402 superatis
852 3322 997 3384 tandem
1028 3341 1050 3383 a
1076 3320 1269 3385 Francisco
1299 3321 1513 3403 imperatore
1542 3327 1619 3383 1802
1657 3320 1876 3402 impetravit,
1908 3329 1949 3383 ut

207 3461 314 3524 Mons
337 3461 544 3524 Pannoniae
569 3459 603 3522 in
628 3459 805 3541 integrum
828 3458 1078 3522 restitueretur
1101 3479 1180 3522 cum
1204 3461 1367 3522 omnibus
1390 3459 1526 3522 iuribus
1556 3467 1592 3522 et
1617 3459 1824 3540 commodis,
1855 3478 1948 3540 quae

208 3608 314 3662 antea
336 3601 522 3681 habuerat,
547 3597 694 3679 eiusque
718 3597 882 3660 societati
905 3596 1073 3661 abbatiae
1096 3599 1141 3660 de
1157 3599 1255 3680 Beel,
1278 3597 1443 3680 dedlk,
1461 3598 1576 3661 Tihan
1599 3597 1889 3660 adscriberentur
1912 3606 1949 3660 et

207 3739 422 3801 monasteria
445 3738 689 3820 Tymaviense
713 3748 750 3801 et
773 3735 1059 3800 Comaromiense
1082 3738 1325 3808 redderentur,
1349 3737 1399 3799 ita
1423 3745 1552 3817 tamen,
1577 3744 1616 3798 ut
1639 3736 1716 3798 eius
1741 3736 1885 3798 sodales
1909 3736 1945 3797 in

208 3879 331 3940 decem
354 3877 551 3960 gymnasiis
575 3897 701 3955 munus
725 3876 878 3940 docendi
900 3875 1135 3957 susciperent.
1181 3875 1307 3956 Itaque
1330 3876 1426 3938 latus
1451 3894 1598 3957 campus
1628 3884 1775 3956 apertus
1799 3885 1854 3938 est
1876 3873 1946 3937 vir-

207 4015 275 4079 tuti
297 4016 440 4097 ordinis,
465 4036 534 4097 qua
557 4016 678 4097 paullo
701 4024 785 4097 post
807 4034 922 4077 novae
945 4014 1161 4077 residentiae
1190 4024 1229 4077 ut
1252 4014 1477 4095 Iaurinensis,
1512 4011 1774 4094 SoproniensiS,
1809 4011 1947 4095 Strigo-

207 4155 351 4237 niensiS,
376 4154 587 4236 GinsiensiS,
612 4153 788 4235 Papensis
812 4161 1018 4216 exstructae
1043 4162 1125 4216 sunt
1138 4154 1173 4233 ³).

337 4294 453 4357 Etiam
477 4293 731 4357 monasterium
756 4292 1001 4375 Sanpaulense
1026 4312 1072 4355 ex
1095 4292 1206 4374 ruina,
1231 4310 1322 4373 quae
1346 4290 1587 4372 impendebat,
1613 4290 1818 4354 resurrexit.
1857 4288 1945 4353 Cum

207 4433 300 4495 enim
324 4453 370 4495 ex
400 4451 492 4514 pace
515 4431 658 4512 infelici,
682 4451 774 4513 quae
797 4431 890 4494 inter
912 4431 1095 4494 Austriam
1119 4440 1155 4493 et
1179 4428 1332 4493 Galliam
1361 4427 1507 4491 Posonii
1534 4432 1613 4491 1805
1640 4428 1824 4508 convenit,
1855 4428 1946 4492 anti-

207 4571 414 4653 quissimum
438 4571 689 4633 monasterium
713 4570 862 4634 liberum
886 4591 913 4633 s.
937 4570 1049 4633 Blasii
1079 4569 1115 4633 in
1142 4568 1242 4634 Silva
1264 4570 1376 4651 Nigra
1408 4589 1488 4632 cum
1520 4567 1806 4649 possessionibus
1830 4570 1944 4631 archi·

206 4711 351 4773 ducatui
374 4710 532 4774 Badensi
555 4708 774 4772 adtributum
798 4718 904 4791 esset,
928 4710 1041 4771 abbas
1064 4709 1231 4790 princeps
1256 4708 1471 4770 Bertholdus
1491 4707 1637 4769 Rottler
1661 4726 1740 4769 cum
1763 4706 1944 4788 plerisque

206 4848 354 4911 fratrum
390 4853 467 4927 1807
502 4848 537 4910 in
569 4847 753 4911 Austriam
784 4867 823 4910 se
855 4847 1004 4911 contulit
1038 4846 1159 4928 ibique
1193 4847 1345 4928 primum
1377 4845 1628 4908 monasterium
1659 4843 1865 4927 Hospitium
1898 4849 1945 4908 ad

206 4987 314 5068 Pym,
342 4991 422 5066 1809
444 4984 691 5069 Sanpaulense
715 4985 856 5068 accepit
870 4987 905 5067 ⁴).

338 5307 358 5387 1)
382 5311 491 5367 Czinar
514 5311 532 5366 l.
558 5329 584 5366 c.
609 5311 631 5366 1.
725 5307 747 5388 2)
771 5308 858 5366 Wolf
878 5310 896 5365 l.
922 5329 948 5366 c.
993 5305 1016 5386 ³)
1041 5308 1149 5364 Czinar
1172 5307 1190 5363 l.
1215 5327 1241 5364 c.

336 5419 359 5500 4)
383 5420 512 5490 Schroll‚
537 5421 582 5479 St.
607 5423 696 5490 Paul;
722 5422 811 5489 Pritz‚
836 5421 1021 5478 Geschichte
1043 5439 1105 5476 von
1128 5418 1226 5496 Spital
1248 5438 1296 5476 am
1320 5420 1409 5494 Pym.
