4178 6196
859 461 1145 535 -175.-·

132 650 236 714 simul
251 669 397 714 munere
412 649 625 732 professoris
641 650 823 715 doctrinae
839 671 866 713 s.
883 649 962 713 reli-

132 772 249 857 gionis
269 773 305 835 in
325 773 443 856 lyceo,
463 773 531 835 hoc
553 792 647 836 anno
666 773 745 836 loco
766 771 962 836 studiorum

132 895 456 980 philosophicorum
472 905 608 977 aperto,
624 894 766 959 functus
783 905 838 959 est
853 914 962 957 anno-

134 1040 203 1103 que
219 1027 393 1101 sequente
409 1019 445 1081 in
457 1017 596 1081 noviter
611 1008 772 1080 instituto
785 1026 822 1079 et
833 1016 962 1078 abhinc

134 1149 153 1208 8
173 1144 308 1207 classes
332 1140 591 1222 complectente
614 1159 644 1204 c.
660 1159 687 1202 r.
707 1137 894 1222 gymnasio
916 1137 963 1200 ad

134 1264 263 1330 Scotos
289 1264 418 1326 iterum
440 1262 654 1345 professoris
678 1261 860 1325 doctrinae
883 1260 963 1323 reli-

133 1387 250 1471 gionis
277 1394 314 1448 et
339 1385 507 1449 historiae
535 1405 600 1449 nec
627 1405 697 1448 non
725 1382 963 1447 exhortatoris

134 1520 256 1592 partes
284 1507 458 1589 suscepit,
486 1527 574 1589 quas
597 1527 710 1588 usque
734 1508 780 1570 ad
806 1524 963 1569 mensem

134 1632 197 1696 Iul.
223 1635 305 1712 1878
330 1630 477 1714 egregie
503 1629 750 1711 cumulateque
774 1627 962 1711 praestitit.

135 1753 222 1819 Cum
238 1755 375 1817 interea
391 1771 484 1815 anno
505 1756 582 1814 1852
605 1750 825 1814 archivarius
844 1769 964 1813 mona-

135 1876 234 1942 sterii
249 1875 460 1958 designatus
477 1882 513 1936 et
529 1893 621 1936 anno
642 1876 722 1935 1856
739 1871 833 1954 patri
849 1890 964 1934 came·

134 1991 226 2054 rario
246 2009 311 2072 pro
332 1986 498 2052 curandis
518 1988 625 2049 rebus
646 1985 851 2050 domesticis
868 1993 965 2048 esset

136 2105 333 2185 adiunctuS,
349 2121 442 2166 anno
459 2105 540 2181 1878
554 2100 692 2164 culinae
705 2119 846 2182 quoque
863 2118 964 2180 prae·

135 2226 250 2289 fectus
277 2235 332 2287 est
355 2223 556 2287 nominatus
584 2222 741 2303 nihilque
764 2221 799 2284 in
825 2221 868 2284 iis
891 2241 964 2284 mu·

135 2347 280 2411 neribus
296 2345 463 2429 gerendis
481 2343 599 2416 officii,
615 2343 663 2406 nil
681 2343 888 2426 diligentiae
904 2343 965 2405 de·

136 2469 286 2538 siderari
297 2467 441 2550 patitur.
454 2466 607 2547 Insuper
618 2464 803 2528 celsissimi
815 2463 963 2546 princip.

136 2591 291 2673 archiep.
307 2589 434 2652 Vienn.
457 2587 648 2651 consiliarii
671 2586 846 2670 dignitate
872 2605 965 2649 anno

140 2718 219 2795 1878
235 2722 292 2776 est
306 2710 507 2794 insignitus.

224 2825 338 2911 Typis
355 2823 550 2887 mandavit:

223 2945 246 3001 I.
271 2941 367 3000 Stand
390 2940 444 2997 der
467 2936 692 2998 WissenschaIt
715 2941 743 2995 in
766 2941 857 2997 Wien
880 2952 966 2996 unter

138 3051 246 3108 Kaiser
261 3046 443 3105 Maximilian
459 3045 481 3102 1.
499 3040 569 3121 (1.6.
585 3044 768 3100 Litterarum
784 3043 883 3100 studia
894 3020 966 3101 Vin·

137 3151 277 3212 dobonae
298 3162 444 3225 regnante
464 3147 711 3204 Maximilianol.
735 3145 836 3226 culta.)
859 3149 966 3223 Progr.

139 3258 286 3336 gymnasii
303 3254 341 3313 ad
356 3253 469 3311 Scotos
484 3271 542 3330 pro
559 3271 637 3310 anno
657 3251 747 3325 1853.

223 3363 261 3419 II.
270 3359 378 3418 Abriss
391 3361 475 3416 einer
483 3357 667 3416 Geschichte
680 3357 734 3414 der
743 3357 967 3414 BenedictIner-

135 3466 225 3525 Abtei
241 3467 278 3525 U.
295 3467 331 3523 L.
347 3466 382 3522 F.
406 3483 442 3520 zu
465 3463 523 3520 den
547 3461 693 3527 Schotten
717 3464 746 3519 in
767 3462 867 3520 Wien.
892 3458 922 3540 (1.
940 3482 966 3520 6.

137 3572 273 3629 Historia
293 3570 465 3627 monasterii
486 3567 746 3624 BenedictInorum
766 3568 799 3624 B.
816 3568 856 3624 M.
872 3567 909 3625 V.
930 3567 967 3625 ad

138 3675 250 3734 Scotos
265 3671 420 3752 Viennae.)
446 3688 457 3729 1
477 3673 537 3730 vol.
555 3677 598 3746 4⁰.
614 3672 759 3739 Viennae,
781 3669 871 3744 1858,
889 3673 968 3748 typis

138 3797 282 3855 congreg.
298 3777 419 3834 Mechit.
436 3791 544 3852 sumpt.
562 3777 735 3833 monasterii
750 3775 788 3832 ad
805 3774 927 3845 Scotos.

223 3884 276 3940 III.
286 3880 449 3940 Urkunden
460 3878 833 3938 derssenedictiner-Abtei
844 3898 969 3937 unserer

139 3988 238 4047 lieben
253 3988 334 4043 Frau
350 4006 386 4042 zu
402 3985 459 4041 den
472 3982 620 4042 Schotten
636 3987 664 4041 in
677 3985 776 4053 Wien,
793 4005 863 4042 vom
878 3984 968 4063 Jahre

143 4090 364 4168 1158—1418.
381 4087 411 4168 (i.
429 4108 455 4146 6.
472 4089 656 4146 Litterarum
672 4102 873 4158 monumenta,
891 4106 969 4163 quae

138 4200 289 4275 pertinent
315 4195 353 4252 ad
380 4195 593 4252 monasterium
617 4194 650 4250 B.
671 4195 710 4251 M.
734 4194 770 4251 V.
795 4193 833 4250 ad
857 4191 969 4250 Scotos

138 4304 273 4362 Viennae
297 4301 366 4358 Inde
389 4299 428 4357 ab
448 4318 526 4357 anno
548 4295 780 4377 1158-1418.)
808 4298 900 4355 11101.
925 4296 968 4354 8⁰.

138 4407 282 4474 Viennae,
297 4404 388 4479 1859,
406 4406 485 4481 typis
498 4424 523 4461 c.
537 4424 560 4460 r.
574 4403 756 4479 typograph.
770 4402 857 4460 aulic.
883 4403 915 4458 In
930 4402 967 4458 II.

139 4510 230 4568 Abth.
252 4511 362 4569 XVIII.
379 4510 432 4567 Bd.
452 4509 585 4580 ,Fontes
598 4527 698 4566 rerum
710 4506 967 4565 Austriacarum“.

226 4616 277 4673 IV.
302 4614 480 4690 Complures
505 4631 598 4688 porro
619 4613 705 4670 locos
726 4611 863 4687 encyclio
884 4612 968 4669 theo·

141 4721 240 4796 logiae
255 4718 423 4776 catholicae
440 4718 521 4774 dicto
537 4717 871 4789 „Kirchen-I.exic0n“,
888 4716 969 4773 edito

140 4827 319 4901 Brisgoviae
334 4821 372 4879 ab
390 4821 508 4879 Herder
527 4823 556 4877 in
572 4822 669 4897 prima
685 4820 772 4876 huius
787 4821 890 4897 operis
907 4820 969 4876 edi·

141 4931 221 4987 tione
238 4929 372 4986 inseruit.
687 4970 704 5002 ‚

226 5039 459 5114 Hauthaler
485 5048 759 5112 Willibaldus
786 5050 820 5132 (a
847 5067 874 5111 S.
898 5048 969 5111 Pe-

141 5177 203 5232 tro
219 5167 484 5250 Salisburgi),
502 5166 785 5251 Salisburgensis
801 5188 848 5231 ex
860 5167 970 5231 Nuss-

142 5292 230 5375 dorf,
253 5301 359 5356 natus
381 5297 410 5356 5.
426 5293 500 5354 Ian.
521 5296 612 5373 1843,
633 5292 789 5354 novitius
809 5312 857 5356 10.
874 5291 969 5373 Aug.

145 5419 236 5498 1862,
258 5415 451 5478 monachus
472 5413 688 5476 sollemniter
710 5413 894 5494 professus
918 5433 969 5492 ²9·

1042 645 1142 728 Sept.
1162 651 1252 729 1867,
1273 649 1392 729 presb.
1413 647 1596 710 ordinatus
1618 652 1668 712 26.
1690 648 1755 713 Iul.
1780 651 1870 732 1868,

1041 767 1192 850 primum
1208 768 1249 831 in·
1260 789 1344 833 cura
1363 770 1559 865 animarum
1579 770 1614 833 in
1630 770 1794 854 Wieting
1813 789 1871 833 oc·

1041 901 1202 972 cupatus,
1213 891 1294 954 dein
1307 911 1413 955 cursu
1425 893 1593 957 historico
1606 902 1643 956 et
1654 892 1871 976 philologico

1042 1012 1078 1074 in
1101 1012 1195 1075 univ.
1218 1012 1469 1095 Oenipontana
1491 1015 1666 1096 absoluto,
1689 1013 1872 1097 professor

1041 1134 1210 1198 historiae
1237 1135 1273 1198 in
1300 1136 1455 1217 archiep.
1479 1136 1630 1219 collegio
1654 1136 1871 1199 Borromaeo

1043 1257 1257 1321 constitutus
1273 1266 1338 1320 est.
1363 1255 1529 1340 Scripsit:

1129 1383 1152 1440 I.
1177 1384 1240 1439 Das
1261 1381 1376 1450 Leben‚
1397 1384 1572 1460 RegIerung
1592 1385 1652 1442 und
1668 1385 1797 1443 Wandel
1818 1384 1871 1441 des

1043 1486 1319 1562 Hochwiirdigsten
1342 1490 1372 1544 In
1392 1487 1468 1545 Gott
1490 1489 1644 1546 ruhenden
1664 1490 1689 1546 F
1690 1497 1792 1547 iirsten
1812 1487 1872 1544 und

1043 1591 1144 1647 Herrn
1168 1591 1266 1648 Herrn
1290 1591 1386 1648 Wolff
1407 1593 1595 1664 Dietrichen,
1619 1607 1774 1669 gewesten
1797 1595 1872 1651 Erz·

1042 1693 1209 1752 bischoven
1240 1716 1275 1752 zu
1303 1694 1454 1772 Salzburg
1480 1711 1539 1755 etc.
1567 1712 1635 1766 etc„
1666 1717 1726 1756 von
1755 1700 1872 1777 Johann

1044 1797 1250 1868 Stainhauser,
1272 1802 1324 1857 mit
1340 1803 1423 1858 einer
1439 1802 1614 1877 Einleitung
1634 1801 1722 1861 nebst
1742 1805 1872 1861 chrono-

1043 1903 1195 1979 logischer
1211 1904 1560 1980 Regesten·Uebersicht
1581 1908 1641 1965 und
1657 1910 1752 1965 61116111
1768 1909 1872 1985 alpha·

1042 2006 1199 2066 betischen
1216 2010 1365 2084 Register.
1383 2006 1413 2088 (i.
1426 2029 1453 2067 6.
1471 2011 1645 2088 Descriptio
1657 2014 1737 2069 vitae
1750 2025 1780 2069 et
1792 2013 1873 2087 regi-

1043 2115 1130 2170 minis
1152 2115 1297 2189 prinpris
1312 2115 1464 2189 quondam
1481 2116 1704 2193 archiepiscopi
1720 2115 1874 2174 Salisbur-

1042 2216 1404 2298 gensisWolIDietrich.)
1417 2217 1576 2296 salzburg,
1590 2223 1671 2298 typis
1680 2221 1767 2278 Endl.
1782 2219 1873 2294 1874.

1044 2320 1086 2378 8⁰.
1100 2340 1129 2396 p.
1145 2335 1213 2395 140.
1227 2321 1317 2379 Vide:
1331 2323 1559 2400 Mittheilungen
1571 2324 1626 2382 der
1637 2323 1841 2383 Gesellschalt
1853 2323 1873 2384 I.

1043 2422 1228 2500 Salzburger
1244 2425 1476 2484 Laudeskunde.
1497 2430 1580 2486 XIII.
1597 2429 1649 2486 Bd.
1666 2450 1696 2506 p.
1714 2443 1873 2504 29—140.

1131 2530 1169 2588 II.
1186 2531 1350 2605 Fragment
1366 2533 1450 2588 eines
1465 2533 1544 2589 alten
1560 2533 1744 2609 salzburger
1759 2536 1874 2592 Necro-

1043 2635 1183 2710 logiums.
1208 2632 1237 2714 (i.
1255 2655 1281 2693 e.
1303 2609 1517 2712 Fragmentum
1538 2639 1705 2713 necrologii
1721 2638 1874 2696 Salisbur-

1045 2738 1170 2816 gensis.)
1196 2740 1288 2798 Vide:
1315 2741 1427 2798 Archiv
1455 2740 1502 2798 1111
1530 2743 1784 2800 dsterreichische
1811 2743 1874 2800 Ge·

1045 2845 1189 2902 schichte.
1212 2844 1301 2919 1875.
1318 2846 1399 2903 LIII.
1416 2866 1445 2922 p.
1464 2846 1644 2920 245—258.

1061 2971 1064 2975 ·
1125 2950 1185 3006 ·111.
1212 2948 1433 3025 Abstammung
1460 2951 1519 3008 und
1545 2951 1670 3009 nichste
1697 2951 1874 3009 Verwandt·

1046 3054 1144 3111 schaIt
1155 3055 1210 3111 des
1223 3053 1419 3113 Erzbischoss
1427 3054 1585 3113 Eberhard
1595 3057 1633 3113 ΙΙ.
1646 3075 1706 3113 von
1715 3055 1873 3132 Salzburg.

1046 3154 1076 3236 (i.
1093 3177 1119 3215 6.
1137 3159 1184 3214 De
1200 3160 1318 3234 origine
1334 3172 1364 3216 et
1380 3161 1562 3234 cognatione
1579 3161 1800 3237 archiepiscopi
1816 3159 1874 3219 Sa·

1046 3260 1244 3338 lisburgensis
1256 3261 1425 3321 Eberhardi
1434 3263 1483 3343 11.)
1496 3263 1654 3339 Salzburg.
1668 3266 1701 3321 In
1714 3283 1875 3340 program-

1047 3381 1126 3424 mate
1152 3368 1272 3443 collegii
1297 3368 1482 3436 Borromaei,
1511 3365 1601 3443 1876.
1626 3367 1668 3426 8⁰.
1693 3388 1723 3446 p.
1744 3385 1795 3444 44.
1817 3356 1877 3427 Im·

1047 3491 1184 3549 pressum
1208 3491 1332 3548 quoque
1356 3474 1385 3529 in
1405 3473 1633 3549 Mittheilungen
1657 3474 1712 3531 der
1732 3474 1807 3533 Ges.
1829 3475 1876 3532 1111

1047 3577 1231 3654 Salzburger
1240 3577 1462 3635 Landeskunde
1471 3574 1578 3660 (1876)
1586 3580 1667 3648 XVI,
1678 3600 1707 3657 p.
1715 3579 1876 3655 86-129.

1133 3691 1248 3764 Heer
1266 3701 1483 3765 Rustenus
1508 3700 1875 3789 (San-Blasianus),

1048 3829 1152 3883 natus
1176 3828 1232 3883 est
1255 3819 1464 3902 Clingoviae
1491 3821 1527 3884 in
1549 3822 1718 3886 Helvetia
1742 3823 1800 3887 die
1828 3845 1875 3903 19.

1048 3943 1253 4024 Apr.1715;
1276 3942 1310 4005 in
1327 3961 1354 4007 s.
1370 3942 1492 4008 Blasio
1516 3965 1538 4008 a
1561 3947 1680 4028 pueris
1704 3947 1877 4008 educatus

1049 4073 1085 4127 et
1107 4064 1143 4128 in
1165 4065 1292 4128 litteris
1309 4064 1416 4129 etiam
1439 4067 1694 4148 philosophicis
1719 4076 1755 4130 et
1777 4068 1877 4131 theo-

1048 4187 1175 4270 logicis
1199 4187 1405 4270 instructus,
1433 4208 1526 4251 anno
1554 4194 1632 4269 1733
1661 4188 1877 4251 sollemniter

1048 4310 1241 4394 professus,
1267 4330 1359 4374 anno
1385 4316 1464 4391 1738
1486 4311 1687 4374 sacerdotio
1707 4311 1877 4394 initiatuS,

1049 4434 1203 4497 studium
1226 4433 1422 4522 litterarum
1445 4433 1677 4516 continuavit,
1703 4433 1737 4495 in
1754 4433 1877 4515 primis

1049 4576 1128 4620 cum
1151 4558 1198 4619 ab
1221 4575 1314 4619 anno
1342 4574 1423 4635 1740
1445 4555 1705 4619 bibliothecarii
1732 4574 1876 4618 munere

1047 4678 1265 4762 fungeretur.
1290 4677 1449 4759 Cumque
1470 4679 1583 4740 abbas
1603 4676 1814 4740 Franciscus
1831 4676 1875 4739 11.

1048 4820 1122 4864 rem
1137 4800 1344 4863 litterariam
1357 4821 1384 4862 s.
1397 4799 1509 4863 Blasii
1526 4800 1668 4864 condito
1684 4819 1706 4861 a
1722 4818 1762 4862 se
1778 4819 1877 4861 num·

1048 4923 1272 5006 mophylacio
1293 4923 1462 5005 auxisset,
1485 4922 1525 4986 P.
1547 4923 1733 4985 Rustenus
1757 4920 1877 4985 studio

1048 5044 1329 5108 nummismatico
1342 5053 1378 5107 et
1390 5043 1589 5125 antiquario
1601 5054 1744 5107 strenue
1760 5064 1799 5108 se
1815 5043 1879 5107 im·

1049 5167 1183 5251 pendit,
1194 5177 1230 5229 et
1242 5186 1363 5230 omnes
1372 5185 1532 5229 nummos
1544 5175 1618 5229 tam
1626 5167 1759 5229 veteris
1771 5186 1877 5248 quam

1050 5288 1257 5353 recentioris
1272 5288 1353 5351 aevi
1370 5288 1580 5371 conscripsit
1596 5299 1632 5353 et
1648 5289 1785 5352 erudite
1802 5289 1878 5352 illu·

1051 5411 1187 5478 stravit.
1211 5412 1270 5474 Ad
1287 5411 1460 5475 vindicias
1476 5422 1636 5476 actorum
1648 5411 1877 5494 Murensium,
