<?xml version="1.0" encoding="UTF-8"?>
<!DOCTYPE html PUBLIC "-//W3C//DTD XHTML 1.0 Transitional//EN"
    "http://www.w3.org/TR/xhtml1/DTD/xhtml1-transitional.dtd">
<html xmlns="http://www.w3.org/1999/xhtml" xml:lang="en" lang="en">
 <head>
  <title>
</title>
<meta http-equiv="Content-Type" content="text/html;charset=utf-8" />
  <meta name='ocr-system' content='tesseract 3.04.00' />
  <meta name='ocr-capabilities' content='ocr_page ocr_carea ocr_par ocr_line ocrx_word'/>
</head>
<body>
  <div class='ocr_page' id='page_1' title='image "./scriptoresordin00austgoog_0247.png"; bbox 0 0 4178 6196; ppageno 0'>
   <div class='ocr_carea' id='block_1_1' title="bbox 938 418 1219 487">
    <p class='ocr_par' dir='ltr' id='par_1_1' title="bbox 938 418 1219 487">
     <span class='ocr_line' id='line_1_1' title="bbox 938 418 1219 487; baseline -0.007 0"><span class='ocrx_word' id='word_1_1' title='bbox 938 446 998 466; x_wconf 93' lang='lat'><strong>—·</strong></span> <span class='ocrx_word' id='word_1_2' title='bbox 1045 418 1114 487; x_wconf 89' lang='lat'><strong>118</strong></span> <span class='ocrx_word' id='word_1_3' title='bbox 1171 458 1219 467; x_wconf 94' lang='lat'><em>-</em></span> 
     </span>
    </p>
   </div>
   <div class='ocr_carea' id='block_1_2' title="bbox 201 619 1035 2662">
    <p class='ocr_par' dir='ltr' id='par_1_2' title="bbox 201 619 1035 2662">
     <span class='ocr_line' id='line_1_2' title="bbox 203 619 1034 701; baseline 0 -17"><span class='ocrx_word' id='word_1_4' title='bbox 203 621 343 701; x_wconf 88' lang='lat' dir='ltr'><strong>accidit,</strong></span> <span class='ocrx_word' id='word_1_5' title='bbox 364 630 403 683; x_wconf 92' lang='lat' dir='ltr'><strong>ut</strong></span> <span class='ocrx_word' id='word_1_6' title='bbox 423 619 460 683; x_wconf 92' lang='lat' dir='ltr'><strong>in</strong></span> <span class='ocrx_word' id='word_1_7' title='bbox 485 619 573 701; x_wconf 92' lang='lat' dir='ltr'><strong>ipsis</strong></span> <span class='ocrx_word' id='word_1_8' title='bbox 595 619 697 682; x_wconf 87' lang='lat' dir='ltr'><strong>annis</strong></span> <span class='ocrx_word' id='word_1_9' title='bbox 718 640 794 700; x_wconf 93' lang='grc'>1771</span> <span class='ocrx_word' id='word_1_10' title='bbox 822 630 859 684; x_wconf 93' lang='lat' dir='ltr'><strong>et</strong></span> <span class='ocrx_word' id='word_1_11' title='bbox 886 641 964 701; x_wconf 86' lang='lat'>1772</span> <span class='ocrx_word' id='word_1_12' title='bbox 988 624 1034 684; x_wconf 93' lang='lat' dir='ltr'><strong>ob</strong></span> 
     </span>
     <span class='ocr_line' id='line_1_3' title="bbox 204 742 1035 826; baseline 0 -20"><span class='ocrx_word' id='word_1_13' title='bbox 204 762 365 806; x_wconf 89' lang='lat' dir='ltr'><strong>annonae</strong></span> <span class='ocrx_word' id='word_1_14' title='bbox 397 742 581 805; x_wconf 88' lang='lat' dir='ltr'><strong>caritatem</strong></span> <span class='ocrx_word' id='word_1_15' title='bbox 611 742 733 825; x_wconf 82' lang='lat' dir='ltr'><strong>fruges</strong></span> <span class='ocrx_word' id='word_1_16' title='bbox 764 743 905 806; x_wconf 89' lang='lat' dir='ltr'><strong>insolito</strong></span> <span class='ocrx_word' id='word_1_17' title='bbox 937 765 1035 826; x_wconf 92' lang='lat' dir='ltr'><strong>pror-</strong></span> 
     </span>
     <span class='ocr_line' id='line_1_4' title="bbox 203 866 1034 947; baseline 0.001 -18"><span class='ocrx_word' id='word_1_18' title='bbox 203 887 263 929; x_wconf 90' lang='lat' dir='ltr'><strong>sus</strong></span> <span class='ocrx_word' id='word_1_19' title='bbox 278 866 395 945; x_wconf 90' lang='lat' dir='ltr'><strong>pretio</strong></span> <span class='ocrx_word' id='word_1_20' title='bbox 411 875 625 946; x_wconf 82' lang='lat' dir='ltr'>constarent,</span> <span class='ocrx_word' id='word_1_21' title='bbox 648 875 684 928; x_wconf 91' lang='lat' dir='ltr'><strong>et</strong></span> <span class='ocrx_word' id='word_1_22' title='bbox 704 866 857 947; x_wconf 90' lang='lat' dir='ltr'><strong>operarii</strong></span> <span class='ocrx_word' id='word_1_23' title='bbox 877 876 931 930; x_wconf 92' lang='lat' dir='ltr'><strong>tot</strong></span> <span class='ocrx_word' id='word_1_24' title='bbox 946 887 1034 930; x_wconf 90' lang='lat' dir='ltr'><strong>mer·</strong></span> 
     </span>
     <span class='ocr_line' id='line_1_5' title="bbox 205 987 1034 1072; baseline 0.001 -21"><span class='ocrx_word' id='word_1_25' title='bbox 205 989 329 1051; x_wconf 91' lang='lat' dir='ltr'><strong>cedem</strong></span> <span class='ocrx_word' id='word_1_26' title='bbox 365 987 469 1050; x_wconf 91' lang='lat' dir='ltr'><strong>solito</strong></span> <span class='ocrx_word' id='word_1_27' title='bbox 505 987 674 1050; x_wconf 90' lang='lat' dir='ltr'><strong>maiorem</strong></span> <span class='ocrx_word' id='word_1_28' title='bbox 708 987 800 1051; x_wconf 90' lang='lat' dir='ltr'><strong>iuste</strong></span> <span class='ocrx_word' id='word_1_29' title='bbox 838 989 1034 1072; x_wconf 84' lang='lat' dir='ltr'><strong>exigerent.</strong></span> 
     </span>
     <span class='ocr_line' id='line_1_6' title="bbox 204 1109 1034 1192; baseline 0.001 -19"><span class='ocrx_word' id='word_1_30' title='bbox 204 1109 305 1192; x_wconf 82' lang='lat' dir='ltr'><strong>Quae</strong></span> <span class='ocrx_word' id='word_1_31' title='bbox 321 1119 441 1172; x_wconf 91' lang='lat' dir='ltr'><strong>tamen</strong></span> <span class='ocrx_word' id='word_1_32' title='bbox 457 1109 574 1172; x_wconf 89' lang='lat' dir='ltr'><strong>omnia</strong></span> <span class='ocrx_word' id='word_1_33' title='bbox 596 1110 749 1173; x_wconf 91' lang='lat' dir='ltr'><strong>animum</strong></span> <span class='ocrx_word' id='word_1_34' title='bbox 769 1111 912 1174; x_wconf 88' lang='lat' dir='ltr'><strong>abbatis</strong></span> <span class='ocrx_word' id='word_1_35' title='bbox 935 1112 1034 1174; x_wconf 91' lang='lat' dir='ltr'><strong>mini-</strong></span> 
     </span>
     <span class='ocr_line' id='line_1_7' title="bbox 203 1232 1034 1315; baseline 0.001 -20"><span class='ocrx_word' id='word_1_36' title='bbox 203 1252 259 1295; x_wconf 89' lang='lat' dir='ltr'><strong>me</strong></span> <span class='ocrx_word' id='word_1_37' title='bbox 283 1233 501 1314; x_wconf 89' lang='lat' dir='ltr'><strong>deiecerunt,</strong></span> <span class='ocrx_word' id='word_1_38' title='bbox 527 1232 612 1314; x_wconf 92' lang='lat' dir='ltr'><strong>quin</strong></span> <span class='ocrx_word' id='word_1_39' title='bbox 635 1252 810 1315; x_wconf 88' lang='lat' dir='ltr'><strong>generoso</strong></span> <span class='ocrx_word' id='word_1_40' title='bbox 836 1253 924 1296; x_wconf 91' lang='lat' dir='ltr'><strong>ausu</strong></span> <span class='ocrx_word' id='word_1_41' title='bbox 947 1244 1034 1296; x_wconf 91' lang='lat' dir='ltr'><strong>tem-</strong></span> 
     </span>
     <span class='ocr_line' id='line_1_8' title="bbox 204 1355 1034 1438; baseline 0.002 -21"><span class='ocrx_word' id='word_1_42' title='bbox 204 1356 300 1437; x_wconf 94' lang='lat' dir='ltr'><strong>plum</strong></span> <span class='ocrx_word' id='word_1_43' title='bbox 317 1355 405 1418; x_wconf 90' lang='lat' dir='ltr'><strong>satis</strong></span> <span class='ocrx_word' id='word_1_44' title='bbox 421 1356 577 1437; x_wconf 89' lang='lat' dir='ltr'><strong>amplum</strong></span> <span class='ocrx_word' id='word_1_45' title='bbox 594 1363 631 1417; x_wconf 91' lang='lat' dir='ltr'><strong>et</strong></span> <span class='ocrx_word' id='word_1_46' title='bbox 646 1366 836 1438; x_wconf 86' lang='lat' dir='ltr'><strong>augustum</strong></span> <span class='ocrx_word' id='word_1_47' title='bbox 853 1358 898 1419; x_wconf 89' lang='lat' dir='ltr'><strong>ad</strong></span> <span class='ocrx_word' id='word_1_48' title='bbox 915 1376 1034 1419; x_wconf 91' lang='lat' dir='ltr'><strong>exem-</strong></span> 
     </span>
     <span class='ocr_line' id='line_1_9' title="bbox 203 1478 1034 1561; baseline 0.002 -21"><span class='ocrx_word' id='word_1_49' title='bbox 203 1479 281 1561; x_wconf 91' lang='lat' dir='ltr'><strong>plar</strong></span> <span class='ocrx_word' id='word_1_50' title='bbox 296 1478 432 1542; x_wconf 91' lang='lat' dir='ltr'><strong>Mariae</strong></span> <span class='ocrx_word' id='word_1_51' title='bbox 450 1479 543 1540; x_wconf 91' lang='lat' dir='ltr'><strong>della</strong></span> <span class='ocrx_word' id='word_1_52' title='bbox 558 1480 711 1541; x_wconf 88' lang='lat' dir='ltr'><strong>rotunda</strong></span> <span class='ocrx_word' id='word_1_53' title='bbox 726 1478 867 1542; x_wconf 91' lang='lat' dir='ltr'><strong>Romae</strong></span> <span class='ocrx_word' id='word_1_54' title='bbox 884 1499 930 1542; x_wconf 86' lang='lat' dir='ltr'><strong>ex</strong></span> <span class='ocrx_word' id='word_1_55' title='bbox 945 1481 1034 1561; x_wconf 87' lang='lat' dir='ltr'><strong>lapi-</strong></span> 
     </span>
     <span class='ocr_line' id='line_1_10' title="bbox 204 1600 1033 1683; baseline 0 -18"><span class='ocrx_word' id='word_1_56' title='bbox 204 1602 307 1665; x_wconf 89' lang='lat' dir='ltr'>dibus</span> <span class='ocrx_word' id='word_1_57' title='bbox 328 1601 472 1683; x_wconf 90' lang='lat' dir='ltr'><strong>quadris</strong></span> <span class='ocrx_word' id='word_1_58' title='bbox 488 1602 567 1663; x_wconf 90' lang='lat' dir='ltr'><strong>Deo</strong></span> <span class='ocrx_word' id='word_1_59' title='bbox 587 1609 771 1664; x_wconf 79' lang='lat' dir='ltr'><strong>exstruere</strong></span> <span class='ocrx_word' id='word_1_60' title='bbox 787 1601 932 1683; x_wconf 82' lang='lat' dir='ltr'><strong>incepit.</strong></span> <span class='ocrx_word' id='word_1_61' title='bbox 953 1600 1033 1683; x_wconf 82' lang='lat' dir='ltr'><strong>Quo</strong></span> 
     </span>
     <span class='ocr_line' id='line_1_11' title="bbox 203 1722 1033 1806; baseline 0 -19"><span class='ocrx_word' id='word_1_62' title='bbox 203 1744 288 1788; x_wconf 91' lang='lat' dir='ltr'><strong>vero</strong></span> <span class='ocrx_word' id='word_1_63' title='bbox 312 1724 402 1787; x_wconf 91' lang='lat' dir='ltr'><strong>tanti</strong></span> <span class='ocrx_word' id='word_1_64' title='bbox 423 1723 540 1804; x_wconf 93' lang='lat' dir='ltr'><strong>operis</strong></span> <span class='ocrx_word' id='word_1_65' title='bbox 564 1724 734 1803; x_wconf 91' lang='lat' dir='ltr'><strong>templum</strong></span> <span class='ocrx_word' id='word_1_66' title='bbox 759 1722 853 1786; x_wconf 88' lang='lat' dir='ltr'><strong>intus</strong></span> <span class='ocrx_word' id='word_1_67' title='bbox 877 1723 1033 1806; x_wconf 86' lang='lat' dir='ltr'><strong>forisque</strong></span> 
     </span>
     <span class='ocr_line' id='line_1_12' title="bbox 202 1846 1033 1928; baseline -0.001 -18"><span class='ocrx_word' id='word_1_68' title='bbox 202 1847 296 1911; x_wconf 89' lang='lat' dir='ltr'><strong>omni</strong></span> <span class='ocrx_word' id='word_1_69' title='bbox 318 1867 364 1909; x_wconf 88' lang='lat' dir='ltr'><strong>ex</strong></span> <span class='ocrx_word' id='word_1_70' title='bbox 379 1854 482 1928; x_wconf 88' lang='lat' dir='ltr'><strong>parte</strong></span> <span class='ocrx_word' id='word_1_71' title='bbox 502 1846 668 1907; x_wconf 90' lang='lat' dir='ltr'><strong>redderet</strong></span> <span class='ocrx_word' id='word_1_72' title='bbox 689 1846 900 1927; x_wconf 91' lang='lat' dir='ltr'><strong>absolutum,</strong></span> <span class='ocrx_word' id='word_1_73' title='bbox 922 1847 1033 1909; x_wconf 88' lang='lat' dir='ltr'><strong>archi-</strong></span> 
     </span>
     <span class='ocr_line' id='line_1_13' title="bbox 202 1966 1032 2050; baseline -0.002 -18"><span class='ocrx_word' id='word_1_74' title='bbox 202 1979 318 2034; x_wconf 88' lang='lat' dir='ltr'><strong>tectos</strong></span> <span class='ocrx_word' id='word_1_75' title='bbox 335 1979 371 2031; x_wconf 90' lang='lat' dir='ltr'><strong>et</strong></span> <span class='ocrx_word' id='word_1_76' title='bbox 387 1966 540 2031; x_wconf 90' lang='lat' dir='ltr'><strong>artifices</strong></span> <span class='ocrx_word' id='word_1_77' title='bbox 557 1968 709 2030; x_wconf 83' lang='lat' dir='ltr'><strong>maxime</strong></span> <span class='ocrx_word' id='word_1_78' title='bbox 727 1967 885 2030; x_wconf 89' lang='lat' dir='ltr'><strong>celebres</strong></span> <span class='ocrx_word' id='word_1_79' title='bbox 902 1988 1032 2050; x_wconf 86' lang='lat' dir='ltr'><strong>magno</strong></span> 
     </span>
     <span class='ocr_line' id='line_1_14' title="bbox 203 2091 1033 2175; baseline -0.001 -20"><span class='ocrx_word' id='word_1_80' title='bbox 203 2092 321 2175; x_wconf 90' lang='lat' dir='ltr'><strong>pretio</strong></span> <span class='ocrx_word' id='word_1_81' title='bbox 338 2091 519 2173; x_wconf 88' lang='lat' dir='ltr'><strong>conduxit,</strong></span> <span class='ocrx_word' id='word_1_82' title='bbox 541 2091 576 2153; x_wconf 90' lang='lat' dir='ltr'><strong>in</strong></span> <span class='ocrx_word' id='word_1_83' title='bbox 593 2091 715 2173; x_wconf 91' lang='lat' dir='ltr'><strong>primis</strong></span> <span class='ocrx_word' id='word_1_84' title='bbox 731 2091 906 2154; x_wconf 91' lang='lat' dir='ltr'><strong>consuluit</strong></span> <span class='ocrx_word' id='word_1_85' title='bbox 921 2092 1033 2154; x_wconf 86' lang='lat' dir='ltr'><strong>archi-</strong></span> 
     </span>
     <span class='ocr_line' id='line_1_15' title="bbox 203 2211 1033 2296; baseline -0.002 -19"><span class='ocrx_word' id='word_1_86' title='bbox 203 2222 336 2277; x_wconf 89' lang='lat' dir='ltr'><strong>tectum</strong></span> <span class='ocrx_word' id='word_1_87' title='bbox 360 2211 535 2275; x_wconf 89' lang='lat' dir='ltr'><strong>Gallicum</strong></span> <span class='ocrx_word' id='word_1_88' title='bbox 551 2213 710 2295; x_wconf 88' lang='lat' dir='ltr'><strong>Dynard,</strong></span> <span class='ocrx_word' id='word_1_89' title='bbox 731 2213 791 2295; x_wconf 94' lang='lat' dir='ltr'><strong>qui</strong></span> <span class='ocrx_word' id='word_1_90' title='bbox 812 2222 967 2296; x_wconf 90' lang='lat' dir='ltr'><strong>ectypon</strong></span> <span class='ocrx_word' id='word_1_91' title='bbox 987 2216 1033 2275; x_wconf 91' lang='lat' dir='ltr'><strong>ab</strong></span> 
     </span>
     <span class='ocr_line' id='line_1_16' title="bbox 203 2335 1033 2400; baseline -0.004 0"><span class='ocrx_word' id='word_1_92' title='bbox 203 2336 388 2400; x_wconf 88' lang='lat' dir='ltr'><strong>academia</strong></span> <span class='ocrx_word' id='word_1_93' title='bbox 403 2335 628 2399; x_wconf 82' lang='lat' dir='ltr'><strong>scientiarum</strong></span> <span class='ocrx_word' id='word_1_94' title='bbox 640 2336 833 2399; x_wconf 88' lang='lat' dir='ltr'><strong>Parisiensi</strong></span> <span class='ocrx_word' id='word_1_95' title='bbox 850 2337 1033 2399; x_wconf 86' lang='lat' dir='ltr'><strong>diiudicari</strong></span> 
     </span>
     <span class='ocr_line' id='line_1_17' title="bbox 203 2458 1033 2541; baseline -0.002 -19"><span class='ocrx_word' id='word_1_96' title='bbox 203 2468 239 2522; x_wconf 92' lang='lat' dir='ltr'><strong>et</strong></span> <span class='ocrx_word' id='word_1_97' title='bbox 255 2458 448 2541; x_wconf 89' lang='lat' dir='ltr'><strong>approbari</strong></span> <span class='ocrx_word' id='word_1_98' title='bbox 465 2459 611 2540; x_wconf 90' lang='lat' dir='ltr'><strong>curavit,</strong></span> <span class='ocrx_word' id='word_1_99' title='bbox 629 2469 665 2522; x_wconf 88' lang='lat' dir='ltr'><strong>et</strong></span> <span class='ocrx_word' id='word_1_100' title='bbox 680 2459 776 2521; x_wconf 91' lang='lat' dir='ltr'><strong>illum</strong></span> <span class='ocrx_word' id='word_1_101' title='bbox 789 2459 952 2521; x_wconf 85' lang='lat' dir='ltr'><strong>electoris</strong></span> <span class='ocrx_word' id='word_1_102' title='bbox 964 2458 1033 2520; x_wconf 91' lang='lat' dir='ltr'><strong>Pa-</strong></span> 
     </span>
     <span class='ocr_line' id='line_1_18' title="bbox 201 2580 1033 2662; baseline -0.001 -18"><span class='ocrx_word' id='word_1_103' title='bbox 201 2581 301 2644; x_wconf 87' lang='lat' dir='ltr'><strong>latini</strong></span> <span class='ocrx_word' id='word_1_104' title='bbox 318 2581 353 2643; x_wconf 92' lang='lat' dir='ltr'><strong>in</strong></span> <span class='ocrx_word' id='word_1_105' title='bbox 369 2580 559 2642; x_wconf 91' lang='lat' dir='ltr'><strong>Manheim.</strong></span> <span class='ocrx_word' id='word_1_106' title='bbox 584 2581 629 2643; x_wconf 91' lang='lat' dir='ltr'><strong>Et</strong></span> <span class='ocrx_word' id='word_1_107' title='bbox 644 2581 824 2644; x_wconf 89' lang='lat' dir='ltr'><strong>indefessa</strong></span> <span class='ocrx_word' id='word_1_108' title='bbox 840 2602 923 2644; x_wconf 90' lang='lat' dir='ltr'><strong>cura</strong></span> <span class='ocrx_word' id='word_1_109' title='bbox 939 2581 1033 2662; x_wconf 91' lang='lat' dir='ltr'><strong>prin-</strong></span> 
     </span>
    </p>
   </div>
   <div class='ocr_carea' id='block_1_3' title="bbox 203 2702 1074 2785">
    <p class='ocr_par' dir='ltr' id='par_1_3' title="bbox 203 2702 1074 2785">
     <span class='ocr_line' id='line_1_19' title="bbox 203 2702 1074 2785; baseline -0.003 -18"><span class='ocrx_word' id='word_1_110' title='bbox 203 2704 292 2784; x_wconf 91' lang='lat' dir='ltr'><strong>cipis</strong></span> <span class='ocrx_word' id='word_1_111' title='bbox 315 2702 473 2784; x_wconf 88' lang='lat' dir='ltr'><strong>abbatis,</strong></span> <span class='ocrx_word' id='word_1_112' title='bbox 502 2703 561 2784; x_wconf 91' lang='lat' dir='ltr'><strong>qui</strong></span> <span class='ocrx_word' id='word_1_113' title='bbox 584 2703 658 2766; x_wconf 87' lang='lat' dir='ltr'><strong>fere</strong></span> <span class='ocrx_word' id='word_1_114' title='bbox 683 2704 840 2785; x_wconf 90' lang='lat' dir='ltr'><strong>quotidie</strong></span> <span class='ocrx_word' id='word_1_115' title='bbox 863 2723 1033 2784; x_wconf 84' lang='lat' dir='ltr'><strong>praesens</strong></span> <span class='ocrx_word' id='word_1_116' title='bbox 1071 2704 1074 2723; x_wconf 94' lang='lat'>&#39;</span> 
     </span>
    </p>
   </div>
   <div class='ocr_carea' id='block_1_4' title="bbox 201 2825 1033 3275">
    <p class='ocr_par' dir='ltr' id='par_1_4' title="bbox 201 2825 1033 3275">
     <span class='ocr_line' id='line_1_20' title="bbox 202 2825 1033 2909; baseline -0.002 -21"><span class='ocrx_word' id='word_1_117' title='bbox 202 2825 356 2889; x_wconf 89' lang='lat' dir='ltr'><strong>artifices</strong></span> <span class='ocrx_word' id='word_1_118' title='bbox 378 2835 414 2888; x_wconf 88' lang='lat' dir='ltr'><strong>et</strong></span> <span class='ocrx_word' id='word_1_119' title='bbox 435 2825 615 2907; x_wconf 93' lang='lat' dir='ltr'><strong>operarios</strong></span> <span class='ocrx_word' id='word_1_120' title='bbox 637 2827 683 2888; x_wconf 87' lang='lat' dir='ltr'><strong>ad</strong></span> <span class='ocrx_word' id='word_1_121' title='bbox 705 2826 926 2909; x_wconf 83' lang='lat' dir='ltr'><strong>diligentiam</strong></span> <span class='ocrx_word' id='word_1_122' title='bbox 949 2825 1033 2888; x_wconf 92' lang='lat' dir='ltr'><strong>inci-</strong></span> 
     </span>
     <span class='ocr_line' id='line_1_21' title="bbox 204 2946 1032 3030; baseline -0.002 -19"><span class='ocrx_word' id='word_1_123' title='bbox 204 2950 315 3030; x_wconf 89' lang='lat' dir='ltr'><strong>tabat,</strong></span> <span class='ocrx_word' id='word_1_124' title='bbox 333 2946 498 3011; x_wconf 87' lang='lat' dir='ltr'><strong>effectum</strong></span> <span class='ocrx_word' id='word_1_125' title='bbox 515 2957 579 3029; x_wconf 91' lang='lat' dir='ltr'><strong>est,</strong></span> <span class='ocrx_word' id='word_1_126' title='bbox 596 2956 634 3010; x_wconf 93' lang='lat' dir='ltr'><strong>ut</strong></span> <span class='ocrx_word' id='word_1_127' title='bbox 650 2968 743 3010; x_wconf 89' lang='lat' dir='ltr'><strong>anno</strong></span> <span class='ocrx_word' id='word_1_128' title='bbox 764 2952 842 3028; x_wconf 76' lang='lat'>1783</span> <span class='ocrx_word' id='word_1_129' title='bbox 861 2948 1032 3028; x_wconf 88' lang='lat' dir='ltr'><strong>templum</strong></span> 
     </span>
     <span class='ocr_line' id='line_1_22' title="bbox 202 3068 1033 3152; baseline -0.001 -20"><span class='ocrx_word' id='word_1_130' title='bbox 202 3079 359 3132; x_wconf 91' lang='lat' dir='ltr'><strong>erectum</strong></span> <span class='ocrx_word' id='word_1_131' title='bbox 375 3079 548 3132; x_wconf 90' lang='lat' dir='ltr'><strong>exstaret:</strong></span> <span class='ocrx_word' id='word_1_132' title='bbox 566 3079 602 3132; x_wconf 89' lang='lat' dir='ltr'><strong>et</strong></span> <span class='ocrx_word' id='word_1_133' title='bbox 617 3069 800 3132; x_wconf 86' lang='lat' dir='ltr'><strong>infandum</strong></span> <span class='ocrx_word' id='word_1_134' title='bbox 813 3068 982 3152; x_wconf 87' lang='lat' dir='ltr'><strong>gaudium</strong></span> <span class='ocrx_word' id='word_1_135' title='bbox 997 3078 1033 3131; x_wconf 89' lang='lat' dir='ltr'><strong>et</strong></span> 
     </span>
     <span class='ocr_line' id='line_1_23' title="bbox 201 3191 1033 3275; baseline -0.002 -20"><span class='ocrx_word' id='word_1_136' title='bbox 201 3193 329 3275; x_wconf 85' lang='lat' dir='ltr'><strong>ingens</strong></span> <span class='ocrx_word' id='word_1_137' title='bbox 345 3192 530 3255; x_wconf 87' lang='lat' dir='ltr'><strong>admiratio</strong></span> <span class='ocrx_word' id='word_1_138' title='bbox 547 3212 670 3254; x_wconf 91' lang='lat' dir='ltr'><strong>omnes</strong></span> <span class='ocrx_word' id='word_1_139' title='bbox 685 3191 839 3273; x_wconf 80' lang='lat' dir='ltr'><strong>incessit,</strong></span> <span class='ocrx_word' id='word_1_140' title='bbox 863 3192 922 3272; x_wconf 92' lang='lat' dir='ltr'><strong>qui</strong></span> <span class='ocrx_word' id='word_1_141' title='bbox 945 3201 1033 3254; x_wconf 89' lang='lat' dir='ltr'><strong>tem·</strong></span> 
     </span>
    </p>
   </div>
   <div class='ocr_carea' id='block_1_5' title="bbox 201 3312 1073 3517">
    <p class='ocr_par' dir='ltr' id='par_1_5' title="bbox 201 3312 1073 3517">
     <span class='ocr_line' id='line_1_24' title="bbox 202 3312 1073 3396; baseline -0.001 -20"><span class='ocrx_word' id='word_1_142' title='bbox 202 3315 298 3396; x_wconf 92' lang='lat' dir='ltr'><strong>plum</strong></span> <span class='ocrx_word' id='word_1_143' title='bbox 313 3315 380 3376; x_wconf 95' lang='lat' dir='ltr'><strong>hoc</strong></span> <span class='ocrx_word' id='word_1_144' title='bbox 398 3314 559 3376; x_wconf 91' lang='lat' dir='ltr'><strong>omnibus</strong></span> <span class='ocrx_word' id='word_1_145' title='bbox 583 3313 736 3376; x_wconf 90' lang='lat' dir='ltr'><strong>numeris</strong></span> <span class='ocrx_word' id='word_1_146' title='bbox 757 3314 958 3376; x_wconf 91' lang='lat' dir='ltr'><strong>absolutum</strong></span> <span class='ocrx_word' id='word_1_147' title='bbox 981 3315 1032 3376; x_wconf 91' lang='lat' dir='ltr'><strong>in·</strong></span> <span class='ocrx_word' id='word_1_148' title='bbox 1070 3312 1073 3334; x_wconf 91' lang='lat'>&#39;</span> 
     </span>
     <span class='ocr_line' id='line_1_25' title="bbox 201 3417 1073 3517; baseline 0.001 -19"><span class='ocrx_word' id='word_1_149' title='bbox 201 3445 412 3516; x_wconf 89' lang='lat' dir='ltr'><strong>spexerunt,</strong></span> <span class='ocrx_word' id='word_1_150' title='bbox 437 3436 546 3517; x_wconf 91' lang='lat' dir='ltr'><strong>quod,</strong></span> <span class='ocrx_word' id='word_1_151' title='bbox 574 3436 650 3497; x_wconf 90' lang='lat' dir='ltr'><strong>sine</strong></span> <span class='ocrx_word' id='word_1_152' title='bbox 674 3436 744 3497; x_wconf 92' lang='lat' dir='ltr'><strong>ullo</strong></span> <span class='ocrx_word' id='word_1_153' title='bbox 772 3417 952 3498; x_wconf 82' lang='lat' dir='ltr'><strong>adscititio</strong></span> <span class='ocrx_word' id='word_1_154' title='bbox 978 3455 1032 3497; x_wconf 90' lang='lat' dir='ltr'><strong>or·</strong></span> <span class='ocrx_word' id='word_1_155' title='bbox 1071 3486 1073 3499; x_wconf 90' lang='lat'><strong>.</strong></span> 
     </span>
    </p>
   </div>
   <div class='ocr_carea' id='block_1_6' title="bbox 201 3557 1033 3883">
    <p class='ocr_par' dir='ltr' id='par_1_6' title="bbox 201 3557 1033 3883">
     <span class='ocr_line' id='line_1_26' title="bbox 201 3557 1032 3639; baseline -0.001 -19"><span class='ocrx_word' id='word_1_156' title='bbox 201 3567 385 3638; x_wconf 90' lang='lat' dir='ltr'><strong>namento,</strong></span> <span class='ocrx_word' id='word_1_157' title='bbox 419 3557 494 3620; x_wconf 88' lang='lat' dir='ltr'><strong>sola</strong></span> <span class='ocrx_word' id='word_1_158' title='bbox 525 3558 752 3639; x_wconf 83' lang='lat' dir='ltr'><strong>simplicitate</strong></span> <span class='ocrx_word' id='word_1_159' title='bbox 781 3567 817 3620; x_wconf 92' lang='lat' dir='ltr'><strong>et</strong></span> <span class='ocrx_word' id='word_1_160' title='bbox 846 3558 1032 3620; x_wconf 88' lang='lat' dir='ltr'><strong>maiestate</strong></span> 
     </span>
     <span class='ocr_line' id='line_1_27' title="bbox 202 3679 1031 3761; baseline 0 -21"><span class='ocrx_word' id='word_1_161' title='bbox 202 3699 266 3741; x_wconf 91' lang='lat' dir='ltr'><strong>sua</strong></span> <span class='ocrx_word' id='word_1_162' title='bbox 283 3679 418 3741; x_wconf 88' lang='lat' dir='ltr'><strong>animos</strong></span> <span class='ocrx_word' id='word_1_163' title='bbox 434 3679 645 3742; x_wconf 89' lang='lat' dir='ltr'><strong>intuentium</strong></span> <span class='ocrx_word' id='word_1_164' title='bbox 661 3699 854 3761; x_wconf 90' lang='lat' dir='ltr'><strong>suspensos</strong></span> <span class='ocrx_word' id='word_1_165' title='bbox 875 3680 1031 3742; x_wconf 86' lang='lat' dir='ltr'><strong>tenebat.</strong></span> 
     </span>
     <span class='ocr_line' id='line_1_28' title="bbox 203 3800 1033 3883; baseline -0.002 -19"><span class='ocrx_word' id='word_1_166' title='bbox 203 3801 400 3883; x_wconf 86' lang='lat' dir='ltr'><strong>(Templum</strong></span> <span class='ocrx_word' id='word_1_167' title='bbox 421 3802 497 3881; x_wconf 91' lang='lat' dir='ltr'><strong>hoc,</strong></span> <span class='ocrx_word' id='word_1_168' title='bbox 519 3820 597 3862; x_wconf 93' lang='lat' dir='ltr'><strong>cum</strong></span> <span class='ocrx_word' id='word_1_169' title='bbox 618 3801 737 3864; x_wconf 92' lang='lat' dir='ltr'><strong>multis</strong></span> <span class='ocrx_word' id='word_1_170' title='bbox 759 3800 929 3863; x_wconf 89' lang='lat' dir='ltr'><strong>aedificiis</strong></span> <span class='ocrx_word' id='word_1_171' title='bbox 950 3801 1033 3863; x_wconf 91' lang='lat' dir='ltr'><strong>olim</strong></span> 
     </span>
    </p>
   </div>
   <div class='ocr_carea' id='block_1_7' title="bbox 1111 619 1947 3865">
    <p class='ocr_par' dir='ltr' id='par_1_7' title="bbox 1111 619 1947 3865">
     <span class='ocr_line' id='line_1_29' title="bbox 1113 619 1947 683; baseline -0.002 0"><span class='ocrx_word' id='word_1_172' title='bbox 1113 621 1201 683; x_wconf 92' lang='lat' dir='ltr'><strong>sime</strong></span> <span class='ocrx_word' id='word_1_173' title='bbox 1226 620 1396 683; x_wconf 87' lang='lat' dir='ltr'><strong>distabat:</strong></span> <span class='ocrx_word' id='word_1_174' title='bbox 1425 640 1471 682; x_wconf 93' lang='lat' dir='ltr'><strong>ex</strong></span> <span class='ocrx_word' id='word_1_175' title='bbox 1492 628 1611 683; x_wconf 91' lang='lat' dir='ltr'><strong>mente</strong></span> <span class='ocrx_word' id='word_1_176' title='bbox 1636 619 1778 682; x_wconf 90' lang='lat' dir='ltr'><strong>abbatis</strong></span> <span class='ocrx_word' id='word_1_177' title='bbox 1800 620 1947 683; x_wconf 91' lang='lat' dir='ltr'><strong>Martini</strong></span> 
     </span>
     <span class='ocr_line' id='line_1_30' title="bbox 1112 742 1947 823; baseline -0.001 -19"><span class='ocrx_word' id='word_1_178' title='bbox 1112 742 1152 805; x_wconf 91' lang='lat' dir='ltr'><strong>P.</strong></span> <span class='ocrx_word' id='word_1_179' title='bbox 1181 743 1401 805; x_wconf 87' lang='lat' dir='ltr'><strong>Aemilianus</strong></span> <span class='ocrx_word' id='word_1_180' title='bbox 1428 742 1648 805; x_wconf 90' lang='lat' dir='ltr'><strong>Ussermann</strong></span> <span class='ocrx_word' id='word_1_181' title='bbox 1675 762 1740 823; x_wconf 95' lang='lat' dir='ltr'><strong>pro</strong></span> <span class='ocrx_word' id='word_1_182' title='bbox 1767 742 1947 804; x_wconf 89' lang='lat' dir='ltr'><strong>Blasianis</strong></span> 
     </span>
     <span class='ocr_line' id='line_1_31' title="bbox 1113 865 1945 947; baseline 0.002 -20"><span class='ocrx_word' id='word_1_183' title='bbox 1113 885 1243 928; x_wconf 91' lang='lat' dir='ltr'><strong>novum</strong></span> <span class='ocrx_word' id='word_1_184' title='bbox 1268 866 1481 928; x_wconf 91' lang='lat' dir='ltr'><strong>breviarium</strong></span> <span class='ocrx_word' id='word_1_185' title='bbox 1505 866 1660 928; x_wconf 89' lang='lat' dir='ltr'><strong>scribere</strong></span> <span class='ocrx_word' id='word_1_186' title='bbox 1683 865 1844 928; x_wconf 90' lang='lat' dir='ltr'><strong>intendit.</strong></span> <span class='ocrx_word' id='word_1_187' title='bbox 1871 865 1945 947; x_wconf 92' lang='lat' dir='ltr'><strong>Op-</strong></span> 
     </span>
     <span class='ocr_line' id='line_1_32' title="bbox 1113 988 1947 1069; baseline 0 -19"><span class='ocrx_word' id='word_1_188' title='bbox 1113 998 1264 1068; x_wconf 90' lang='lat' dir='ltr'><strong>portune</strong></span> <span class='ocrx_word' id='word_1_189' title='bbox 1273 998 1392 1051; x_wconf 89' lang='lat' dir='ltr'><strong>autem</strong></span> <span class='ocrx_word' id='word_1_190' title='bbox 1401 989 1562 1069; x_wconf 91' lang='lat' dir='ltr'><strong>innotuit,</strong></span> <span class='ocrx_word' id='word_1_191' title='bbox 1577 1008 1598 1049; x_wconf 88' lang='lat' dir='ltr'><strong>a</strong></span> <span class='ocrx_word' id='word_1_192' title='bbox 1607 988 1850 1050; x_wconf 89' lang='lat' dir='ltr'><strong>Benedictinis</strong></span> <span class='ocrx_word' id='word_1_193' title='bbox 1864 1007 1947 1051; x_wconf 92' lang='lat' dir='ltr'><strong>con-</strong></span> 
     </span>
     <span class='ocr_line' id='line_1_33' title="bbox 1111 1110 1945 1194; baseline 0 -21"><span class='ocrx_word' id='word_1_194' title='bbox 1111 1111 1331 1194; x_wconf 86' lang='lat' dir='ltr'><strong>gregationis</strong></span> <span class='ocrx_word' id='word_1_195' title='bbox 1343 1111 1519 1174; x_wconf 91' lang='lat' dir='ltr'><strong>ss.Vitoni</strong></span> <span class='ocrx_word' id='word_1_196' title='bbox 1535 1111 1752 1191; x_wconf 91' lang='lat' dir='ltr'><strong>etHidulphi</strong></span> <span class='ocrx_word' id='word_1_197' title='bbox 1765 1110 1801 1173; x_wconf 92' lang='lat' dir='ltr'><strong>in</strong></span> <span class='ocrx_word' id='word_1_198' title='bbox 1814 1111 1945 1173; x_wconf 90' lang='lat' dir='ltr'><strong>Lotha-</strong></span> 
     </span>
     <span class='ocr_line' id='line_1_34' title="bbox 1111 1233 1946 1316; baseline 0.001 -21"><span class='ocrx_word' id='word_1_199' title='bbox 1111 1233 1227 1316; x_wconf 85' lang='lat' dir='ltr'><strong>ringia</strong></span> <span class='ocrx_word' id='word_1_200' title='bbox 1235 1253 1365 1296; x_wconf 91' lang='lat' dir='ltr'><strong>novum</strong></span> <span class='ocrx_word' id='word_1_201' title='bbox 1373 1233 1587 1296; x_wconf 88' lang='lat' dir='ltr'><strong>breviarium</strong></span> <span class='ocrx_word' id='word_1_202' title='bbox 1597 1233 1830 1296; x_wconf 90' lang='lat' dir='ltr'><strong>monasticum</strong></span> <span class='ocrx_word' id='word_1_203' title='bbox 1844 1233 1946 1296; x_wconf 89' lang='lat' dir='ltr'><strong>iuxta</strong></span> 
     </span>
     <span class='ocr_line' id='line_1_35' title="bbox 1113 1355 1947 1437; baseline 0.001 -20"><span class='ocrx_word' id='word_1_204' title='bbox 1113 1356 1272 1437; x_wconf 86' lang='lat' dir='ltr'><strong>regulam</strong></span> <span class='ocrx_word' id='word_1_205' title='bbox 1292 1375 1319 1418; x_wconf 78' lang='lat' dir='ltr'><strong>s,</strong></span> <span class='ocrx_word' id='word_1_206' title='bbox 1336 1355 1524 1418; x_wconf 85' lang='lat' dir='ltr'><strong>Benedicti</strong></span> <span class='ocrx_word' id='word_1_207' title='bbox 1544 1376 1587 1418; x_wconf 89' lang='lat' dir='ltr'><strong>ac</strong></span> <span class='ocrx_word' id='word_1_208' title='bbox 1607 1356 1750 1418; x_wconf 84' lang='lat' dir='ltr'><strong>missale</strong></span> <span class='ocrx_word' id='word_1_209' title='bbox 1767 1355 1947 1419; x_wconf 88' lang='lat' dir='ltr'><strong>breviario</strong></span> 
     </span>
     <span class='ocr_line' id='line_1_36' title="bbox 1113 1477 1946 1560; baseline 0 -21"><span class='ocrx_word' id='word_1_210' title='bbox 1113 1479 1422 1540; x_wconf 89' lang='lat' dir='ltr'><strong>adcommodatum</strong></span> <span class='ocrx_word' id='word_1_211' title='bbox 1449 1477 1584 1540; x_wconf 89' lang='lat' dir='ltr'><strong>Nancei</strong></span> <span class='ocrx_word' id='word_1_212' title='bbox 1610 1498 1704 1541; x_wconf 88' lang='lat' dir='ltr'><strong>anno</strong></span> <span class='ocrx_word' id='word_1_213' title='bbox 1736 1497 1814 1557; x_wconf 94' lang='grc'>1777</span> <span class='ocrx_word' id='word_1_214' title='bbox 1848 1477 1946 1560; x_wconf 94' lang='lat' dir='ltr'><strong>typis</strong></span> 
     </span>
     <span class='ocr_line' id='line_1_37' title="bbox 1114 1601 1946 1683; baseline 0.001 -21"><span class='ocrx_word' id='word_1_215' title='bbox 1114 1620 1192 1662; x_wconf 91' lang='lat' dir='ltr'><strong>esse</strong></span> <span class='ocrx_word' id='word_1_216' title='bbox 1209 1619 1388 1682; x_wconf 88' lang='lat' dir='ltr'><strong>excusum,</strong></span> <span class='ocrx_word' id='word_1_217' title='bbox 1405 1601 1501 1681; x_wconf 91' lang='lat' dir='ltr'><strong>quod</strong></span> <span class='ocrx_word' id='word_1_218' title='bbox 1513 1620 1578 1662; x_wconf 92' lang='lat' dir='ltr'><strong>sua</strong></span> <span class='ocrx_word' id='word_1_219' title='bbox 1590 1621 1670 1663; x_wconf 91' lang='lat' dir='ltr'><strong>curn</strong></span> <span class='ocrx_word' id='word_1_220' title='bbox 1683 1611 1807 1663; x_wconf 87' lang='lat' dir='ltr'><strong>sancta</strong></span> <span class='ocrx_word' id='word_1_221' title='bbox 1819 1602 1946 1683; x_wconf 82' lang='lat' dir='ltr'><strong>regula</strong></span> 
     </span>
     <span class='ocr_line' id='line_1_38' title="bbox 1113 1721 1946 1805; baseline 0.001 -21"><span class='ocrx_word' id='word_1_222' title='bbox 1113 1721 1358 1785; x_wconf 84' lang='lat' dir='ltr'><strong>conformitate</strong></span> <span class='ocrx_word' id='word_1_223' title='bbox 1368 1732 1404 1784; x_wconf 91' lang='lat' dir='ltr'><strong>et</strong></span> <span class='ocrx_word' id='word_1_224' title='bbox 1413 1722 1612 1805; x_wconf 86' lang='lat' dir='ltr'><strong>argumenti</strong></span> <span class='ocrx_word' id='word_1_225' title='bbox 1621 1723 1842 1804; x_wconf 76' lang='lat' dir='ltr'><strong>praestantia</strong></span> <span class='ocrx_word' id='word_1_226' title='bbox 1853 1724 1946 1786; x_wconf 88' lang='lat' dir='ltr'><strong>adeo</strong></span> 
     </span>
     <span class='ocr_line' id='line_1_39' title="bbox 1113 1843 1945 1927; baseline 0 -20"><span class='ocrx_word' id='word_1_227' title='bbox 1113 1864 1152 1907; x_wconf 92' lang='lat' dir='ltr'><strong>se</strong></span> <span class='ocrx_word' id='word_1_228' title='bbox 1169 1843 1330 1906; x_wconf 91' lang='lat' dir='ltr'><strong>omnibus</strong></span> <span class='ocrx_word' id='word_1_229' title='bbox 1347 1845 1617 1927; x_wconf 89' lang='lat' dir='ltr'><strong>commendavit,</strong></span> <span class='ocrx_word' id='word_1_230' title='bbox 1635 1855 1674 1907; x_wconf 91' lang='lat' dir='ltr'><strong>ut</strong></span> <span class='ocrx_word' id='word_1_231' title='bbox 1690 1847 1803 1907; x_wconf 89' lang='lat' dir='ltr'><strong>abbas</strong></span> <span class='ocrx_word' id='word_1_232' title='bbox 1820 1845 1945 1907; x_wconf 89' lang='lat' dir='ltr'><strong>Marti-</strong></span> 
     </span>
     <span class='ocr_line' id='line_1_40' title="bbox 1113 1965 1945 2049; baseline -0.001 -20"><span class='ocrx_word' id='word_1_233' title='bbox 1113 1985 1178 2029; x_wconf 92' lang='lat' dir='ltr'><strong>nus</strong></span> <span class='ocrx_word' id='word_1_234' title='bbox 1202 1986 1281 2028; x_wconf 91' lang='lat' dir='ltr'><strong>cum</strong></span> <span class='ocrx_word' id='word_1_235' title='bbox 1304 1966 1450 2047; x_wconf 92' lang='lat' dir='ltr'><strong>capituli</strong></span> <span class='ocrx_word' id='word_1_236' title='bbox 1472 1967 1528 2030; x_wconf 91' lang='lat' dir='ltr'><strong>die</strong></span> <span class='ocrx_word' id='word_1_237' title='bbox 1555 1970 1584 2029; x_wconf 86' lang='lat'><strong>6.</strong></span> <span class='ocrx_word' id='word_1_238' title='bbox 1607 1965 1707 2048; x_wconf 90' lang='lat' dir='ltr'><strong>Sept.</strong></span> <span class='ocrx_word' id='word_1_239' title='bbox 1732 1967 1945 2049; x_wconf 83' lang='lat' dir='ltr'><strong>congregati</strong></span> 
     </span>
     <span class='ocr_line' id='line_1_41' title="bbox 1113 2088 1944 2170; baseline 0.001 -20"><span class='ocrx_word' id='word_1_240' title='bbox 1113 2107 1287 2151; x_wconf 89' lang='lat' dir='ltr'><strong>consensu</strong></span> <span class='ocrx_word' id='word_1_241' title='bbox 1311 2089 1397 2151; x_wconf 94' lang='lat' dir='ltr'><strong>illud</strong></span> <span class='ocrx_word' id='word_1_242' title='bbox 1423 2100 1610 2170; x_wconf 88' lang='lat' dir='ltr'><strong>utrumque</strong></span> <span class='ocrx_word' id='word_1_243' title='bbox 1630 2109 1695 2170; x_wconf 92' lang='lat' dir='ltr'><strong>pro</strong></span> <span class='ocrx_word' id='word_1_244' title='bbox 1721 2090 1828 2151; x_wconf 91' lang='lat' dir='ltr'><strong>choro</strong></span> <span class='ocrx_word' id='word_1_245' title='bbox 1853 2088 1944 2152; x_wconf 89' lang='lat' dir='ltr'><strong>San-</strong></span> 
     </span>
     <span class='ocr_line' id='line_1_42' title="bbox 1113 2210 1946 2292; baseline 0.001 -20"><span class='ocrx_word' id='word_1_246' title='bbox 1113 2211 1280 2273; x_wconf 91' lang='lat' dir='ltr'><strong>Blasiano</strong></span> <span class='ocrx_word' id='word_1_247' title='bbox 1291 2220 1327 2273; x_wconf 91' lang='lat' dir='ltr'><strong>et</strong></span> <span class='ocrx_word' id='word_1_248' title='bbox 1338 2210 1456 2274; x_wconf 89' lang='lat' dir='ltr'><strong>officio</strong></span> <span class='ocrx_word' id='word_1_249' title='bbox 1466 2211 1585 2274; x_wconf 92' lang='lat' dir='ltr'><strong>divino</strong></span> <span class='ocrx_word' id='word_1_250' title='bbox 1599 2211 1677 2292; x_wconf 89' lang='lat' dir='ltr'><strong>ipso</strong></span> <span class='ocrx_word' id='word_1_251' title='bbox 1690 2231 1783 2274; x_wconf 90' lang='lat' dir='ltr'><strong>anno</strong></span> <span class='ocrx_word' id='word_1_252' title='bbox 1796 2231 1875 2290; x_wconf 90' lang='grc'>1777</span> <span class='ocrx_word' id='word_1_253' title='bbox 1887 2231 1946 2273; x_wconf 92' lang='lat' dir='ltr'><strong>su-</strong></span> 
     </span>
     <span class='ocr_line' id='line_1_43' title="bbox 1113 2333 1945 2414; baseline 0.002 -20"><span class='ocrx_word' id='word_1_254' title='bbox 1113 2333 1277 2413; x_wconf 91' lang='lat' dir='ltr'><strong>sceperit.</strong></span> <span class='ocrx_word' id='word_1_255' title='bbox 1291 2333 1343 2396; x_wconf 89' lang='lat' dir='ltr'><strong>At</strong></span> <span class='ocrx_word' id='word_1_256' title='bbox 1351 2333 1598 2414; x_wconf 87' lang='lat' dir='ltr'><strong>antiphonaria</strong></span> <span class='ocrx_word' id='word_1_257' title='bbox 1608 2343 1643 2396; x_wconf 91' lang='lat' dir='ltr'><strong>et</strong></span> <span class='ocrx_word' id='word_1_258' title='bbox 1653 2333 1761 2396; x_wconf 91' lang='lat' dir='ltr'><strong>ceteri</strong></span> <span class='ocrx_word' id='word_1_259' title='bbox 1771 2334 1851 2395; x_wconf 93' lang='lat' dir='ltr'><strong>libri</strong></span> <span class='ocrx_word' id='word_1_260' title='bbox 1862 2335 1945 2396; x_wconf 94' lang='lat' dir='ltr'><strong>cho-</strong></span> 
     </span>
     <span class='ocr_line' id='line_1_44' title="bbox 1112 2456 1943 2543; baseline 0.002 -26"><span class='ocrx_word' id='word_1_261' title='bbox 1112 2458 1215 2537; x_wconf 86' lang='lat' dir='ltr'><strong>rales,</strong></span> <span class='ocrx_word' id='word_1_262' title='bbox 1233 2456 1292 2536; x_wconf 91' lang='lat' dir='ltr'><strong>qui</strong></span> <span class='ocrx_word' id='word_1_263' title='bbox 1309 2476 1421 2537; x_wconf 92' lang='lat' dir='ltr'><strong>usque</strong></span> <span class='ocrx_word' id='word_1_264' title='bbox 1434 2458 1480 2518; x_wconf 91' lang='lat' dir='ltr'><strong>ad</strong></span> <span class='ocrx_word' id='word_1_265' title='bbox 1493 2456 1529 2518; x_wconf 92' lang='lat' dir='ltr'><strong>id</strong></span> <span class='ocrx_word' id='word_1_266' title='bbox 1541 2467 1683 2543; x_wconf 85' lang='lat' dir='ltr'><strong>tempus</strong></span> <span class='ocrx_word' id='word_1_267' title='bbox 1699 2457 1735 2519; x_wconf 92' lang='lat' dir='ltr'><strong>in</strong></span> <span class='ocrx_word' id='word_1_268' title='bbox 1747 2476 1813 2518; x_wconf 93' lang='lat' dir='ltr'><strong>usu</strong></span> <span class='ocrx_word' id='word_1_269' title='bbox 1830 2467 1943 2538; x_wconf 91' lang='lat' dir='ltr'><strong>erant,</strong></span> 
     </span>
     <span class='ocr_line' id='line_1_45' title="bbox 1113 2578 1944 2661; baseline 0.002 -21"><span class='ocrx_word' id='word_1_270' title='bbox 1113 2598 1204 2641; x_wconf 92' lang='lat' dir='ltr'><strong>novo</strong></span> <span class='ocrx_word' id='word_1_271' title='bbox 1213 2578 1389 2641; x_wconf 89' lang='lat' dir='ltr'><strong>breviario</strong></span> <span class='ocrx_word' id='word_1_272' title='bbox 1402 2599 1472 2642; x_wconf 92' lang='lat' dir='ltr'><strong>non</strong></span> <span class='ocrx_word' id='word_1_273' title='bbox 1481 2580 1752 2660; x_wconf 81' lang='lat' dir='ltr'><strong>conveniebant,</strong></span> <span class='ocrx_word' id='word_1_274' title='bbox 1762 2599 1872 2661; x_wconf 89' lang='lat' dir='ltr'><strong>quare</strong></span> <span class='ocrx_word' id='word_1_275' title='bbox 1881 2581 1944 2642; x_wconf 90' lang='lat' dir='ltr'><strong>ab·</strong></span> 
     </span>
     <span class='ocr_line' id='line_1_46' title="bbox 1112 2700 1945 2783; baseline 0.004 -22"><span class='ocrx_word' id='word_1_276' title='bbox 1112 2701 1177 2762; x_wconf 88' lang='lat' dir='ltr'><strong>bas</strong></span> <span class='ocrx_word' id='word_1_277' title='bbox 1190 2700 1401 2763; x_wconf 88' lang='lat' dir='ltr'><strong>P.Frowino</strong></span> <span class='ocrx_word' id='word_1_278' title='bbox 1414 2701 1554 2764; x_wconf 72' lang='lat' dir='ltr'><strong>Lander</strong></span> <span class='ocrx_word' id='word_1_279' title='bbox 1565 2702 1716 2765; x_wconf 89' lang='lat' dir='ltr'><strong>musices</strong></span> <span class='ocrx_word' id='word_1_280' title='bbox 1729 2702 1815 2765; x_wconf 89' lang='lat' dir='ltr'><strong>satis</strong></span> <span class='ocrx_word' id='word_1_281' title='bbox 1828 2702 1945 2783; x_wconf 87' lang='lat' dir='ltr'><strong>perito</strong></span> 
     </span>
     <span class='ocr_line' id='line_1_47' title="bbox 1113 2822 1944 2906; baseline 0.002 -21"><span class='ocrx_word' id='word_1_282' title='bbox 1113 2822 1295 2904; x_wconf 82' lang='lat' dir='ltr'><strong>commisit,</strong></span> <span class='ocrx_word' id='word_1_283' title='bbox 1313 2833 1352 2886; x_wconf 92' lang='lat' dir='ltr'><strong>ut</strong></span> <span class='ocrx_word' id='word_1_284' title='bbox 1363 2825 1524 2887; x_wconf 91' lang='lat' dir='ltr'><strong>modulos</strong></span> <span class='ocrx_word' id='word_1_285' title='bbox 1536 2844 1601 2905; x_wconf 95' lang='lat' dir='ltr'><strong>pro</strong></span> <span class='ocrx_word' id='word_1_286' title='bbox 1613 2825 1764 2906; x_wconf 76' lang='lat' dir='ltr'><strong>hymniS,</strong></span> <span class='ocrx_word' id='word_1_287' title='bbox 1780 2825 1944 2905; x_wconf 89' lang='lat' dir='ltr'><strong>antipho·</strong></span> 
     </span>
     <span class='ocr_line' id='line_1_48' title="bbox 1112 2945 1944 3028; baseline 0.004 -21"><span class='ocrx_word' id='word_1_288' title='bbox 1112 2945 1166 3007; x_wconf 91' lang='lat' dir='ltr'><strong>nis</strong></span> <span class='ocrx_word' id='word_1_289' title='bbox 1193 2955 1229 3008; x_wconf 91' lang='lat' dir='ltr'><strong>et</strong></span> <span class='ocrx_word' id='word_1_290' title='bbox 1253 2946 1487 3027; x_wconf 89' lang='lat' dir='ltr'><strong>responsoriis</strong></span> <span class='ocrx_word' id='word_1_291' title='bbox 1518 2964 1622 3028; x_wconf 87' lang='lat' dir='ltr'><strong>atque</strong></span> <span class='ocrx_word' id='word_1_292' title='bbox 1646 2948 1822 3028; x_wconf 89' lang='lat' dir='ltr'><strong>omnibus,</strong></span> <span class='ocrx_word' id='word_1_293' title='bbox 1851 2967 1944 3028; x_wconf 88' lang='lat' dir='ltr'><strong>quae</strong></span> 
     </span>
     <span class='ocr_line' id='line_1_49' title="bbox 1112 3068 1944 3152; baseline 0.004 -24"><span class='ocrx_word' id='word_1_294' title='bbox 1112 3068 1211 3130; x_wconf 93' lang='lat' dir='ltr'><strong>iuxta</strong></span> <span class='ocrx_word' id='word_1_295' title='bbox 1221 3068 1302 3131; x_wconf 92' lang='lat' dir='ltr'><strong>novi</strong></span> <span class='ocrx_word' id='word_1_296' title='bbox 1312 3069 1480 3131; x_wconf 90' lang='lat' dir='ltr'><strong>breviarii</strong></span> <span class='ocrx_word' id='word_1_297' title='bbox 1488 3068 1636 3131; x_wconf 87' lang='lat' dir='ltr'><strong>formam</strong></span> <span class='ocrx_word' id='word_1_298' title='bbox 1645 3070 1823 3132; x_wconf 89' lang='lat' dir='ltr'><strong>cantanda</strong></span> <span class='ocrx_word' id='word_1_299' title='bbox 1832 3079 1944 3152; x_wconf 90' lang='lat' dir='ltr'><strong>erant,</strong></span> 
     </span>
     <span class='ocr_line' id='line_1_50' title="bbox 1112 3190 1945 3273; baseline 0.002 -23"><span class='ocrx_word' id='word_1_300' title='bbox 1112 3200 1354 3270; x_wconf 89' lang='lat' dir='ltr'><strong>componeret,</strong></span> <span class='ocrx_word' id='word_1_301' title='bbox 1379 3190 1438 3271; x_wconf 81' lang='lat' dir='ltr'><strong>qiii</strong></span> <span class='ocrx_word' id='word_1_302' title='bbox 1463 3190 1541 3252; x_wconf 90' lang='lat' dir='ltr'><strong>libri</strong></span> <span class='ocrx_word' id='word_1_303' title='bbox 1563 3191 1722 3253; x_wconf 91' lang='lat' dir='ltr'><strong>chorales</strong></span> <span class='ocrx_word' id='word_1_304' title='bbox 1744 3190 1826 3252; x_wconf 91' lang='lat' dir='ltr'><strong>dein</strong></span> <span class='ocrx_word' id='word_1_305' title='bbox 1846 3190 1945 3273; x_wconf 88' lang='lat' dir='ltr'><strong>typis</strong></span> 
     </span>
     <span class='ocr_line' id='line_1_51' title="bbox 1111 3311 1943 3392; baseline 0.001 -19"><span class='ocrx_word' id='word_1_306' title='bbox 1111 3311 1263 3392; x_wconf 87' lang='lat' dir='ltr'><strong>propriis</strong></span> <span class='ocrx_word' id='word_1_307' title='bbox 1284 3311 1394 3373; x_wconf 89' lang='lat' dir='ltr'><strong>nitide</strong></span> <span class='ocrx_word' id='word_1_308' title='bbox 1416 3321 1452 3374; x_wconf 92' lang='lat' dir='ltr'><strong>et</strong></span> <span class='ocrx_word' id='word_1_309' title='bbox 1472 3322 1630 3374; x_wconf 89' lang='lat' dir='ltr'><strong>correcte</strong></span> <span class='ocrx_word' id='word_1_310' title='bbox 1651 3312 1773 3375; x_wconf 91' lang='lat' dir='ltr'><strong>excusi</strong></span> <span class='ocrx_word' id='word_1_311' title='bbox 1796 3312 1943 3376; x_wconf 89' lang='lat' dir='ltr'><strong>multam</strong></span> 
     </span>
     <span class='ocr_line' id='line_1_52' title="bbox 1112 3433 1945 3513; baseline 0.001 -17"><span class='ocrx_word' id='word_1_312' title='bbox 1112 3433 1338 3496; x_wconf 89' lang='lat' dir='ltr'><strong>cantantibus</strong></span> <span class='ocrx_word' id='word_1_313' title='bbox 1354 3436 1552 3513; x_wconf 91' lang='lat' dir='ltr'><strong>praebuere</strong></span> <span class='ocrx_word' id='word_1_314' title='bbox 1568 3434 1785 3497; x_wconf 89' lang='lat' dir='ltr'><strong>facilitatem.</strong></span> <span class='ocrx_word' id='word_1_315' title='bbox 1802 3434 1945 3497; x_wconf 89' lang='lat' dir='ltr'><strong>Placuit</strong></span> 
     </span>
     <span class='ocr_line' id='line_1_53' title="bbox 1113 3556 1944 3637; baseline 0.002 -20"><span class='ocrx_word' id='word_1_316' title='bbox 1113 3556 1219 3618; x_wconf 91' lang='lat' dir='ltr'><strong>etiam</strong></span> <span class='ocrx_word' id='word_1_317' title='bbox 1240 3556 1469 3618; x_wconf 89' lang='lat' dir='ltr'><strong>devotissimo</strong></span> <span class='ocrx_word' id='word_1_318' title='bbox 1490 3557 1612 3618; x_wconf 89' lang='lat' dir='ltr'><strong>abbati</strong></span> <span class='ocrx_word' id='word_1_319' title='bbox 1634 3565 1790 3618; x_wconf 90' lang='lat' dir='ltr'><strong>statuere</strong></span> <span class='ocrx_word' id='word_1_320' title='bbox 1815 3566 1854 3619; x_wconf 88' lang='lat' dir='ltr'><strong>ut</strong></span> <span class='ocrx_word' id='word_1_321' title='bbox 1877 3576 1944 3637; x_wconf 90' lang='lat' dir='ltr'><strong>pro</strong></span> 
     </span>
     <span class='ocr_line' id='line_1_54' title="bbox 1112 3679 1945 3767; baseline 0.002 -27"><span class='ocrx_word' id='word_1_322' title='bbox 1112 3679 1312 3741; x_wconf 90' lang='lat' dir='ltr'><strong>reverentia</strong></span> <span class='ocrx_word' id='word_1_323' title='bbox 1327 3679 1500 3741; x_wconf 90' lang='lat' dir='ltr'><strong>tremendi</strong></span> <span class='ocrx_word' id='word_1_324' title='bbox 1517 3679 1675 3761; x_wconf 90' lang='lat' dir='ltr'><strong>mysterii</strong></span> <span class='ocrx_word' id='word_1_325' title='bbox 1691 3679 1727 3741; x_wconf 94' lang='lat' dir='ltr'><strong>in</strong></span> <span class='ocrx_word' id='word_1_326' title='bbox 1740 3680 1848 3742; x_wconf 87' lang='lat' dir='ltr'><strong>missa</strong></span> <span class='ocrx_word' id='word_1_327' title='bbox 1860 3699 1945 3767; x_wconf 84' lang='lat' dir='ltr'><strong>con-</strong></span> 
     </span>
     <span class='ocr_line' id='line_1_55' title="bbox 1113 3801 1945 3865; baseline 0.002 -2"><span class='ocrx_word' id='word_1_328' title='bbox 1113 3801 1269 3864; x_wconf 91' lang='lat' dir='ltr'><strong>ventuali</strong></span> <span class='ocrx_word' id='word_1_329' title='bbox 1285 3811 1368 3864; x_wconf 89' lang='lat' dir='ltr'><strong>ante</strong></span> <span class='ocrx_word' id='word_1_330' title='bbox 1384 3801 1619 3864; x_wconf 89' lang='lat' dir='ltr'><strong>elevationem</strong></span> <span class='ocrx_word' id='word_1_331' title='bbox 1635 3822 1662 3863; x_wconf 93' lang='lat' dir='ltr'><strong>s.</strong></span> <span class='ocrx_word' id='word_1_332' title='bbox 1679 3803 1816 3865; x_wconf 91' lang='lat' dir='ltr'><strong>hostiae</strong></span> <span class='ocrx_word' id='word_1_333' title='bbox 1833 3812 1869 3865; x_wconf 91' lang='lat' dir='ltr'><strong>et</strong></span> <span class='ocrx_word' id='word_1_334' title='bbox 1886 3823 1945 3865; x_wconf 87' lang='lat' dir='ltr'><strong>ca-</strong></span> 
     </span>
    </p>
   </div>
   <div class='ocr_carea' id='block_1_8' title="bbox 201 3922 1945 4151">
    <p class='ocr_par' dir='ltr' id='par_1_8' title="bbox 201 3922 1945 4151">
     <span class='ocr_line' id='line_1_56' title="bbox 201 3922 1945 4005; baseline 0.001 -19"><span class='ocrx_word' id='word_1_335' title='bbox 201 3923 406 3986; x_wconf 91' lang='lat' dir='ltr'><strong>monasterii</strong></span> <span class='ocrx_word' id='word_1_336' title='bbox 426 3922 483 3984; x_wconf 91' lang='lat' dir='ltr'><strong>die</strong></span> <span class='ocrx_word' id='word_1_337' title='bbox 505 3942 533 4000; x_wconf 92' lang='grc'><strong>7.</strong></span> <span class='ocrx_word' id='word_1_338' title='bbox 551 3922 654 3986; x_wconf 90' lang='lat' dir='ltr'><strong>Febr.</strong></span> <span class='ocrx_word' id='word_1_339' title='bbox 677 3927 756 4001; x_wconf 78' lang='lat'>1874</span> <span class='ocrx_word' id='word_1_340' title='bbox 774 3922 850 3985; x_wconf 92' lang='lat' dir='ltr'><strong>diro</strong></span> <span class='ocrx_word' id='word_1_341' title='bbox 867 3922 1032 3985; x_wconf 89' lang='lat' dir='ltr'><strong>incendio</strong></span> <span class='ocrx_word' id='word_1_342' title='bbox 1112 3924 1188 3986; x_wconf 89' lang='lat' dir='ltr'><strong>licis</strong></span> <span class='ocrx_word' id='word_1_343' title='bbox 1209 3924 1324 3986; x_wconf 90' lang='lat' dir='ltr'><strong>omnia</strong></span> <span class='ocrx_word' id='word_1_344' title='bbox 1346 3925 1578 3987; x_wconf 90' lang='lat' dir='ltr'><strong>instrumenta</strong></span> <span class='ocrx_word' id='word_1_345' title='bbox 1599 3924 1743 4005; x_wconf 88' lang='lat' dir='ltr'><strong>musica,</strong></span> <span class='ocrx_word' id='word_1_346' title='bbox 1766 3924 1873 3986; x_wconf 88' lang='lat' dir='ltr'><strong>etiam</strong></span> <span class='ocrx_word' id='word_1_347' title='bbox 1888 3944 1945 3987; x_wconf 92' lang='lat' dir='ltr'><strong>or-</strong></span> 
     </span>
     <span class='ocr_line' id='line_1_57' title="bbox 201 4030 1944 4151; baseline 0.001 -44"><span class='ocrx_word' id='word_1_348' title='bbox 201 4046 441 4126; x_wconf 91' lang='lat' dir='ltr'><strong>devastatum,</strong></span> <span class='ocrx_word' id='word_1_349' title='bbox 469 4065 562 4107; x_wconf 90' lang='lat' dir='ltr'><strong>anno</strong></span> <span class='ocrx_word' id='word_1_350' title='bbox 594 4050 674 4124; x_wconf 82' lang='lat'>1879</span> <span class='ocrx_word' id='word_1_351' title='bbox 701 4045 888 4126; x_wconf 90' lang='lat' dir='ltr'><strong>imperium</strong></span> <span class='ocrx_word' id='word_1_352' title='bbox 916 4045 1032 4106; x_wconf 91' lang='lat' dir='ltr'><strong>denuo</strong></span> <span class='ocrx_word' id='word_1_353' title='bbox 1071 4030 1073 4151; x_wconf 52' lang='lat' dir='ltr'><strong>l</strong></span> <span class='ocrx_word' id='word_1_354' title='bbox 1112 4067 1243 4129; x_wconf 85' lang='lat' dir='ltr'><strong>ganum</strong></span> <span class='ocrx_word' id='word_1_355' title='bbox 1275 4066 1387 4126; x_wconf 93' lang='lat' dir='ltr'><strong>usque</strong></span> <span class='ocrx_word' id='word_1_356' title='bbox 1424 4048 1471 4109; x_wconf 91' lang='lat' dir='ltr'><strong>ad</strong></span> <span class='ocrx_word' id='word_1_357' title='bbox 1502 4048 1696 4113; x_wconf 88' lang='lat' dir='ltr'><strong>orationem</strong></span> <span class='ocrx_word' id='word_1_358' title='bbox 1733 4046 1944 4109; x_wconf 91' lang='lat' dir='ltr'><strong>dominicam</strong></span> 
     </span>
    </p>
   </div>
   <div class='ocr_carea' id='block_1_9' title="bbox 201 4154 1944 4251">
    <p class='ocr_par' dir='ltr' id='par_1_9' title="bbox 201 4154 1944 4263">
     <span class='ocr_line' id='line_1_58' title="bbox 201 4154 1944 4251; baseline 0.001 -22"><span class='ocrx_word' id='word_1_359' title='bbox 201 4165 421 4230; x_wconf 89' lang='lat' dir='ltr'><strong>reaedificari</strong></span> <span class='ocrx_word' id='word_1_360' title='bbox 438 4167 597 4249; x_wconf 90' lang='lat' dir='ltr'><strong>curavit.)</strong></span> <span class='ocrx_word' id='word_1_361' title='bbox 1071 4154 1074 4251; x_wconf 66' lang='lat' dir='ltr'><strong>l</strong></span> <span class='ocrx_word' id='word_1_362' title='bbox 1112 4169 1265 4250; x_wconf 91' lang='lat' dir='ltr'><strong>silerent,</strong></span> <span class='ocrx_word' id='word_1_363' title='bbox 1283 4170 1401 4250; x_wconf 91' lang='lat' dir='ltr'><strong>nilque</strong></span> <span class='ocrx_word' id='word_1_364' title='bbox 1419 4179 1502 4233; x_wconf 93' lang='lat' dir='ltr'><strong>tunc</strong></span> <span class='ocrx_word' id='word_1_365' title='bbox 1519 4178 1731 4251; x_wconf 90' lang='lat' dir='ltr'><strong>cantaretur,</strong></span> <span class='ocrx_word' id='word_1_366' title='bbox 1757 4169 1823 4231; x_wconf 91' lang='lat' dir='ltr'><strong>nisi</strong></span> <span class='ocrx_word' id='word_1_367' title='bbox 1840 4170 1944 4231; x_wconf 91' lang='lat' dir='ltr'><strong>trisa-</strong></span> 
     </span>
    </p>
   </div>
   <div class='ocr_carea' id='block_1_10' title="bbox 1111 4290 1944 4374">
    <p class='ocr_par' dir='ltr' id='par_1_10' title="bbox 1111 4290 1944 4374">
     <span class='ocr_line' id='line_1_59' title="bbox 1111 4290 1944 4374; baseline 0.001 -21"><span class='ocrx_word' id='word_1_368' title='bbox 1111 4292 1196 4374; x_wconf 86' lang='lat' dir='ltr'><strong>gion</strong></span> <span class='ocrx_word' id='word_1_369' title='bbox 1212 4291 1247 4354; x_wconf 89' lang='lat' dir='ltr'><strong>in</strong></span> <span class='ocrx_word' id='word_1_370' title='bbox 1263 4290 1385 4374; x_wconf 84' lang='lat' dir='ltr'><strong>lingua</strong></span> <span class='ocrx_word' id='word_1_371' title='bbox 1400 4295 1601 4373; x_wconf 90' lang='lat' dir='ltr'><strong>vernacula,</strong></span> <span class='ocrx_word' id='word_1_372' title='bbox 1624 4302 1699 4356; x_wconf 90' lang='lat' dir='ltr'><strong>aut:</strong></span> <span class='ocrx_word' id='word_1_373' title='bbox 1724 4291 1756 4356; x_wconf 93' lang='lat' dir='ltr'>O</span> <span class='ocrx_word' id='word_1_374' title='bbox 1777 4293 1944 4355; x_wconf 88' lang='lat' dir='ltr'><strong>salutaris</strong></span> 
     </span>
    </p>
   </div>
   <div class='ocr_carea' id='block_1_11' title="bbox 286 4288 1032 4371">
    <p class='ocr_par' dir='ltr' id='par_1_11' title="bbox 286 4288 1073 4463">
     <span class='ocr_line' id='line_1_60' title="bbox 286 4288 1032 4371; baseline -0.001 -20"><span class='ocrx_word' id='word_1_375' title='bbox 286 4288 411 4371; x_wconf 91' lang='lat' dir='ltr'><strong>Usque</strong></span> <span class='ocrx_word' id='word_1_376' title='bbox 423 4290 491 4351; x_wconf 93' lang='lat' dir='ltr'><strong>huc</strong></span> <span class='ocrx_word' id='word_1_377' title='bbox 504 4288 662 4351; x_wconf 86' lang='lat' dir='ltr'><strong>Blasiani</strong></span> <span class='ocrx_word' id='word_1_378' title='bbox 675 4288 729 4350; x_wconf 91' lang='lat' dir='ltr'><strong>usi</strong></span> <span class='ocrx_word' id='word_1_379' title='bbox 744 4298 844 4351; x_wconf 87' lang='lat' dir='ltr'><strong>erant</strong></span> <span class='ocrx_word' id='word_1_380' title='bbox 855 4288 1032 4350; x_wconf 90' lang='lat' dir='ltr'><strong>breviario</strong></span> 
     </span>
    </p>
   </div>
   <div class='ocr_carea' id='block_1_12' title="bbox 201 4411 1942 4497">
    <p class='ocr_par' dir='ltr' id='par_1_12' title="bbox 201 4411 1942 4497">
     <span class='ocr_line' id='line_1_61' title="bbox 201 4411 1942 4497; baseline 0.002 -23"><span class='ocrx_word' id='word_1_381' title='bbox 201 4411 452 4492; x_wconf 88' lang='lat' dir='ltr'><strong>Einsiedlensi,</strong></span> <span class='ocrx_word' id='word_1_382' title='bbox 481 4413 576 4493; x_wconf 93' lang='lat' dir='ltr'><strong>quod</strong></span> <span class='ocrx_word' id='word_1_383' title='bbox 604 4412 760 4475; x_wconf 91' lang='lat' dir='ltr'><strong>cuiusvis</strong></span> <span class='ocrx_word' id='word_1_384' title='bbox 782 4411 856 4473; x_wconf 89' lang='lat' dir='ltr'><strong>fere</strong></span> <span class='ocrx_word' id='word_1_385' title='bbox 880 4411 1032 4474; x_wconf 90' lang='lat' dir='ltr'><strong>nationis</strong></span> <span class='ocrx_word' id='word_1_386' title='bbox 1111 4415 1227 4477; x_wconf 92' lang='lat' dir='ltr'><strong>hostia</strong></span> <span class='ocrx_word' id='word_1_387' title='bbox 1244 4436 1265 4477; x_wconf 91' lang='lat' dir='ltr'><strong>a</strong></span> <span class='ocrx_word' id='word_1_388' title='bbox 1281 4427 1431 4496; x_wconf 89' lang='lat' dir='ltr'><strong>quatuor</strong></span> <span class='ocrx_word' id='word_1_389' title='bbox 1447 4416 1604 4478; x_wconf 76' lang='lat' dir='ltr'><strong>vocibus,</strong></span> <span class='ocrx_word' id='word_1_390' title='bbox 1629 4415 1674 4478; x_wconf 89' lang='lat' dir='ltr'><strong>Et</strong></span> <span class='ocrx_word' id='word_1_391' title='bbox 1690 4435 1769 4477; x_wconf 91' lang='lat' dir='ltr'><strong>cum</strong></span> <span class='ocrx_word' id='word_1_392' title='bbox 1785 4415 1942 4497; x_wconf 84' lang='lat' dir='ltr'><strong>religiosi</strong></span> 
     </span>
    </p>
   </div>
   <div class='ocr_carea' id='block_1_13' title="bbox 199 4534 1032 5472">
    <p class='ocr_par' dir='ltr' id='par_1_13' title="bbox 199 4534 1032 5472">
     <span class='ocr_line' id='line_1_62' title="bbox 200 4534 1032 4614; baseline -0.002 -17"><span class='ocrx_word' id='word_1_393' title='bbox 200 4534 301 4597; x_wconf 88' lang='lat' dir='ltr'><strong>festis</strong></span> <span class='ocrx_word' id='word_1_394' title='bbox 325 4537 416 4598; x_wconf 91' lang='lat' dir='ltr'><strong>adeo</strong></span> <span class='ocrx_word' id='word_1_395' title='bbox 439 4534 608 4597; x_wconf 87' lang='lat' dir='ltr'><strong>refertum</strong></span> <span class='ocrx_word' id='word_1_396' title='bbox 628 4545 664 4597; x_wconf 93' lang='lat' dir='ltr'><strong>et</strong></span> <span class='ocrx_word' id='word_1_397' title='bbox 683 4545 826 4597; x_wconf 89' lang='lat' dir='ltr'><strong>auctum</strong></span> <span class='ocrx_word' id='word_1_398' title='bbox 847 4543 924 4596; x_wconf 91' lang='lat' dir='ltr'><strong>erat</strong></span> <span class='ocrx_word' id='word_1_399' title='bbox 944 4534 1032 4614; x_wconf 87' lang='lat' dir='ltr'><strong>ipsis</strong></span> 
     </span>
     <span class='ocr_line' id='line_1_63' title="bbox 201 4656 1032 4739; baseline -0.004 -20"><span class='ocrx_word' id='word_1_400' title='bbox 201 4677 341 4739; x_wconf 91' lang='lat' dir='ltr'><strong>quoque</strong></span> <span class='ocrx_word' id='word_1_401' title='bbox 359 4657 484 4719; x_wconf 90' lang='lat' dir='ltr'><strong>diebus</strong></span> <span class='ocrx_word' id='word_1_402' title='bbox 501 4656 694 4737; x_wconf 76' lang='lat' dir='ltr'><strong>dominiciS,</strong></span> <span class='ocrx_word' id='word_1_403' title='bbox 711 4665 750 4719; x_wconf 93' lang='lat' dir='ltr'><strong>ut</strong></span> <span class='ocrx_word' id='word_1_404' title='bbox 766 4656 835 4718; x_wconf 90' lang='lat' dir='ltr'><strong>illis</strong></span> <span class='ocrx_word' id='word_1_405' title='bbox 851 4656 1032 4719; x_wconf 90' lang='lat' dir='ltr'><strong>celebran-</strong></span> 
     </span>
     <span class='ocr_line' id='line_1_64' title="bbox 201 4778 1032 4853; baseline 0.001 -12"><span class='ocrx_word' id='word_1_406' title='bbox 201 4780 255 4841; x_wconf 93' lang='lat' dir='ltr'><strong>dis</strong></span> <span class='ocrx_word' id='word_1_407' title='bbox 271 4779 333 4841; x_wconf 87' lang='lat' dir='ltr'><strong>vix</strong></span> <span class='ocrx_word' id='word_1_408' title='bbox 350 4779 459 4842; x_wconf 92' lang='lat' dir='ltr'><strong>totius</strong></span> <span class='ocrx_word' id='word_1_409' title='bbox 475 4779 557 4842; x_wconf 90' lang='lat' dir='ltr'><strong>anni</strong></span> <span class='ocrx_word' id='word_1_410' title='bbox 575 4780 651 4841; x_wconf 90' lang='lat' dir='ltr'><strong>dies</strong></span> <span class='ocrx_word' id='word_1_411' title='bbox 672 4778 890 4853; x_wconf 83' lang='lat' dir='ltr'><strong>sufficerent;</strong></span> <span class='ocrx_word' id='word_1_412' title='bbox 910 4780 1032 4843; x_wconf 89' lang='lat' dir='ltr'><strong>lectio·</strong></span> 
     </span>
     <span class='ocr_line' id='line_1_65' title="bbox 200 4901 1031 4985; baseline 0.001 -21"><span class='ocrx_word' id='word_1_413' title='bbox 200 4921 263 4964; x_wconf 91' lang='lat' dir='ltr'><strong>nes</strong></span> <span class='ocrx_word' id='word_1_414' title='bbox 284 4901 456 4965; x_wconf 85' lang='lat' dir='ltr'><strong>festorum</strong></span> <span class='ocrx_word' id='word_1_415' title='bbox 479 4922 550 4964; x_wconf 89' lang='lat' dir='ltr'><strong>non</strong></span> <span class='ocrx_word' id='word_1_416' title='bbox 571 4922 651 4965; x_wconf 91' lang='lat' dir='ltr'><strong>raro</strong></span> <span class='ocrx_word' id='word_1_417' title='bbox 673 4903 912 4984; x_wconf 91' lang='lat' dir='ltr'><strong>continebant,</strong></span> <span class='ocrx_word' id='word_1_418' title='bbox 939 4923 1031 4985; x_wconf 91' lang='lat' dir='ltr'><strong>quae</strong></span> 
     </span>
     <span class='ocr_line' id='line_1_66' title="bbox 200 5022 1030 5105; baseline 0.001 -19"><span class='ocrx_word' id='word_1_419' title='bbox 200 5042 266 5086; x_wconf 92' lang='lat' dir='ltr'><strong>nec</strong></span> <span class='ocrx_word' id='word_1_420' title='bbox 279 5022 449 5105; x_wconf 90' lang='lat' dir='ltr'><strong>pietatem</strong></span> <span class='ocrx_word' id='word_1_421' title='bbox 462 5024 644 5105; x_wconf 89' lang='lat' dir='ltr'><strong>fovebant,</strong></span> <span class='ocrx_word' id='word_1_422' title='bbox 658 5043 724 5087; x_wconf 90' lang='lat' dir='ltr'><strong>nec</strong></span> <span class='ocrx_word' id='word_1_423' title='bbox 733 5025 779 5086; x_wconf 92' lang='lat' dir='ltr'><strong>ad</strong></span> <span class='ocrx_word' id='word_1_424' title='bbox 789 5024 928 5088; x_wconf 91' lang='lat' dir='ltr'><strong>criteria</strong></span> <span class='ocrx_word' id='word_1_425' title='bbox 939 5026 1030 5087; x_wconf 89' lang='lat' dir='ltr'><strong>veri-</strong></span> 
     </span>
     <span class='ocr_line' id='line_1_67' title="bbox 199 5145 1030 5227; baseline 0.004 -20"><span class='ocrx_word' id='word_1_426' title='bbox 199 5145 283 5207; x_wconf 89' lang='lat' dir='ltr'><strong>tatis</strong></span> <span class='ocrx_word' id='word_1_427' title='bbox 298 5145 487 5209; x_wconf 90' lang='lat' dir='ltr'><strong>historicae</strong></span> <span class='ocrx_word' id='word_1_428' title='bbox 504 5158 632 5208; x_wconf 88' lang='lat' dir='ltr'><strong>exacta</strong></span> <span class='ocrx_word' id='word_1_429' title='bbox 648 5155 759 5227; x_wconf 89' lang='lat' dir='ltr'><strong>erant,</strong></span> <span class='ocrx_word' id='word_1_430' title='bbox 777 5156 813 5209; x_wconf 92' lang='lat' dir='ltr'><strong>et</strong></span> <span class='ocrx_word' id='word_1_431' title='bbox 825 5147 915 5210; x_wconf 90' lang='lat' dir='ltr'><strong>ratio</strong></span> <span class='ocrx_word' id='word_1_432' title='bbox 927 5147 1030 5210; x_wconf 88' lang='lat' dir='ltr'><strong>huius</strong></span> 
     </span>
     <span class='ocr_line' id='line_1_68' title="bbox 200 5265 1029 5349; baseline 0.005 -22"><span class='ocrx_word' id='word_1_433' title='bbox 200 5266 309 5333; x_wconf 86' lang='lat' dir='ltr'><strong>divini</strong></span> <span class='ocrx_word' id='word_1_434' title='bbox 325 5265 431 5329; x_wconf 89' lang='lat' dir='ltr'><strong>officii</strong></span> <span class='ocrx_word' id='word_1_435' title='bbox 448 5270 493 5329; x_wconf 92' lang='lat' dir='ltr'><strong>ab</strong></span> <span class='ocrx_word' id='word_1_436' title='bbox 510 5268 580 5349; x_wconf 93' lang='lat' dir='ltr'><strong>illo,</strong></span> <span class='ocrx_word' id='word_1_437' title='bbox 604 5270 700 5349; x_wconf 94' lang='lat' dir='ltr'><strong>quod</strong></span> <span class='ocrx_word' id='word_1_438' title='bbox 716 5289 741 5331; x_wconf 90' lang='lat' dir='ltr'><strong>s.</strong></span> <span class='ocrx_word' id='word_1_439' title='bbox 759 5268 977 5331; x_wconf 91' lang='lat' dir='ltr'><strong>Benedictus</strong></span> <span class='ocrx_word' id='word_1_440' title='bbox 994 5269 1029 5331; x_wconf 91' lang='lat' dir='ltr'><strong>in</strong></span> 
     </span>
     <span class='ocr_line' id='line_1_69' title="bbox 199 5388 1028 5472; baseline 0.002 -22"><span class='ocrx_word' id='word_1_441' title='bbox 199 5407 263 5450; x_wconf 89' lang='lat' dir='ltr'><strong>sua</strong></span> <span class='ocrx_word' id='word_1_442' title='bbox 286 5388 410 5470; x_wconf 83' lang='lat' dir='ltr'><strong>regula</strong></span> <span class='ocrx_word' id='word_1_443' title='bbox 433 5389 601 5451; x_wconf 90' lang='lat' dir='ltr'><strong>adcurate</strong></span> <span class='ocrx_word' id='word_1_444' title='bbox 626 5389 872 5471; x_wconf 89' lang='lat' dir='ltr'><strong>praescripsit,</strong></span> <span class='ocrx_word' id='word_1_445' title='bbox 897 5389 1028 5472; x_wconf 85' lang='lat' dir='ltr'><strong>longis-</strong></span> 
     </span>
    </p>
   </div>
   <div class='ocr_carea' id='block_1_14' title="bbox 1108 4515 1944 5474">
    <p class='ocr_par' dir='ltr' id='par_1_14' title="bbox 1108 4515 1944 5474">
     <span class='ocr_line' id='line_1_70' title="bbox 1112 4515 1944 4619; baseline 0 -21"><span class='ocrx_word' id='word_1_446' title='bbox 1112 4536 1269 4600; x_wconf 91' lang='lat' dir='ltr'><strong>Blasiani</strong></span> <span class='ocrx_word' id='word_1_447' title='bbox 1282 4538 1369 4599; x_wconf 91' lang='lat' dir='ltr'><strong>satis</strong></span> <span class='ocrx_word' id='word_1_448' title='bbox 1383 4515 1716 4619; x_wconf 80' lang='lat' dir='ltr'><strong>animadverterent,</strong></span> <span class='ocrx_word' id='word_1_449' title='bbox 1734 4538 1867 4619; x_wconf 89' lang='lat' dir='ltr'><strong>optimo</strong></span> <span class='ocrx_word' id='word_1_450' title='bbox 1880 4539 1944 4599; x_wconf 88' lang='lat' dir='ltr'><strong>ab·</strong></span> 
     </span>
     <span class='ocr_line' id='line_1_71' title="bbox 1111 4659 1944 4722; baseline -0.001 -1"><span class='ocrx_word' id='word_1_451' title='bbox 1111 4659 1185 4721; x_wconf 89' lang='lat' dir='ltr'><strong>bati</strong></span> <span class='ocrx_word' id='word_1_452' title='bbox 1216 4659 1406 4722; x_wconf 87' lang='lat' dir='ltr'><strong>universim</strong></span> <span class='ocrx_word' id='word_1_453' title='bbox 1437 4661 1605 4722; x_wconf 90' lang='lat' dir='ltr'><strong>musicam</strong></span> <span class='ocrx_word' id='word_1_454' title='bbox 1636 4659 1944 4722; x_wconf 87' lang='lat' dir='ltr'><strong>instrumentalem</strong></span> 
     </span>
     <span class='ocr_line' id='line_1_72' title="bbox 1111 4780 1944 4863; baseline 0 -20"><span class='ocrx_word' id='word_1_455' title='bbox 1111 4801 1174 4843; x_wconf 91' lang='lat' dir='ltr'><strong>seu</strong></span> <span class='ocrx_word' id='word_1_456' title='bbox 1189 4780 1374 4863; x_wconf 85' lang='lat' dir='ltr'><strong>figuralem</strong></span> <span class='ocrx_word' id='word_1_457' title='bbox 1392 4782 1427 4845; x_wconf 91' lang='lat' dir='ltr'><strong>in</strong></span> <span class='ocrx_word' id='word_1_458' title='bbox 1444 4784 1594 4845; x_wconf 88' lang='lat' dir='ltr'><strong>ecclesia</strong></span> <span class='ocrx_word' id='word_1_459' title='bbox 1614 4783 1756 4845; x_wconf 91' lang='lat' dir='ltr'><strong>omnino</strong></span> <span class='ocrx_word' id='word_1_460' title='bbox 1777 4802 1847 4844; x_wconf 90' lang='lat' dir='ltr'><strong>non</strong></span> <span class='ocrx_word' id='word_1_461' title='bbox 1867 4783 1944 4863; x_wconf 92' lang='lat' dir='ltr'><strong>pla-</strong></span> 
     </span>
     <span class='ocr_line' id='line_1_73' title="bbox 1112 4904 1943 4986; baseline 0.001 -21"><span class='ocrx_word' id='word_1_462' title='bbox 1112 4923 1201 4984; x_wconf 90' lang='lat' dir='ltr'><strong>cere,</strong></span> <span class='ocrx_word' id='word_1_463' title='bbox 1226 4904 1468 4984; x_wconf 85' lang='lat' dir='ltr'><strong>capitulariter</strong></span> <span class='ocrx_word' id='word_1_464' title='bbox 1489 4914 1700 4986; x_wconf 92' lang='lat' dir='ltr'><strong>statuerunt,</strong></span> <span class='ocrx_word' id='word_1_465' title='bbox 1721 4914 1761 4967; x_wconf 93' lang='lat' dir='ltr'><strong>ut</strong></span> <span class='ocrx_word' id='word_1_466' title='bbox 1781 4924 1823 4966; x_wconf 91' lang='lat' dir='ltr'><strong>ea</strong></span> <span class='ocrx_word' id='word_1_467' title='bbox 1844 4904 1943 4967; x_wconf 91' lang='lat' dir='ltr'><strong>dein-</strong></span> 
     </span>
     <span class='ocr_line' id='line_1_74' title="bbox 1111 5025 1944 5107; baseline 0 -20"><span class='ocrx_word' id='word_1_468' title='bbox 1111 5045 1196 5107; x_wconf 93' lang='lat' dir='ltr'><strong>ceps</strong></span> <span class='ocrx_word' id='word_1_469' title='bbox 1208 5025 1351 5107; x_wconf 89' lang='lat' dir='ltr'><strong>penitus</strong></span> <span class='ocrx_word' id='word_1_470' title='bbox 1363 5027 1595 5107; x_wconf 90' lang='lat' dir='ltr'><strong>omitteretur,</strong></span> <span class='ocrx_word' id='word_1_471' title='bbox 1609 5036 1645 5088; x_wconf 93' lang='lat' dir='ltr'><strong>et</strong></span> <span class='ocrx_word' id='word_1_472' title='bbox 1657 5036 1782 5089; x_wconf 90' lang='lat' dir='ltr'><strong>cantus</strong></span> <span class='ocrx_word' id='word_1_473' title='bbox 1791 5026 1944 5088; x_wconf 90' lang='lat' dir='ltr'><strong>choralis</strong></span> 
     </span>
     <span class='ocr_line' id='line_1_75' title="bbox 1110 5147 1943 5229; baseline 0.001 -21"><span class='ocrx_word' id='word_1_474' title='bbox 1110 5147 1145 5209; x_wconf 92' lang='lat' dir='ltr'><strong>in</strong></span> <span class='ocrx_word' id='word_1_475' title='bbox 1162 5147 1237 5208; x_wconf 91' lang='lat' dir='ltr'><strong>eius</strong></span> <span class='ocrx_word' id='word_1_476' title='bbox 1257 5148 1372 5210; x_wconf 91' lang='lat' dir='ltr'><strong>locum</strong></span> <span class='ocrx_word' id='word_1_477' title='bbox 1393 5151 1610 5211; x_wconf 89' lang='lat' dir='ltr'><strong>succederet.</strong></span> <span class='ocrx_word' id='word_1_478' title='bbox 1635 5149 1681 5210; x_wconf 90' lang='lat' dir='ltr'><strong>Et</strong></span> <span class='ocrx_word' id='word_1_479' title='bbox 1704 5149 1754 5211; x_wconf 90' lang='lat' dir='ltr'><strong>ita</strong></span> <span class='ocrx_word' id='word_1_480' title='bbox 1778 5149 1859 5229; x_wconf 92' lang='lat' dir='ltr'><strong>pius</strong></span> <span class='ocrx_word' id='word_1_481' title='bbox 1879 5148 1943 5210; x_wconf 89' lang='lat' dir='ltr'><strong>ab·</strong></span> 
     </span>
     <span class='ocr_line' id='line_1_76' title="bbox 1109 5269 1941 5351; baseline 0.002 -21"><span class='ocrx_word' id='word_1_482' title='bbox 1109 5271 1174 5330; x_wconf 91' lang='lat' dir='ltr'><strong>bas</strong></span> <span class='ocrx_word' id='word_1_483' title='bbox 1191 5269 1308 5331; x_wconf 91' lang='lat' dir='ltr'><strong>omnia</strong></span> <span class='ocrx_word' id='word_1_484' title='bbox 1325 5271 1485 5351; x_wconf 89' lang='lat' dir='ltr'><strong>tentavit,</strong></span> <span class='ocrx_word' id='word_1_485' title='bbox 1508 5281 1546 5332; x_wconf 89' lang='lat' dir='ltr'><strong>ut</strong></span> <span class='ocrx_word' id='word_1_486' title='bbox 1568 5271 1683 5333; x_wconf 93' lang='lat' dir='ltr'><strong>cultus</strong></span> <span class='ocrx_word' id='word_1_487' title='bbox 1706 5270 1846 5333; x_wconf 90' lang='lat' dir='ltr'><strong>divinus</strong></span> <span class='ocrx_word' id='word_1_488' title='bbox 1862 5270 1897 5332; x_wconf 91' lang='lat' dir='ltr'><strong>in</strong></span> <span class='ocrx_word' id='word_1_489' title='bbox 1914 5292 1941 5332; x_wconf 92' lang='lat' dir='ltr'><strong>s.</strong></span> 
     </span>
     <span class='ocr_line' id='line_1_77' title="bbox 1108 5391 1944 5474; baseline 0.002 -22"><span class='ocrx_word' id='word_1_490' title='bbox 1108 5391 1228 5454; x_wconf 90' lang='lat' dir='ltr'><strong>Blasio</strong></span> <span class='ocrx_word' id='word_1_491' title='bbox 1243 5391 1413 5473; x_wconf 91' lang='lat' dir='ltr'><strong>pietatem</strong></span> <span class='ocrx_word' id='word_1_492' title='bbox 1430 5394 1616 5474; x_wconf 90' lang='lat' dir='ltr'><strong>redoleret,</strong></span> <span class='ocrx_word' id='word_1_493' title='bbox 1638 5394 1684 5455; x_wconf 94' lang='lat' dir='ltr'><strong>ad</strong></span> <span class='ocrx_word' id='word_1_494' title='bbox 1700 5392 1944 5455; x_wconf 89' lang='lat' dir='ltr'><strong>sanctissimo-</strong></span> 
     </span>
    </p>
   </div>
   <div class='ocr_carea' id='block_1_15' title="bbox 0 0 2094 6196">
    <p class='ocr_par' dir='ltr' id='par_1_15' title="bbox 0 0 2094 6196">
     <span class='ocr_line' id='line_1_78' title="bbox 0 0 2094 6196; baseline 0 0"><span class='ocrx_word' id='word_1_495' title='bbox 0 0 2094 6196; x_wconf 95' lang='lat' dir='ltr'><strong> </strong></span> 
     </span>
    </p>
   </div>
  </div>
 </body>
</html>
