4178 6196
914 443 1171 514 „25-

251 639 334 696 XVI.
351 640 479 696 Notizen
494 635 654 712 bezdglich
670 636 725 693 des
740 636 842 693 Alters
863 634 918 690 der
933 633 1000 690 dem

170 743 254 801 Stiste
270 742 431 817 Gdttweig
447 743 668 818 incorporirten
684 741 810 798 Plarren
826 739 885 796 und
898 739 1001 795 Loka-

170 850 225 905 Iien
246 851 274 904 in
291 848 347 905 der
368 846 414 905 St.
431 847 554 904 Poltner
569 847 712 903 Didcese.
732 843 763 923 (i.
785 864 812 902 e.
835 845 881 900 De
903 858 1002 900 aetate

170 954 380 1030 parochiarum
397 952 434 1008 ad
451 970 531 1009 mon.
548 951 748 1008 Gottvicense
769 945 1002 1027 pertinentium.)

170 1057 201 1115 S.
228 1058 398 1134 Hippolyti.
435 1056 525 1130 1859.
555 1055 831 1113 Diome-Chronik
857 1053 916 1109 und
941 1052 1003 1109 Ge·

172 1164 313 1221 schichte.
331 1183 362 1239 p.
384 1176 452 1236 135.

253 1287 351 1344 XVII.
365 1282 535 1359 'I'agebuch
547 1284 690 1341 wahrend
707 1283 761 1339 der
778 1281 1003 1339 franzosischen

172 1393 310 1448 Invasion
333 1392 362 1446 in
386 1389 543 1464 Gottweig
567 1388 625 1444 und
647 1386 829 1462 Umgebung
855 1387 893 1442 im
913 1386 1003 1460 Jahre

177 1495 263 1570 1809.
297 1491 327 1573 (i.
351 1513 378 1551 e.
403 1495 480 1551 Acta
503 1494 610 1550 diurna
633 1507 771 1569 tempore
794 1491 1004 1566 occupationis

172 1598 443 1657 Franco-Gallicae
464 1596 566 1677 1809.)
583 1597 685 1654 Kinzls
701 1597 836 1654 Chronik
853 1596 881 1654 d.
896 1593 1003 1652 Stadte

123 1758 128 1768 ,
174 1707 278 1762 Krems
296 1704 356 1760 und
372 1702 468 1761 Stein.
490 1703 581 1777 1869.
598 1722 628 1779 p.
644 1716 718 1776 355.

255 1826 368 1884 XVIII.
386 1824 571 1882 Geschichte
587 1824 642 1880 des
654 1824 926 1881 Lorch·Passauer
937 1827 1003 1880 Bis·

173 1931 287 1986 thumes
310 1929 358 1986 bis
381 1949 447 1986 zum
471 1928 560 1985 Tode
586 1930 735 2004 Pilgrims.
762 1925 792 2006 (i.
817 1948 843 1986 e.
868 1930 1004 1986 Historia

173 2037 366 2111 episcopatus
388 2031 793 2112 Laureaci·Passaviensis)
814 2035 870 2090 Ma.
891 2050 903 2089 1
930 2049 1002 2091 tom.

173 2143 199 2196 111
214 2140 329 2196 archiu.
346 2139 453 2196 Gottv.
470 2139 590 2196 adserv.

256 2339 460 2414 Boeckhn
501 2350 701 2413 Placidus
740 2332 774 2434 (a
811 2372 838 2414 s.
876 2351 1002 2415 Petro

175 2466 437 2552 Salisburgi),
451 2469 614 2532 Bavarus
627 2488 673 2531 ex
682 2468 860 2532 Miinchen
878 2475 925 2534 13.
938 2470 1002 2534 Iul.

178 2595 256 2670 1690
287 2591 593 2674 natus-novitius
626 2610 673 2656 10.
697 2592 773 2655 Iun.
805 2596 896 2673 1705,
930 2612 1002 2655 mo-

175 2714 306 2777 nachus
327 2712 512 2797 professus
542 2718 589 2777 18.
613 2713 677 2777 Iul.
704 2719 785 2792 1706
792 2764 801 2795 ‚
828 2714 1003 2777 absolutis

176 2835 208 2898 in
232 2837 326 2899 alma
362 2835 597 2898 Benedictina
629 2834 896 2918 Salisburgensi
930 2847 1002 2899 stu-

176 2959 240 3021 diis
262 2957 517 3039 philosophicis
538 2968 574 3021 et
589 2957 810 3040 theologicis,
833 2979 883 3036 24.
902 2957 1001 3040 Sept.

179 3087 254 3160 1713
272 3090 462 3163 neomysta
477 3080 524 3142 ad
545 3100 642 3143 aram
659 3079 769 3144 stetit.
793 3080 900 3143 Anno
922 3085 1000 3161 1715

176 3207 222 3266 26.
238 3202 345 3265 Febr.
373 3203 556 3283 utriusque
584 3202 669 3265 iuris
695 3203 819 3266 doctor
842 3202 1002 3265 sollemni

174 3325 239 3416 ritu
258 3335 401 3388 creatus
418 3344 564 3388 munera
589 3325 850 3387 bibliothecarii
870 3334 915 3406 et,
940 3327 1002 3387 ob·

175 3457 270 3510 tenta
286 3446 415 3509 notarii
431 3447 564 3528 publici
580 3447 803 3529 auctoritate,
820 3446 1003 3510 secretarii

175 3570 340 3633 abbatiae
352 3569 522 3650 suscepit.
539 3569 645 3631 Anno
663 3573 742 3647 1718
753 3569 908 3632 Romam
920 3569 1002 3631 mis-

175 3712 240 3775 sus,
257 3692 362 3755 binas
379 3712 507 3755 causas
521 3691 653 3754 ibidem
670 3694 859 3755 haerentes
872 3703 1002 3755 tracta·

175 3827 280 3897 1111110,
308 3815 391 3878 111110
420 3835 500 3894 1720
524 3817 639 3878 redux
662 3835 755 3878 anno
779 3814 944 3897 sequenti
967 3815 1002 3877 in

175 3935 404 4001 universitate
426 3935 692 4020 Salisburgensi
716 3937 770 3999 ius
794 3937 1001 4000 canonicum

174 4063 299 4124 docere
313 4059 433 4140 coepit
446 4069 482 4122 et
496 4079 608 4141 usque
622 4061 669 4121 ad
682 4079 811 4122 annum
825 4064 904 4139 1733
920 4078 1001 4123 con-

174 4182 334 4265 tinuavit,
366 4201 436 4263 quo
464 4202 483 4245 e
511 4184 683 4246 cathedra
709 4182 803 4265 iuris,
834 4202 1001 4264 suprema

173 4307 290 4370 laurea
306 4326 335 4368 s,
356 4305 559 4387 theologiae
581 4306 780 4387 decoratus,
805 4307 851 4367 ad
872 4306 1002 4369 docen-

173 4430 250 4491 dam
267 4449 295 4492 s.
313 4427 526 4509 scripturam
542 4437 748 4509 assumptus
769 4439 834 4490 est.
857 4428 917 4491 Ad
939 4428 1001 4492 ini-

172 4551 255 4616 tium
276 4552 360 4615 anni
385 4571 466 4630 1729
487 4551 590 4613 01111111
607 4551 907 4632 procancellarius
927 4550 1002 4614 uni-

172 4675 348 4739 versitatis
372 4674 517 4755 electus,
547 4678 625 4752 1734
650 4673 811 4736 sollemni
833 4673 1003 4737 erectioni

173 4795 411 4861 universitatis
427 4796 456 4857 F
458 4795 616 4858 uldensis
639 4793 807 4876 interfuit,
832 4794 959 4876 inqua
982 4817 1003 4858 a

172 4921 329 5002 principe
355 4920 488 4981 abbate
511 4916 680 4980 Fuldensi
704 4917 872 4998 Adolpho
896 4937 1003 4979 mem-

171 5044 269 5106 brum
301 5051 343 5105 et
372 5042 539 5103 adsessor
567 5040 748 5103 facultatis
779 5039 1003 5122 theologicae

171 5163 358 5228 Fuldensis
374 5163 595 5226 renuntiatus
612 5172 677 5225 est.
701 5162 905 5244 Resignata
923 5182 999 5240 1741

170 5288 339 5349 cathedra
361 5304 388 5346 s.
409 5283 606 5364 scripturae
632 5295 668 5346 et
688 5303 832 5346 munere
853 5302 1002 5366 procan-

170 5407 310 5490 cellarii,
323 5406 473 5488 primurn
487 5406 662 5487 parochus
676 5405 710 5466 in
725 5405 928 5487 Dornbach‚
942 5405 1003 5466 de-

1081 647 1174 690 mum
1199 633 1278 707 1743
1303 626 1465 709 superior
1484 626 1519 689 in
1535 626 1768 690 Maria-Plain
1784 629 1915 692 consti-

1081 759 1190 831 1111110,
1206 749 1295 813 obiit
1313 772 1341 828 9.
1359 749 1463 813 Febr.
1485 753 1575 828 1752.

1171 888 1377 971 Sequuntur
1393 889 1468 951 eius
1485 889 1633 970 scripta:

1170 1017 1192 1072 1.
1214 1015 1452 1091 lurisprudentia
1473 1029 1688 1085 controversa,
1710 1036 1763 1074 seu
1784 1018 1913 1075 nobilio·

1083 1140 1147 1176 rum
1172 1123 1381 1195 quaestionum
1409 1122 1481 1176 iuris
1506 1123 1637 1177 universi
1666 1134 1725 1179 tarn
1753 1125 1781 1178 in
1809 1124 1914 1181 schola

1083 1244 1172 1300 quarn
1197 1225 1265 1281 soro
1286 1227 1413 1281 maxime
1433 1225 1590 1282 dubiarum
1613 1227 1710 1282 solida
1731 1228 1914 1304 disquisitio,

1083 1328 1262 1403 Salisburgi
1279 1330 1374 1404 Mayr.
1397 1329 1487 1403 1718.
1504 1337 1546 1403 4⁰.
1563 1328 1628 1402 360
1644 1351 1673 1406 p.

1170 1443 1207 1499 II.
1234 1443 1398 1499 Tractatus
1423 1442 1460 1498 ‹le
1483 1443 1678 1519 sponsalibus
1701 1464 1737 1502 ac
1762 1449 1915 1503 matrimo-

1083 1548 1143 1604 nio.
1161 1546 1235 1604 Ibid.
1258 1561 1347 1620 1722.
1364 1554 1407 1620 4⁰.

1171 1660 1222 1717 III.
1239 1660 1335 1717 Liber
1351 1661 1400 1717 IV.
1419 1660 1623 1719 decretalium.
1640 1662 1716 1721 Ibid.
1738 1679 1828 1738 1722.
1846 1673 1888 1738 4⁰.

1171 1774 1220 1830 IV.
1237 1773 1333 1829 Liber
1349 1774 1385 1829 11.
1405 1774 1608 1832 decretalium.
1627 1776 1702 1833 Ibid.
1723 1791 1814 1851 1723.
1830 1785 1875 1852 4⁰.

1170 1886 1205 1942 V.
1223 1885 1387 1942 Tractatus
1403 1885 1440 1941 de
1457 1886 1575 1943 iudiciis
1588 1902 1618 1944 et
1632 1908 1778 1964 processu
1791 1892 1915 1949 iudicia·

1084 1992 1140 2047 rio.
1157 1990 1233 2047 Ibid.
1255 2005 1346 2064 1723.
1364 1997 1406 2064 4⁰.

1170 2105 1221 2161 VI.
1239 2104 1431 2180 Responsum
1448 2106 1604 2162 iuridicum
1626 2110 1655 2163 in
1676 2111 1777 2165 causis
1791 2110 1915 2168 Antonii

1084 2226 1161 2265 com.
1175 2209 1214 2265 ab
1223 2208 1341 2265 Attems
1355 2223 1461 2266 contra
1474 2224 1612 2285 agnatos.
1626 2210 1805 2290 Salisburgi.
1819 2217 1914 2291 Mayr.

1088 2326 1178 2386 1723.
1196 2314 1261 2370 Fol.
1281 2328 1318 2387 72
1338 2333 1367 2389 p.

1101 2432 1109 2465 s
1170 2427 1236 2484 VII.
1246 2426 1411 2484 Tractatus
1423 2428 1461 2483 ad
1474 2428 1582 2485 librum
1594 2430 1616 2485 l.
1631 2431 1824 2489 decretalium
1838 2434 1916 2491 Gre-

1083 2533 1162 2605 gorii
1180 2532 1231 2588 IX.
1249 2530 1324 2588 Ibid.
1347 2546 1436 2605 1724.
1454 2541 1498 2606 4⁰.

1170 2644 1250 2700 VIII.
1273 2642 1368 2700 Liber
1383 2645 1419 2702 V.
1438 2645 1642 2704 decretalium.
1667 2648 1743 2707 Ibid.
1765 2664 1854 2724 1725.
1871 2657 1914 2724 4⁰.

1170 2757 1222 2812 IX.
1233 2757 1398 2814 Tractatus
1411 2757 1448 2813 de
1461 2757 1578 2814 delictis
1591 2760 1629 2815 ad
1643 2760 1750 2817 librum
1759 2762 1796 2819 V.
1810 2763 1915 2819 decre·

1083 2862 1194 2918 talium.
1213 2860 1288 2918 lbid.
1311 2875 1401 2935 1725.
1418 2869 1461 2935 4⁰.

1169 2975 1206 3031 X.
1224 2974 1389 3031 Tractatus
1406 2974 1443 3030 de
1460 2974 1552 3044 clero,
1569 2995 1621 3032 seu
1636 2975 1873 3051 obligationibus
1885 2994 1915 3037 et

1083 3078 1201 3147 officiis,
1223 3078 1378 3135 beneficiis
1400 3094 1430 3135 et
1450 3079 1564 3137 iuribus
1588 3083 1745 3156 utriusque
1769 3083 1852 3151 cleri,
1876 3086 1914 3142 ad

1083 3197 1198 3259 partem
1220 3185 1242 3240 I.
1260 3184 1329 3242 libri
1345 3185 1397 3241 III.
1416 3185 1620 3242 decretalium.
1650 3186 1725 3244 Ibid.
1755 3188 1845 3261 1728.
1870 3197 1914 3263 4⁰.

1082 3288 1142 3345 vol.
1161 3305 1190 3346 2.

1169 3394 1222 3450 XI.
1232 3393 1556 3451 Selectaadditionalia
1569 3397 1597 3451 in
1607 3396 1827 3471 praecedentes
1836 3412 1916 3456 trac·

1083 3512 1163 3555 tatus
1176 3499 1331 3564 iuridicos.
1340 3501 1405 3555 sive
1414 3503 1608 3575 quaestiones
1617 3487 1788 3575 singulares
1801 3521 1838 3559 ex
1850 3507 1915 3560 uni·

1081 3622 1174 3659 verso
1190 3605 1264 3660 iure.
1282 3603 1357 3661 Ibid.
1380 3618 1469 3678 1729.
1487 3612 1529 3678 4⁰.
1548 3619 1608 3679 297
1627 3626 1656 3681 p.

1168 3717 1236 3772 XII.
1254 3717 1419 3773 Tractatus
1436 3717 1473 3773 de
1489 3720 1794 3794 praescriptionibus
1811 3736 1914 3798 partes

1082 3820 1168 3878 duae.
1186 3821 1261 3879 Ibid.
1284 3823 1360 3895 1731
1381 3837 1410 3878 et
1431 3837 1520 3895 1732.
1537 3830 1580 3894 4⁰.

1168 3935 1250 3992 XIII.
1275 3936 1449 4011 Disputatio
1471 3955 1507 3992 ex
1528 3939 1592 3993 iure
1614 3941 1761 3995 canonico
1784 3954 1814 3996 et
1834 3941 1913 3997 civili

1081 4040 1119 4096 de
1140 4042 1204 4096 iure
1221 4039 1385 4096 deducendi
1405 4040 1479 4096 duas
1497 4055 1610 4117 partes,
1628 4042 1789 4117 legitimam
1808 4059 1839 4101 et
1855 4058 1915 4101 tre-

1082 4143 1279 4202 bellianicam.
1295 4143 1370 4201 Ibid.
1393 4159 1483 4217 1732.
1501 4145 1543 4201 8⁰.
1561 4165 1590 4221 p.
1609 4145 1660 4218 83.

1168 4258 1248 4314 XIV.
1270 4258 1464 4313 Manuductio
1485 4258 1523 4314 ad
1545 4260 1808 4334 iurisprudentiam
1825 4263 1914 4319 Iusti·

1081 4363 1228 4418 nianeam.
1245 4360 1320 4418 Ibid.
1343 4375 1419 4435 1733
1440 4375 1470 4418 et
1489 4377 1580 4436 1735.
1596 4370 1638 4436 4⁰.

1168 4467 1234 4523 XV.
1256 4467 1379 4542 Prcdigt
1399 4467 1459 4543 bey
1475 4467 1530 4524 der
1550 4467 1733 4543 seyerlichen
1750 4470 1914 4529 Uebertra-

1082 4591 1165 4646 gung
1178 4572 1232 4627 des
1241 4571 1467 4628 Gnadenbildes
1479 4592 1514 4627 zu
1527 4573 1714 4629 MariaPlaIn
1727 4593 1774 4630 arn
1788 4574 1817 4632 8.
1827 4575 1913 4652 Sept.

1088 4690 1178 4750 1732.
1196 4673 1342 4754 (Concio.)
1363 4676 1563 4751 Abgedrucltt
1579 4680 1622 4735 in:
1645 4677 1841 4737 Uebersetztc
1855 4680 1914 4738 Ar·

1084 4781 1160 4837 chen
1187 4781 1240 4836 des
1268 4781 1401 4849 80111100,
1430 4781 1458 4838 d.
1483 4784 1502 4838 i.
1526 4782 1580 4838 das
1604 4782 1794 4841 Gnadenbild
1817 4787 1913 4842 Maria

1084 4886 1112 4941 Τ
1115 4898 1180 4942 1001
1195 4904 1241 4941 am
1259 4885 1351 4942 Plain.
1368 4885 1527 4961 Salzburg.
1549 4900 1639 4961 1733.
1657 4894 1700 4961 4⁰.

1170 4992 1250 5049 XVI.
1275 4992 1515 5049 Commentarius
1537 4995 1565 5049 in
1586 4995 1632 5049 ius
1653 4997 1828 5060 canonicum
1849 4998 1913 5052 uni-

1082 5115 1213 5160 versum,
1231 5098 1295 5151 sive
1312 5097 1340 5151 in
1357 5097 1382 5153 V
1398 5077 1494 5154 libro's
1512 5096 1714 5154 decretalium.
1732 5097 1912 5174 SalisburgI.

1083 5200 1178 5273 Matr·
1200 5212 1420 5274 1735-1739·
1437 5200 1502 5256 Fol·
1516 5203 1588 5257 tomi
1601 5215 1630 5273 a·
1649 5203 1911 5279 1·1735·r›·⁵40;

1082 5304 1119 5360 11·
1153 5303 1242 5376 1738·
1270 5323 1299 5379 n·
1327 5318 1404 5376 5953
1433 5304 1485 5362 ¹11·
1513 5318 1602 5378 1739·
1634 5325 1663 5382 a·
1691 5306 1754 5380 42⁶
1782 5321 1812 5363 et
1843 5322 1911 5381 145·

1083 5409 1191 5464 Recte:
1205 5408 1306 5464 Editio
1316 5408 1353 5465 ll.
1364 5409 1607 5483 praecedentium
1621 5424 1800 5468 tractatuum
1814 5413 1843 5468 in
1852 5415 1913 5502 sip·

1682 5525 1698 5572 4
