<?xml version="1.0" encoding="UTF-8"?>
<!DOCTYPE html PUBLIC "-//W3C//DTD XHTML 1.0 Transitional//EN"
    "http://www.w3.org/TR/xhtml1/DTD/xhtml1-transitional.dtd">
<html xmlns="http://www.w3.org/1999/xhtml" xml:lang="en" lang="en">
 <head>
  <title>
</title>
<meta http-equiv="Content-Type" content="text/html;charset=utf-8" />
  <meta name='ocr-system' content='tesseract 3.04.00' />
  <meta name='ocr-capabilities' content='ocr_page ocr_carea ocr_par ocr_line ocrx_word'/>
</head>
<body>
  <div class='ocr_page' id='page_1' title='image "./scriptoresordin00austgoog_0485.png"; bbox 0 0 4178 6196; ppageno 0'>
   <div class='ocr_carea' id='block_1_1' title="bbox 958 410 1239 517">
    <p class='ocr_par' dir='ltr' id='par_1_1' title="bbox 958 410 1239 517">
     <span class='ocr_line' id='line_1_1' title="bbox 958 410 1239 517; baseline 0.014 -25"><span class='ocrx_word' id='word_1_1' title='bbox 958 410 1239 517; x_wconf 49' lang='lat' dir='ltr'>’‘356ss</span> 
     </span>
    </p>
   </div>
   <div class='ocr_carea' id='block_1_2' title="bbox 228 607 1057 878">
    <p class='ocr_par' dir='ltr' id='par_1_2' title="bbox 228 607 1057 878">
     <span class='ocr_line' id='line_1_2' title="bbox 260 607 1057 690; baseline 0.003 -24"><span class='ocrx_word' id='word_1_2' title='bbox 260 610 263 614; x_wconf 80' lang='grc'><strong><em>’</em></strong></span> <span class='ocrx_word' id='word_1_3' title='bbox 317 611 355 666; x_wconf 93' lang='grc' dir='ltr'>ΙΙ.</span> <span class='ocrx_word' id='word_1_4' title='bbox 373 609 497 684; x_wconf 89' lang='lat' dir='ltr'>Predigt</span> <span class='ocrx_word' id='word_1_5' title='bbox 512 629 572 666; x_wconf 77' lang='lat' dir='ltr'>von</span> <span class='ocrx_word' id='word_1_6' title='bbox 589 609 642 667; x_wconf 88' lang='lat' dir='ltr'>der</span> <span class='ocrx_word' id='word_1_7' title='bbox 659 610 865 668; x_wconf 90' lang='lat' dir='ltr'>Communion.</span> <span class='ocrx_word' id='word_1_8' title='bbox 883 607 913 690; x_wconf 89' lang='lat' dir='ltr'>(i.</span> <span class='ocrx_word' id='word_1_9' title='bbox 926 629 953 667; x_wconf 92' lang='lat' dir='ltr'>e.</span> <span class='ocrx_word' id='word_1_10' title='bbox 970 612 1017 668; x_wconf 89' lang='lat' dir='ltr'>De</span> <span class='ocrx_word' id='word_1_11' title='bbox 1033 632 1057 669; x_wconf 92' lang='lat' dir='ltr'>s.</span> 
     </span>
     <span class='ocr_line' id='line_1_3' title="bbox 228 712 1057 794; baseline 0.004 -24"><span class='ocrx_word' id='word_1_12' title='bbox 228 712 459 794; x_wconf 87' lang='lat' dir='ltr'>communione.)</span> <span class='ocrx_word' id='word_1_13' title='bbox 488 730 498 771; x_wconf 91' lang='lat'>1</span> <span class='ocrx_word' id='word_1_14' title='bbox 526 715 585 771; x_wconf 81' lang='lat' dir='ltr'>vol.</span> <span class='ocrx_word' id='word_1_15' title='bbox 612 714 654 773; x_wconf 89' lang='lat'>8⁰.</span> <span class='ocrx_word' id='word_1_16' title='bbox 679 716 823 783; x_wconf 86' lang='lat' dir='ltr'>Viennae,</span> <span class='ocrx_word' id='word_1_17' title='bbox 854 729 951 790; x_wconf 83' lang='lat'>1795,</span> <span class='ocrx_word' id='word_1_18' title='bbox 979 717 1057 792; x_wconf 91' lang='lat' dir='ltr'>apud</span> 
     </span>
     <span class='ocr_line' id='line_1_4' title="bbox 228 820 500 878; baseline 0 -1"><span class='ocrx_word' id='word_1_19' title='bbox 228 821 339 878; x_wconf 86' lang='lat' dir='ltr'>Christ.</span> <span class='ocrx_word' id='word_1_20' title='bbox 358 820 500 878; x_wconf 89' lang='lat' dir='ltr'>Grosser.</span> 
     </span>
    </p>
   </div>
   <div class='ocr_carea' id='block_1_3' title="bbox 226 967 1058 2629">
    <p class='ocr_par' dir='ltr' id='par_1_3' title="bbox 226 967 1058 2279">
     <span class='ocr_line' id='line_1_5' title="bbox 315 967 1058 1063; baseline 0.005 -23"><span class='ocrx_word' id='word_1_21' title='bbox 315 967 610 1042; x_wconf 88' lang='lat' dir='ltr'>Prennsteiner</span> <span class='ocrx_word' id='word_1_22' title='bbox 626 979 879 1043; x_wconf 86' lang='lat' dir='ltr'>Ambrosius</span> <span class='ocrx_word' id='word_1_23' title='bbox 897 981 929 1063; x_wconf 84' lang='lat' dir='ltr'>(a</span> <span class='ocrx_word' id='word_1_24' title='bbox 946 1001 973 1044; x_wconf 90' lang='lat' dir='ltr'>s.</span> <span class='ocrx_word' id='word_1_25' title='bbox 986 981 1058 1044; x_wconf 88' lang='lat' dir='ltr'>Pe-</span> 
     </span>
     <span class='ocr_line' id='line_1_6' title="bbox 227 1095 1058 1181; baseline 0.001 -21"><span class='ocrx_word' id='word_1_26' title='bbox 227 1106 290 1160; x_wconf 93' lang='lat' dir='ltr'>tro</span> <span class='ocrx_word' id='word_1_27' title='bbox 304 1095 497 1161; x_wconf 88' lang='lat' dir='ltr'>Salisbur</span> <span class='ocrx_word' id='word_1_28' title='bbox 503 1098 566 1181; x_wconf 87' lang='lat' dir='ltr'>gi),</span> <span class='ocrx_word' id='word_1_29' title='bbox 576 1096 860 1180; x_wconf 74' lang='lat' dir='ltr'>salisburgensis</span> <span class='ocrx_word' id='word_1_30' title='bbox 872 1118 919 1160; x_wconf 84' lang='lat' dir='ltr'>ex</span> <span class='ocrx_word' id='word_1_31' title='bbox 933 1099 1058 1162; x_wconf 92' lang='lat' dir='ltr'>Alten-</span> 
     </span>
     <span class='ocr_line' id='line_1_7' title="bbox 227 1219 1056 1302; baseline 0.004 -20"><span class='ocrx_word' id='word_1_32' title='bbox 227 1220 354 1301; x_wconf 87' lang='lat' dir='ltr'>markt,</span> <span class='ocrx_word' id='word_1_33' title='bbox 367 1228 472 1282; x_wconf 88' lang='lat' dir='ltr'>natus</span> <span class='ocrx_word' id='word_1_34' title='bbox 490 1240 536 1281; x_wconf 90' lang='lat'>12.</span> <span class='ocrx_word' id='word_1_35' title='bbox 546 1219 632 1281; x_wconf 90' lang='lat' dir='ltr'>Dec.</span> <span class='ocrx_word' id='word_1_36' title='bbox 647 1224 737 1302; x_wconf 87' lang='lat'>1801,</span> <span class='ocrx_word' id='word_1_37' title='bbox 750 1219 905 1283; x_wconf 92' lang='lat' dir='ltr'>novitius</span> <span class='ocrx_word' id='word_1_38' title='bbox 917 1225 966 1284; x_wconf 81' lang='lat'>23.</span> <span class='ocrx_word' id='word_1_39' title='bbox 977 1220 1056 1285; x_wconf 89' lang='grc'><strong>011.</strong></span> 
     </span>
     <span class='ocr_line' id='line_1_8' title="bbox 232 1341 1056 1425; baseline 0.001 -21"><span class='ocrx_word' id='word_1_40' title='bbox 232 1346 329 1423; x_wconf 83' lang='lat'>1824,</span> <span class='ocrx_word' id='word_1_41' title='bbox 353 1343 547 1404; x_wconf 89' lang='lat' dir='ltr'>monachus</span> <span class='ocrx_word' id='word_1_42' title='bbox 571 1341 753 1424; x_wconf 88' lang='lat' dir='ltr'>professus</span> <span class='ocrx_word' id='word_1_43' title='bbox 784 1347 829 1405; x_wconf 83' lang='lat'>15.</span> <span class='ocrx_word' id='word_1_44' title='bbox 851 1343 938 1405; x_wconf 90' lang='lat' dir='ltr'>Dec.</span> <span class='ocrx_word' id='word_1_45' title='bbox 965 1347 1056 1425; x_wconf 85' lang='lat'>1825,</span> 
     </span>
     <span class='ocr_line' id='line_1_9' title="bbox 228 1462 1057 1546; baseline -0.001 -19"><span class='ocrx_word' id='word_1_46' title='bbox 228 1474 415 1546; x_wconf 88' lang='lat' dir='ltr'>neomysta</span> <span class='ocrx_word' id='word_1_47' title='bbox 436 1485 482 1526; x_wconf 94' lang='lat'>10.</span> <span class='ocrx_word' id='word_1_48' title='bbox 501 1462 601 1546; x_wconf 88' lang='lat' dir='ltr'>Sept.</span> <span class='ocrx_word' id='word_1_49' title='bbox 623 1469 713 1546; x_wconf 84' lang='lat'>1826,</span> <span class='ocrx_word' id='word_1_50' title='bbox 735 1464 909 1528; x_wconf 84' lang='lat' dir='ltr'>absolutis</span> <span class='ocrx_word' id='word_1_51' title='bbox 930 1464 1057 1528; x_wconf 87' lang='lat' dir='ltr'>studiis</span> 
     </span>
     <span class='ocr_line' id='line_1_10' title="bbox 227 1586 1057 1671; baseline 0.001 -22"><span class='ocrx_word' id='word_1_52' title='bbox 227 1586 438 1668; x_wconf 84' lang='lat' dir='ltr'>theologicis</span> <span class='ocrx_word' id='word_1_53' title='bbox 452 1586 656 1668; x_wconf 89' lang='lat' dir='ltr'>disciplinas</span> <span class='ocrx_word' id='word_1_54' title='bbox 668 1587 892 1650; x_wconf 82' lang='lat' dir='ltr'>humaniores</span> <span class='ocrx_word' id='word_1_55' title='bbox 908 1587 944 1650; x_wconf 91' lang='lat' dir='ltr'>in</span> <span class='ocrx_word' id='word_1_56' title='bbox 956 1608 1057 1671; x_wconf 90' lang='lat' dir='ltr'>gym-</span> 
     </span>
     <span class='ocr_line' id='line_1_11' title="bbox 228 1707 1057 1792; baseline 0.005 -23"><span class='ocrx_word' id='word_1_57' title='bbox 228 1708 328 1770; x_wconf 90' lang='lat' dir='ltr'>nasio</span> <span class='ocrx_word' id='word_1_58' title='bbox 352 1707 480 1771; x_wconf 90' lang='lat' dir='ltr'>Salisb.</span> <span class='ocrx_word' id='word_1_59' title='bbox 505 1727 570 1789; x_wconf 92' lang='lat' dir='ltr'>per</span> <span class='ocrx_word' id='word_1_60' title='bbox 598 1730 637 1787; x_wconf 85' lang='lat'>29</span> <span class='ocrx_word' id='word_1_61' title='bbox 663 1728 775 1771; x_wconf 88' lang='lat' dir='ltr'>annos</span> <span class='ocrx_word' id='word_1_62' title='bbox 802 1708 940 1791; x_wconf 89' lang='lat' dir='ltr'>docuit,</span> <span class='ocrx_word' id='word_1_63' title='bbox 968 1731 1057 1792; x_wconf 91' lang='lat' dir='ltr'>quas</span> 
     </span>
     <span class='ocr_line' id='line_1_12' title="bbox 228 1830 1058 1895; baseline 0.002 -3"><span class='ocrx_word' id='word_1_64' title='bbox 228 1831 309 1893; x_wconf 90' lang='lat' dir='ltr'>dein</span> <span class='ocrx_word' id='word_1_65' title='bbox 333 1851 410 1893; x_wconf 90' lang='lat' dir='ltr'>cum</span> <span class='ocrx_word' id='word_1_66' title='bbox 433 1830 525 1893; x_wconf 92' lang='lat' dir='ltr'>curis</span> <span class='ocrx_word' id='word_1_67' title='bbox 550 1830 783 1893; x_wconf 89' lang='lat' dir='ltr'>oecenomicis</span> <span class='ocrx_word' id='word_1_68' title='bbox 800 1831 1006 1894; x_wconf 89' lang='lat' dir='ltr'>monasterii</span> <span class='ocrx_word' id='word_1_69' title='bbox 1021 1841 1058 1895; x_wconf 93' lang='lat' dir='ltr'>et</span> 
     </span>
     <span class='ocr_line' id='line_1_13' title="bbox 226 1953 1057 2035; baseline 0.001 -20"><span class='ocrx_word' id='word_1_70' title='bbox 226 1963 309 2035; x_wconf 89' lang='lat' dir='ltr'>post</span> <span class='ocrx_word' id='word_1_71' title='bbox 330 1953 510 2015; x_wconf 90' lang='lat' dir='ltr'>biennium</span> <span class='ocrx_word' id='word_1_72' title='bbox 526 1972 610 2015; x_wconf 91' lang='lat' dir='ltr'>cura</span> <span class='ocrx_word' id='word_1_73' title='bbox 627 1953 821 2015; x_wconf 90' lang='lat' dir='ltr'>animarum</span> <span class='ocrx_word' id='word_1_74' title='bbox 836 1953 872 2016; x_wconf 91' lang='lat' dir='ltr'>in</span> <span class='ocrx_word' id='word_1_75' title='bbox 888 1954 1057 2034; x_wconf 90' lang='lat' dir='ltr'>parochia</span> 
     </span>
     <span class='ocr_line' id='line_1_14' title="bbox 228 2074 1056 2154; baseline 0 -17"><span class='ocrx_word' id='word_1_76' title='bbox 228 2075 398 2138; x_wconf 87' lang='lat' dir='ltr'>Abtenau</span> <span class='ocrx_word' id='word_1_77' title='bbox 426 2086 642 2138; x_wconf 90' lang='lat' dir='ltr'>commutare</span> <span class='ocrx_word' id='word_1_78' title='bbox 667 2075 782 2138; x_wconf 87' lang='lat' dir='ltr'>iussus</span> <span class='ocrx_word' id='word_1_79' title='bbox 807 2084 871 2139; x_wconf 87' lang='lat' dir='ltr'>est.</span> <span class='ocrx_word' id='word_1_80' title='bbox 904 2074 1004 2139; x_wconf 91' lang='lat' dir='ltr'>Obiit</span> <span class='ocrx_word' id='word_1_81' title='bbox 1027 2098 1056 2154; x_wconf 83' lang='lat'>4.</span> 
     </span>
     <span class='ocr_line' id='line_1_15' title="bbox 228 2195 610 2279; baseline -0.003 -18"><span class='ocrx_word' id='word_1_82' title='bbox 228 2196 307 2261; x_wconf 92' lang='lat' dir='ltr'>Oct.</span> <span class='ocrx_word' id='word_1_83' title='bbox 328 2201 418 2261; x_wconf 91' lang='grc'><strong>1868.</strong></span> <span class='ocrx_word' id='word_1_84' title='bbox 443 2195 610 2279; x_wconf 87' lang='lat' dir='ltr'>Scripsit:</span> 
     </span>
    </p>

    <p class='ocr_par' dir='ltr' id='par_1_4' title="bbox 227 2341 1057 2629">
     <span class='ocr_line' id='line_1_16' title="bbox 315 2341 1057 2418; baseline -0.001 -19"><span class='ocrx_word' id='word_1_85' title='bbox 315 2341 499 2399; x_wconf 87' lang='lat' dir='ltr'>Geschichte</span> <span class='ocrx_word' id='word_1_86' title='bbox 522 2343 576 2399; x_wconf 88' lang='lat' dir='ltr'>des</span> <span class='ocrx_word' id='word_1_87' title='bbox 600 2343 630 2399; x_wconf 89' lang='lat' dir='ltr'>k.</span> <span class='ocrx_word' id='word_1_88' title='bbox 653 2344 683 2398; x_wconf 90' lang='lat' dir='ltr'>k.</span> <span class='ocrx_word' id='word_1_89' title='bbox 707 2342 939 2400; x_wconf 88' lang='lat' dir='ltr'>akademischen</span> <span class='ocrx_word' id='word_1_90' title='bbox 963 2343 1057 2418; x_wconf 87' lang='lat' dir='ltr'>Gym-</span> 
     </span>
     <span class='ocr_line' id='line_1_17' title="bbox 229 2446 1056 2523; baseline 0.001 -20"><span class='ocrx_word' id='word_1_91' title='bbox 229 2449 361 2503; x_wconf 89' lang='lat' dir='ltr'>nasiums</span> <span class='ocrx_word' id='word_1_92' title='bbox 382 2468 417 2502; x_wconf 91' lang='lat' dir='ltr'>zu</span> <span class='ocrx_word' id='word_1_93' title='bbox 435 2446 594 2522; x_wconf 88' lang='lat' dir='ltr'>Salzburg,</span> <span class='ocrx_word' id='word_1_94' title='bbox 616 2446 851 2523; x_wconf 74' lang='lat' dir='ltr'>quellenmassig</span> <span class='ocrx_word' id='word_1_95' title='bbox 871 2447 1056 2522; x_wconf 88' lang='lat' dir='ltr'>dargestellt.</span> 
     </span>
     <span class='ocr_line' id='line_1_18' title="bbox 227 2549 1056 2629; baseline 0.002 -22"><span class='ocrx_word' id='word_1_96' title='bbox 227 2549 257 2629; x_wconf 91' lang='lat' dir='ltr'>(i.</span> <span class='ocrx_word' id='word_1_97' title='bbox 279 2571 304 2608; x_wconf 94' lang='lat' dir='ltr'>e.</span> <span class='ocrx_word' id='word_1_98' title='bbox 326 2553 479 2608; x_wconf 90' lang='lat' dir='ltr'>Historica</span> <span class='ocrx_word' id='word_1_99' title='bbox 499 2552 659 2609; x_wconf 86' lang='lat' dir='ltr'>delineatio</span> <span class='ocrx_word' id='word_1_100' title='bbox 679 2554 826 2628; x_wconf 88' lang='lat' dir='ltr'>gymnasii</span> <span class='ocrx_word' id='word_1_101' title='bbox 843 2550 1056 2628; x_wconf 87' lang='lat' dir='ltr'>Salisburgen·</span> 
     </span>
    </p>
   </div>
   <div class='ocr_carea' id='block_1_4' title="bbox 227 2654 1054 2836">
    <p class='ocr_par' dir='ltr' id='par_1_5' title="bbox 227 2654 1054 2836">
     <span class='ocr_line' id='line_1_19' title="bbox 227 2654 1054 2736; baseline 0 -23"><span class='ocrx_word' id='word_1_102' title='bbox 227 2654 290 2736; x_wconf 86' lang='lat' dir='ltr'>sis.)</span> <span class='ocrx_word' id='word_1_103' title='bbox 317 2655 678 2733; x_wconf 85' lang='lat' dir='ltr'>Gymnasialprogramm.</span> <span class='ocrx_word' id='word_1_104' title='bbox 704 2654 867 2731; x_wconf 86' lang='lat' dir='ltr'>Salzburg,</span> <span class='ocrx_word' id='word_1_105' title='bbox 895 2655 986 2729; x_wconf 82' lang='lat'>1851.</span> <span class='ocrx_word' id='word_1_106' title='bbox 1011 2665 1054 2730; x_wconf 87' lang='lat'>4⁰.</span> 
     </span>
     <span class='ocr_line' id='line_1_20' title="bbox 231 2759 314 2836; baseline 0.012 -20"><span class='ocrx_word' id='word_1_107' title='bbox 231 2759 267 2817; x_wconf 85' lang='lat'>16</span> <span class='ocrx_word' id='word_1_108' title='bbox 284 2780 314 2836; x_wconf 90' lang='lat' dir='ltr'>p.</span> 
     </span>
    </p>
   </div>
   <div class='ocr_carea' id='block_1_5' title="bbox 226 2911 1055 3119">
    <p class='ocr_par' dir='ltr' id='par_1_6' title="bbox 226 2911 1055 3119">
     <span class='ocr_line' id='line_1_21' title="bbox 312 2911 1055 3005; baseline 0 -24"><span class='ocrx_word' id='word_1_109' title='bbox 312 2911 468 3005; x_wconf 85' lang='lat' dir='ltr'>Preyer</span> <span class='ocrx_word' id='word_1_110' title='bbox 494 2918 736 2981; x_wconf 88' lang='lat' dir='ltr'>Dominicus</span> <span class='ocrx_word' id='word_1_111' title='bbox 763 2918 916 2981; x_wconf 89' lang='lat' dir='ltr'>Daniel</span> <span class='ocrx_word' id='word_1_112' title='bbox 944 2917 1055 3000; x_wconf 88' lang='lat' dir='ltr'>(Sco-</span> 
     </span>
     <span class='ocr_line' id='line_1_22' title="bbox 226 3035 1055 3119; baseline -0.004 -19"><span class='ocrx_word' id='word_1_113' title='bbox 226 3038 391 3119; x_wconf 85' lang='lat' dir='ltr'>tensis),</span> <span class='ocrx_word' id='word_1_114' title='bbox 416 3038 578 3100; x_wconf 89' lang='lat' dir='ltr'>Viennae</span> <span class='ocrx_word' id='word_1_115' title='bbox 603 3036 639 3099; x_wconf 93' lang='lat' dir='ltr'>in</span> <span class='ocrx_word' id='word_1_116' title='bbox 663 3035 812 3099; x_wconf 88' lang='lat' dir='ltr'>Austria</span> <span class='ocrx_word' id='word_1_117' title='bbox 837 3037 894 3098; x_wconf 91' lang='lat' dir='ltr'>die</span> <span class='ocrx_word' id='word_1_118' title='bbox 920 3057 970 3098; x_wconf 91' lang='lat'>21.</span> <span class='ocrx_word' id='word_1_119' title='bbox 992 3035 1055 3098; x_wconf 87' lang='lat' dir='ltr'>Iul.</span> 
     </span>
    </p>
   </div>
   <div class='ocr_carea' id='block_1_6' title="bbox 225 3159 1057 4711">
    <p class='ocr_par' dir='ltr' id='par_1_7' title="bbox 225 3159 1057 4711">
     <span class='ocr_line' id='line_1_23' title="bbox 231 3159 1056 3243; baseline -0.002 -20"><span class='ocrx_word' id='word_1_120' title='bbox 231 3165 311 3240; x_wconf 89' lang='grc'><strong>1844</strong></span> <span class='ocrx_word' id='word_1_121' title='bbox 328 3170 433 3223; x_wconf 88' lang='lat' dir='ltr'>natus</span> <span class='ocrx_word' id='word_1_122' title='bbox 449 3160 622 3223; x_wconf 91' lang='lat' dir='ltr'>absolutis</span> <span class='ocrx_word' id='word_1_123' title='bbox 639 3160 816 3243; x_wconf 86' lang='lat' dir='ltr'>gymnasii</span> <span class='ocrx_word' id='word_1_124' title='bbox 833 3160 929 3241; x_wconf 92' lang='lat' dir='ltr'>apud</span> <span class='ocrx_word' id='word_1_125' title='bbox 941 3159 1056 3221; x_wconf 91' lang='lat' dir='ltr'>Bene-</span> 
     </span>
     <span class='ocr_line' id='line_1_24' title="bbox 228 3282 1056 3347; baseline -0.002 -1"><span class='ocrx_word' id='word_1_126' title='bbox 228 3284 590 3347; x_wconf 87' lang='lat' dir='ltr'>dictinos-Scotenses</span> <span class='ocrx_word' id='word_1_127' title='bbox 602 3283 764 3345; x_wconf 86' lang='lat' dir='ltr'>Viennae</span> <span class='ocrx_word' id='word_1_128' title='bbox 781 3282 908 3345; x_wconf 90' lang='lat' dir='ltr'>studiis</span> <span class='ocrx_word' id='word_1_129' title='bbox 924 3282 1056 3344; x_wconf 90' lang='lat' dir='ltr'>ibidem</span> 
     </span>
     <span class='ocr_line' id='line_1_25' title="bbox 226 3405 1057 3487; baseline -0.004 -19"><span class='ocrx_word' id='word_1_130' title='bbox 226 3406 284 3468; x_wconf 91' lang='lat' dir='ltr'>die</span> <span class='ocrx_word' id='word_1_131' title='bbox 310 3427 359 3468; x_wconf 93' lang='lat'>21.</span> <span class='ocrx_word' id='word_1_132' title='bbox 387 3406 487 3487; x_wconf 86' lang='lat' dir='ltr'>Sept.</span> <span class='ocrx_word' id='word_1_133' title='bbox 517 3412 597 3485; x_wconf 83' lang='grc'><strong>1814</strong></span> <span class='ocrx_word' id='word_1_134' title='bbox 624 3426 651 3468; x_wconf 90' lang='lat' dir='ltr'>s.</span> <span class='ocrx_word' id='word_1_135' title='bbox 677 3407 801 3469; x_wconf 89' lang='lat' dir='ltr'>habitu</span> <span class='ocrx_word' id='word_1_136' title='bbox 829 3405 973 3467; x_wconf 90' lang='lat' dir='ltr'>indutus</span> <span class='ocrx_word' id='word_1_137' title='bbox 1001 3412 1057 3466; x_wconf 90' lang='lat' dir='ltr'>est</span> 
     </span>
     <span class='ocr_line' id='line_1_26' title="bbox 225 3527 1055 3610; baseline 0.001 -21"><span class='ocrx_word' id='word_1_138' title='bbox 225 3537 382 3609; x_wconf 89' lang='lat' dir='ltr'>votaque</span> <span class='ocrx_word' id='word_1_139' title='bbox 404 3529 564 3591; x_wconf 87' lang='lat' dir='ltr'>sollemni</span> <span class='ocrx_word' id='word_1_140' title='bbox 587 3529 656 3591; x_wconf 88' lang='lat' dir='ltr'>ritu</span> <span class='ocrx_word' id='word_1_141' title='bbox 680 3527 900 3610; x_wconf 87' lang='lat' dir='ltr'>nuncupavit</span> <span class='ocrx_word' id='word_1_142' title='bbox 923 3527 981 3589; x_wconf 91' lang='lat' dir='ltr'>die</span> <span class='ocrx_word' id='word_1_143' title='bbox 1005 3545 1055 3605; x_wconf 87' lang='lat'>27.</span> 
     </span>
     <span class='ocr_line' id='line_1_27' title="bbox 226 3647 1056 3731; baseline -0.002 -19"><span class='ocrx_word' id='word_1_144' title='bbox 226 3647 326 3731; x_wconf 88' lang='lat' dir='ltr'>Sept.</span> <span class='ocrx_word' id='word_1_145' title='bbox 357 3654 447 3714; x_wconf 90' lang='grc'><strong>1868.</strong></span> <span class='ocrx_word' id='word_1_146' title='bbox 472 3651 624 3713; x_wconf 90' lang='lat' dir='ltr'>Emenso</span> <span class='ocrx_word' id='word_1_147' title='bbox 649 3651 778 3713; x_wconf 88' lang='lat' dir='ltr'>deinde</span> <span class='ocrx_word' id='word_1_148' title='bbox 802 3669 829 3713; x_wconf 90' lang='grc'><strong>5.</strong></span> <span class='ocrx_word' id='word_1_149' title='bbox 854 3649 1056 3731; x_wconf 89' lang='lat' dir='ltr'>theologiae</span> 
     </span>
     <span class='ocr_line' id='line_1_28' title="bbox 226 3771 1055 3849; baseline 0 -17"><span class='ocrx_word' id='word_1_150' title='bbox 226 3771 262 3832; x_wconf 90' lang='lat' dir='ltr'>in</span> <span class='ocrx_word' id='word_1_151' title='bbox 279 3772 372 3835; x_wconf 91' lang='lat' dir='ltr'>univ.</span> <span class='ocrx_word' id='word_1_152' title='bbox 386 3773 538 3835; x_wconf 92' lang='lat' dir='ltr'>Vindob.</span> <span class='ocrx_word' id='word_1_153' title='bbox 557 3792 661 3835; x_wconf 89' lang='lat' dir='ltr'>cursu</span> <span class='ocrx_word' id='word_1_154' title='bbox 678 3773 735 3835; x_wconf 90' lang='lat' dir='ltr'>die</span> <span class='ocrx_word' id='word_1_155' title='bbox 754 3776 804 3835; x_wconf 85' lang='lat'>26.</span> <span class='ocrx_word' id='word_1_156' title='bbox 817 3771 882 3835; x_wconf 92' lang='lat' dir='ltr'>Iul.</span> <span class='ocrx_word' id='word_1_157' title='bbox 904 3775 983 3849; x_wconf 82' lang='grc'><strong>1869</strong></span> <span class='ocrx_word' id='word_1_158' title='bbox 1001 3791 1055 3832; x_wconf 90' lang='lat' dir='ltr'>sa-</span> 
     </span>
     <span class='ocr_line' id='line_1_29' title="bbox 228 3880 1056 3977; baseline -0.002 -21"><span class='ocrx_word' id='word_1_159' title='bbox 228 3895 387 3957; x_wconf 91' lang='lat' dir='ltr'>cerdotio</span> <span class='ocrx_word' id='word_1_160' title='bbox 404 3893 637 3977; x_wconf 89' lang='lat' dir='ltr'>inauguratus</span> <span class='ocrx_word' id='word_1_161' title='bbox 654 3880 783 3976; x_wconf 83' lang='lat' dir='ltr'>dieque</span> <span class='ocrx_word' id='word_1_162' title='bbox 805 3916 829 3956; x_wconf 93' lang='lat'>1.</span> <span class='ocrx_word' id='word_1_163' title='bbox 847 3894 943 3976; x_wconf 87' lang='lat' dir='ltr'>Aug.</span> <span class='ocrx_word' id='word_1_164' title='bbox 965 3893 1056 3954; x_wconf 92' lang='lat' dir='ltr'>eius-</span> 
     </span>
     <span class='ocr_line' id='line_1_30' title="bbox 227 4014 1055 4099; baseline -0.004 -20"><span class='ocrx_word' id='word_1_165' title='bbox 227 4018 307 4079; x_wconf 91' lang='lat' dir='ltr'>dem</span> <span class='ocrx_word' id='word_1_166' title='bbox 323 4018 406 4080; x_wconf 90' lang='lat' dir='ltr'>anni</span> <span class='ocrx_word' id='word_1_167' title='bbox 422 4017 536 4099; x_wconf 75' lang='lat' dir='ltr'>prima</span> <span class='ocrx_word' id='word_1_168' title='bbox 551 4017 630 4079; x_wconf 91' lang='lat' dir='ltr'>Deo</span> <span class='ocrx_word' id='word_1_169' title='bbox 651 4016 768 4079; x_wconf 77' lang='lat' dir='ltr'>hostia</span> <span class='ocrx_word' id='word_1_170' title='bbox 787 4015 912 4078; x_wconf 89' lang='lat' dir='ltr'>litavit.</span> <span class='ocrx_word' id='word_1_171' title='bbox 941 4014 1055 4078; x_wconf 87' lang='lat' dir='ltr'>Curae</span> 
     </span>
     <span class='ocr_line' id='line_1_31' title="bbox 228 4137 1056 4219; baseline -0.002 -19"><span class='ocrx_word' id='word_1_172' title='bbox 228 4139 356 4202; x_wconf 91' lang='lat' dir='ltr'>deinde</span> <span class='ocrx_word' id='word_1_173' title='bbox 379 4139 572 4202; x_wconf 89' lang='lat' dir='ltr'>animarum</span> <span class='ocrx_word' id='word_1_174' title='bbox 594 4138 767 4219; x_wconf 68' lang='lat' dir='ltr'>addictus</span> <span class='ocrx_word' id='word_1_175' title='bbox 791 4157 869 4200; x_wconf 90' lang='lat' dir='ltr'>cum</span> <span class='ocrx_word' id='word_1_176' title='bbox 894 4137 1056 4199; x_wconf 90' lang='lat' dir='ltr'>cateche-</span> 
     </span>
     <span class='ocr_line' id='line_1_32' title="bbox 227 4256 1056 4345; baseline -0.006 -20"><span class='ocrx_word' id='word_1_177' title='bbox 227 4271 298 4325; x_wconf 89' lang='lat' dir='ltr'>tam</span> <span class='ocrx_word' id='word_1_178' title='bbox 311 4263 447 4345; x_wconf 89' lang='lat' dir='ltr'>egisset</span> <span class='ocrx_word' id='word_1_179' title='bbox 456 4262 677 4324; x_wconf 85' lang='lat' dir='ltr'>excurrendo</span> <span class='ocrx_word' id='word_1_180' title='bbox 686 4261 721 4323; x_wconf 95' lang='lat' dir='ltr'>in</span> <span class='ocrx_word' id='word_1_181' title='bbox 730 4259 937 4322; x_wconf 88' lang='lat' dir='ltr'>suburbium</span> <span class='ocrx_word' id='word_1_182' title='bbox 947 4256 1056 4321; x_wconf 89' lang='lat' dir='ltr'>Gum-</span> 
     </span>
     <span class='ocr_line' id='line_1_33' title="bbox 226 4381 1055 4467; baseline -0.007 -19"><span class='ocrx_word' id='word_1_183' title='bbox 226 4385 397 4466; x_wconf 85' lang='lat' dir='ltr'>pendorf‚</span> <span class='ocrx_word' id='word_1_184' title='bbox 430 4396 640 4467; x_wconf 87' lang='lat' dir='ltr'>cooperator</span> <span class='ocrx_word' id='word_1_185' title='bbox 671 4383 787 4446; x_wconf 87' lang='lat' dir='ltr'>factus</span> <span class='ocrx_word' id='word_1_186' title='bbox 820 4391 875 4445; x_wconf 89' lang='lat' dir='ltr'>est</span> <span class='ocrx_word' id='word_1_187' title='bbox 905 4381 1055 4443; x_wconf 91' lang='lat' dir='ltr'>Pulkav.</span> 
     </span>
     <span class='ocr_line' id='line_1_34' title="bbox 227 4505 1055 4589; baseline -0.004 -20"><span class='ocrx_word' id='word_1_188' title='bbox 227 4508 355 4570; x_wconf 89' lang='lat' dir='ltr'>deinde</span> <span class='ocrx_word' id='word_1_189' title='bbox 373 4505 644 4589; x_wconf 85' lang='lat' dir='ltr'>Gumpendorf.‚</span> <span class='ocrx_word' id='word_1_190' title='bbox 666 4508 765 4570; x_wconf 89' lang='lat' dir='ltr'>cuius</span> <span class='ocrx_word' id='word_1_191' title='bbox 786 4516 907 4589; x_wconf 88' lang='lat' dir='ltr'>partes</span> <span class='ocrx_word' id='word_1_192' title='bbox 928 4507 1055 4568; x_wconf 91' lang='lat' dir='ltr'>hucus-</span> 
     </span>
     <span class='ocr_line' id='line_1_35' title="bbox 227 4641 441 4711; baseline 0.009 -19"><span class='ocrx_word' id='word_1_193' title='bbox 227 4650 296 4711; x_wconf 88' lang='lat' dir='ltr'>que</span> <span class='ocrx_word' id='word_1_194' title='bbox 313 4641 441 4694; x_wconf 88' lang='lat' dir='ltr'>tuetur.</span> 
     </span>
    </p>
   </div>
   <div class='ocr_carea' id='block_1_7' title="bbox 227 4768 1057 5221">
    <p class='ocr_par' dir='ltr' id='par_1_8' title="bbox 227 4768 1057 5221">
     <span class='ocr_line' id='line_1_36' title="bbox 314 4768 1056 4835; baseline -0.008 0"><span class='ocrx_word' id='word_1_195' title='bbox 314 4773 355 4835; x_wconf 96' lang='lat' dir='ltr'>In</span> <span class='ocrx_word' id='word_1_196' title='bbox 386 4775 494 4834; x_wconf 88' lang='lat' dir='ltr'>rebus</span> <span class='ocrx_word' id='word_1_197' title='bbox 525 4772 703 4835; x_wconf 90' lang='lat' dir='ltr'>historicis</span> <span class='ocrx_word' id='word_1_198' title='bbox 733 4779 898 4833; x_wconf 87' lang='lat' dir='ltr'>versatus</span> <span class='ocrx_word' id='word_1_199' title='bbox 928 4768 1056 4832; x_wconf 90' lang='lat' dir='ltr'>libellis</span> 
     </span>
     <span class='ocr_line' id='line_1_37' title="bbox 228 4891 1057 4979; baseline -0.004 -23"><span class='ocrx_word' id='word_1_200' title='bbox 228 4895 331 4957; x_wconf 90' lang='lat' dir='ltr'>dictis</span> <span class='ocrx_word' id='word_1_201' title='bbox 357 4894 684 4979; x_wconf 81' lang='lat' dir='ltr'>„Abendstunden“</span> <span class='ocrx_word' id='word_1_202' title='bbox 709 4893 870 4955; x_wconf 91' lang='lat' dir='ltr'>Viennae</span> <span class='ocrx_word' id='word_1_203' title='bbox 898 4891 1057 4973; x_wconf 88' lang='lat' dir='ltr'>disputa-</span> 
     </span>
     <span class='ocr_line' id='line_1_38' title="bbox 227 5014 1056 5098; baseline -0.002 -20"><span class='ocrx_word' id='word_1_204' title='bbox 227 5018 358 5080; x_wconf 93' lang='lat' dir='ltr'>tionem</span> <span class='ocrx_word' id='word_1_205' title='bbox 374 5018 521 5080; x_wconf 90' lang='lat' dir='ltr'>inseruit</span> <span class='ocrx_word' id='word_1_206' title='bbox 538 5020 583 5080; x_wconf 93' lang='lat' dir='ltr'>de</span> <span class='ocrx_word' id='word_1_207' title='bbox 600 5038 627 5081; x_wconf 91' lang='lat' dir='ltr'>s.</span> <span class='ocrx_word' id='word_1_208' title='bbox 644 5015 827 5098; x_wconf 87' lang='lat' dir='ltr'>Severin0,</span> <span class='ocrx_word' id='word_1_209' title='bbox 848 5015 943 5077; x_wconf 93' lang='lat' dir='ltr'>dicto</span> <span class='ocrx_word' id='word_1_210' title='bbox 964 5014 1056 5077; x_wconf 92' lang='lat' dir='ltr'>Pan·</span> 
     </span>
     <span class='ocr_line' id='line_1_39' title="bbox 227 5140 547 5221; baseline 0.003 -20"><span class='ocrx_word' id='word_1_211' title='bbox 227 5140 354 5202; x_wconf 91' lang='lat' dir='ltr'>noniae</span> <span class='ocrx_word' id='word_1_212' title='bbox 370 5141 547 5221; x_wconf 89' lang='lat' dir='ltr'>apostolo:</span> 
     </span>
    </p>
   </div>
   <div class='ocr_carea' id='block_1_8' title="bbox 227 5283 1056 5462">
    <p class='ocr_par' dir='ltr' id='par_1_9' title="bbox 227 5283 1056 5462">
     <span class='ocr_line' id='line_1_40' title="bbox 314 5283 1056 5360; baseline -0.005 -19"><span class='ocrx_word' id='word_1_213' title='bbox 314 5286 377 5342; x_wconf 90' lang='lat' dir='ltr'>Der</span> <span class='ocrx_word' id='word_1_214' title='bbox 400 5285 509 5360; x_wconf 88' lang='lat' dir='ltr'>heilige</span> <span class='ocrx_word' id='word_1_215' title='bbox 531 5284 657 5342; x_wconf 73' lang='lat' dir='ltr'>Sei-erin</span> <span class='ocrx_word' id='word_1_216' title='bbox 683 5287 711 5340; x_wconf 93' lang='lat' dir='ltr'>in</span> <span class='ocrx_word' id='word_1_217' title='bbox 728 5284 827 5341; x_wconf 88' lang='lat' dir='ltr'>Wien.</span> <span class='ocrx_word' id='word_1_218' title='bbox 852 5284 908 5340; x_wconf 88' lang='lat' dir='ltr'>Ein</span> <span class='ocrx_word' id='word_1_219' title='bbox 933 5283 1056 5358; x_wconf 88' lang='lat' dir='ltr'>Beitrag</span> 
     </span>
     <span class='ocr_line' id='line_1_41' title="bbox 227 5386 1054 5462; baseline 0.001 -19"><span class='ocrx_word' id='word_1_220' title='bbox 227 5407 280 5443; x_wconf 91' lang='lat' dir='ltr'>zur</span> <span class='ocrx_word' id='word_1_221' title='bbox 302 5389 561 5446; x_wconf 76' lang='lat' dir='ltr'>vaterlandischen</span> <span class='ocrx_word' id='word_1_222' title='bbox 584 5389 768 5447; x_wconf 85' lang='lat' dir='ltr'>Geschichte</span> <span class='ocrx_word' id='word_1_223' title='bbox 790 5406 850 5445; x_wconf 85' lang='lat' dir='ltr'>von</span> <span class='ocrx_word' id='word_1_224' title='bbox 873 5386 1054 5462; x_wconf 83' lang='lat'><strong>453—488</strong></span> 
     </span>
    </p>
   </div>
   <div class='ocr_carea' id='block_1_9' title="bbox 1138 612 1970 896">
    <p class='ocr_par' dir='ltr' id='par_1_10' title="bbox 1138 612 1970 896">
     <span class='ocr_line' id='line_1_42' title="bbox 1138 612 1969 691; baseline 0.005 -22"><span class='ocrx_word' id='word_1_225' title='bbox 1138 613 1216 669; x_wconf 90' lang='lat' dir='ltr'>nach</span> <span class='ocrx_word' id='word_1_226' title='bbox 1225 614 1357 671; x_wconf 88' lang='lat' dir='ltr'>Christo.</span> <span class='ocrx_word' id='word_1_227' title='bbox 1369 612 1617 682; x_wconf 90' lang='lat' dir='ltr'>Abendstunden,</span> <span class='ocrx_word' id='word_1_228' title='bbox 1628 615 1731 691; x_wconf 80' lang='lat' dir='ltr'>Jahrg.</span> <span class='ocrx_word' id='word_1_229' title='bbox 1744 615 1835 690; x_wconf 88' lang='lat'><strong>1870.</strong></span> <span class='ocrx_word' id='word_1_230' title='bbox 1847 630 1876 672; x_wconf 90' lang='lat'>2.</span> <span class='ocrx_word' id='word_1_231' title='bbox 1888 616 1969 673; x_wconf 87' lang='lat' dir='ltr'>Helt.</span> 
     </span>
     <span class='ocr_line' id='line_1_43' title="bbox 1139 716 1970 797; baseline 0.005 -24"><span class='ocrx_word' id='word_1_232' title='bbox 1139 737 1168 793; x_wconf 93' lang='lat' dir='ltr'>p.</span> <span class='ocrx_word' id='word_1_233' title='bbox 1185 716 1322 792; x_wconf 83' lang='lat'><strong>37—62.</strong></span> <span class='ocrx_word' id='word_1_234' title='bbox 1339 718 1484 786; x_wconf 91' lang='lat' dir='ltr'>Viennae,</span> <span class='ocrx_word' id='word_1_235' title='bbox 1507 720 1586 795; x_wconf 92' lang='lat' dir='ltr'>typis</span> <span class='ocrx_word' id='word_1_236' title='bbox 1608 719 1644 775; x_wconf 90' lang='lat' dir='ltr'>E.</span> <span class='ocrx_word' id='word_1_237' title='bbox 1659 719 1778 797; x_wconf 88' lang='lat' dir='ltr'>Jasper,</span> <span class='ocrx_word' id='word_1_238' title='bbox 1799 719 1970 797; x_wconf 86' lang='lat' dir='ltr'>sumptibus</span> 
     </span>
     <span class='ocr_line' id='line_1_44' title="bbox 1139 821 1422 896; baseline 0.007 -19"><span class='ocrx_word' id='word_1_239' title='bbox 1139 821 1268 896; x_wconf 89' lang='lat' dir='ltr'>Augusti</span> <span class='ocrx_word' id='word_1_240' title='bbox 1286 822 1422 880; x_wconf 87' lang='lat' dir='ltr'>Prandel.</span> 
     </span>
    </p>
   </div>
   <div class='ocr_carea' id='block_1_10' title="bbox 1136 966 2044 3152">
    <p class='ocr_par' dir='ltr' id='par_1_11' title="bbox 1137 966 1974 2281">
     <span class='ocr_line' id='line_1_45' title="bbox 1224 966 1970 1065; baseline 0.009 -26"><span class='ocrx_word' id='word_1_241' title='bbox 1224 966 1577 1064; x_wconf 85' lang='lat' dir='ltr'>Priestersperger</span> <span class='ocrx_word' id='word_1_242' title='bbox 1599 980 1836 1044; x_wconf 80' lang='lat' dir='ltr'>Ioaehimus</span> <span class='ocrx_word' id='word_1_243' title='bbox 1861 982 1970 1065; x_wconf 86' lang='lat' dir='ltr'>(Mel-</span> 
     </span>
     <span class='ocr_line' id='line_1_46' title="bbox 1137 1095 1974 1181; baseline 0.006 -24"><span class='ocrx_word' id='word_1_244' title='bbox 1137 1095 1335 1177; x_wconf 83' lang='lat' dir='ltr'>licensis),</span> <span class='ocrx_word' id='word_1_245' title='bbox 1349 1097 1561 1161; x_wconf 88' lang='lat' dir='ltr'>Austriacus</span> <span class='ocrx_word' id='word_1_246' title='bbox 1570 1097 1855 1181; x_wconf 89' lang='lat' dir='ltr'>Campililiensis,</span> <span class='ocrx_word' id='word_1_247' title='bbox 1865 1112 1974 1177; x_wconf 78' lang='lat' dir='ltr'>natus¹</span> 
     </span>
     <span class='ocr_line' id='line_1_47' title="bbox 1138 1216 1972 1304; baseline 0.006 -25"><span class='ocrx_word' id='word_1_248' title='bbox 1138 1217 1196 1280; x_wconf 90' lang='lat' dir='ltr'>die</span> <span class='ocrx_word' id='word_1_249' title='bbox 1226 1239 1273 1295; x_wconf 85' lang='lat'>14.</span> <span class='ocrx_word' id='word_1_250' title='bbox 1298 1216 1398 1303; x_wconf 88' lang='lat' dir='ltr'>Sept.</span> <span class='ocrx_word' id='word_1_251' title='bbox 1425 1224 1515 1301; x_wconf 79' lang='lat'>1695,</span> <span class='ocrx_word' id='word_1_252' title='bbox 1540 1219 1598 1282; x_wconf 91' lang='lat' dir='ltr'>die</span> <span class='ocrx_word' id='word_1_253' title='bbox 1626 1224 1673 1283; x_wconf 89' lang='grc'>13.</span> <span class='ocrx_word' id='word_1_254' title='bbox 1696 1219 1775 1284; x_wconf 90' lang='grc'><strong>011.</strong></span> <span class='ocrx_word' id='word_1_255' title='bbox 1801 1242 1882 1302; x_wconf 86' lang='grc'><strong>1714</strong></span> <span class='ocrx_word' id='word_1_256' title='bbox 1907 1241 1972 1304; x_wconf 90' lang='lat' dir='ltr'>per</span> 
     </span>
     <span class='ocr_line' id='line_1_48' title="bbox 1137 1341 1970 1422; baseline 0.007 -21"><span class='ocrx_word' id='word_1_257' title='bbox 1137 1341 1342 1403; x_wconf 90' lang='lat' dir='ltr'>sollemnem</span> <span class='ocrx_word' id='word_1_258' title='bbox 1356 1341 1614 1422; x_wconf 86' lang='lat' dir='ltr'>professionem</span> <span class='ocrx_word' id='word_1_259' title='bbox 1627 1343 1843 1406; x_wconf 89' lang='lat' dir='ltr'>monasterio</span> <span class='ocrx_word' id='word_1_260' title='bbox 1856 1363 1895 1406; x_wconf 91' lang='lat' dir='ltr'>se</span> <span class='ocrx_word' id='word_1_261' title='bbox 1909 1346 1970 1407; x_wconf 90' lang='lat' dir='ltr'>ad-</span> 
     </span>
     <span class='ocr_line' id='line_1_49' title="bbox 1137 1462 1970 1547; baseline 0.004 -22"><span class='ocrx_word' id='word_1_262' title='bbox 1137 1462 1282 1526; x_wconf 87' lang='lat' dir='ltr'>strinxit</span> <span class='ocrx_word' id='word_1_263' title='bbox 1303 1472 1339 1526; x_wconf 90' lang='lat' dir='ltr'>et</span> <span class='ocrx_word' id='word_1_264' title='bbox 1359 1485 1406 1542; x_wconf 88' lang='grc'>14.</span> <span class='ocrx_word' id='word_1_265' title='bbox 1424 1464 1511 1547; x_wconf 91' lang='lat' dir='ltr'>Apr.</span> <span class='ocrx_word' id='word_1_266' title='bbox 1533 1467 1579 1527; x_wconf 90' lang='lat' dir='ltr'>ad</span> <span class='ocrx_word' id='word_1_267' title='bbox 1600 1486 1626 1526; x_wconf 92' lang='lat' dir='ltr'>s.</span> <span class='ocrx_word' id='word_1_268' title='bbox 1643 1465 1790 1528; x_wconf 90' lang='lat' dir='ltr'>Petrum</span> <span class='ocrx_word' id='word_1_269' title='bbox 1806 1465 1970 1530; x_wconf 85' lang='lat' dir='ltr'>Viennae</span> 
     </span>
     <span class='ocr_line' id='line_1_50' title="bbox 1137 1586 1968 1667; baseline 0.004 -19"><span class='ocrx_word' id='word_1_270' title='bbox 1137 1586 1286 1667; x_wconf 87' lang='lat' dir='ltr'>primam</span> <span class='ocrx_word' id='word_1_271' title='bbox 1298 1586 1559 1650; x_wconf 87' lang='lat' dir='ltr'>immaculatam</span> <span class='ocrx_word' id='word_1_272' title='bbox 1571 1587 1724 1650; x_wconf 88' lang='lat' dir='ltr'>hostiam</span> <span class='ocrx_word' id='word_1_273' title='bbox 1737 1589 1815 1650; x_wconf 90' lang='lat' dir='ltr'>Deo</span> <span class='ocrx_word' id='word_1_274' title='bbox 1828 1588 1968 1651; x_wconf 90' lang='lat' dir='ltr'>obtulit.</span> 
     </span>
     <span class='ocr_line' id='line_1_51' title="bbox 1137 1709 1969 1793; baseline 0.004 -22"><span class='ocrx_word' id='word_1_275' title='bbox 1137 1710 1208 1771; x_wconf 90' lang='lat' dir='ltr'>Per</span> <span class='ocrx_word' id='word_1_276' title='bbox 1220 1709 1375 1790; x_wconf 90' lang='lat' dir='ltr'>quinque</span> <span class='ocrx_word' id='word_1_277' title='bbox 1388 1728 1528 1772; x_wconf 89' lang='lat' dir='ltr'>menses</span> <span class='ocrx_word' id='word_1_278' title='bbox 1541 1710 1674 1792; x_wconf 89' lang='lat' dir='ltr'>hospes</span> <span class='ocrx_word' id='word_1_279' title='bbox 1687 1711 1722 1773; x_wconf 88' lang='lat' dir='ltr'>in</span> <span class='ocrx_word' id='word_1_280' title='bbox 1731 1710 1879 1774; x_wconf 90' lang='lat' dir='ltr'>Monsee</span> <span class='ocrx_word' id='word_1_281' title='bbox 1891 1710 1969 1793; x_wconf 85' lang='lat' dir='ltr'>fuit,</span> 
     </span>
     <span class='ocr_line' id='line_1_52' title="bbox 1138 1830 1969 1917; baseline 0.002 -24"><span class='ocrx_word' id='word_1_282' title='bbox 1138 1831 1219 1893; x_wconf 90' lang='lat' dir='ltr'>dein</span> <span class='ocrx_word' id='word_1_283' title='bbox 1243 1830 1397 1894; x_wconf 88' lang='lat' dir='ltr'>vicarius</span> <span class='ocrx_word' id='word_1_284' title='bbox 1421 1830 1456 1894; x_wconf 93' lang='lat' dir='ltr'>in</span> <span class='ocrx_word' id='word_1_285' title='bbox 1480 1832 1692 1917; x_wconf 86' lang='lat' dir='ltr'>Haugsdorf</span> <span class='ocrx_word' id='word_1_286' title='bbox 1712 1842 1748 1895; x_wconf 92' lang='lat' dir='ltr'>et</span> <span class='ocrx_word' id='word_1_287' title='bbox 1770 1852 1864 1895; x_wconf 90' lang='lat' dir='ltr'>anno</span> <span class='ocrx_word' id='word_1_288' title='bbox 1889 1838 1969 1914; x_wconf 92' lang='grc'><strong>1736</strong></span> 
     </span>
     <span class='ocr_line' id='line_1_53' title="bbox 1138 1952 1970 2037; baseline 0.006 -23"><span class='ocrx_word' id='word_1_289' title='bbox 1138 1952 1220 2015; x_wconf 90' lang='lat' dir='ltr'>inde</span> <span class='ocrx_word' id='word_1_290' title='bbox 1236 1973 1400 2016; x_wconf 90' lang='lat' dir='ltr'>reversus</span> <span class='ocrx_word' id='word_1_291' title='bbox 1417 1964 1481 2036; x_wconf 87' lang='lat' dir='ltr'>est,</span> <span class='ocrx_word' id='word_1_292' title='bbox 1506 1964 1542 2018; x_wconf 93' lang='lat' dir='ltr'>et</span> <span class='ocrx_word' id='word_1_293' title='bbox 1564 1975 1666 2017; x_wconf 89' lang='lat' dir='ltr'>sacra</span> <span class='ocrx_word' id='word_1_294' title='bbox 1687 1955 1892 2037; x_wconf 89' lang='lat' dir='ltr'>eloquentia</span> <span class='ocrx_word' id='word_1_295' title='bbox 1913 1976 1970 2019; x_wconf 91' lang='lat' dir='ltr'>ce·</span> 
     </span>
     <span class='ocr_line' id='line_1_54' title="bbox 1137 2076 1968 2158; baseline 0 -20"><span class='ocrx_word' id='word_1_296' title='bbox 1137 2076 1236 2138; x_wconf 90' lang='lat' dir='ltr'>leber</span> <span class='ocrx_word' id='word_1_297' title='bbox 1263 2076 1320 2138; x_wconf 91' lang='lat' dir='ltr'>die</span> <span class='ocrx_word' id='word_1_298' title='bbox 1348 2081 1377 2140; x_wconf 95' lang='grc'><strong>5.</strong></span> <span class='ocrx_word' id='word_1_299' title='bbox 1402 2076 1487 2138; x_wconf 93' lang='lat' dir='ltr'>Maii</span> <span class='ocrx_word' id='word_1_300' title='bbox 1520 2096 1596 2156; x_wconf 89' lang='lat'>1771</span> <span class='ocrx_word' id='word_1_301' title='bbox 1629 2076 1823 2158; x_wconf 81' lang='lat' dir='ltr'>apoplexia</span> <span class='ocrx_word' id='word_1_302' title='bbox 1851 2085 1968 2140; x_wconf 91' lang='lat' dir='ltr'>tactus</span> 
     </span>
     <span class='ocr_line' id='line_1_55' title="bbox 1138 2198 1758 2281; baseline 0.002 -21"><span class='ocrx_word' id='word_1_303' title='bbox 1138 2218 1342 2279; x_wconf 88' lang='lat' dir='ltr'>supremum</span> <span class='ocrx_word' id='word_1_304' title='bbox 1359 2199 1451 2261; x_wconf 93' lang='lat' dir='ltr'>diem</span> <span class='ocrx_word' id='word_1_305' title='bbox 1470 2199 1567 2262; x_wconf 91' lang='lat' dir='ltr'>obiit.</span> <span class='ocrx_word' id='word_1_306' title='bbox 1593 2198 1758 2281; x_wconf 79' lang='lat' dir='ltr'>Scripsitt</span> 
     </span>
    </p>

    <p class='ocr_par' dir='ltr' id='par_1_12' title="bbox 1136 2341 2044 3152">
     <span class='ocr_line' id='line_1_56' title="bbox 1223 2341 1969 2400; baseline 0.003 -2"><span class='ocrx_word' id='word_1_307' title='bbox 1223 2342 1417 2398; x_wconf 81' lang='lat' dir='ltr'>Trauerrede</span> <span class='ocrx_word' id='word_1_308' title='bbox 1434 2341 1508 2398; x_wconf 79' lang='lat' dir='ltr'>iiber</span> <span class='ocrx_word' id='word_1_309' title='bbox 1524 2342 1581 2398; x_wconf 90' lang='lat' dir='ltr'>den</span> <span class='ocrx_word' id='word_1_310' title='bbox 1598 2343 1832 2399; x_wconf 88' lang='lat' dir='ltr'>schmerzlichen</span> <span class='ocrx_word' id='word_1_311' title='bbox 1850 2342 1969 2400; x_wconf 86' lang='lat' dir='ltr'>Todes·</span> 
     </span>
     <span class='ocr_line' id='line_1_57' title="bbox 1138 2446 1969 2522; baseline 0.002 -20"><span class='ocrx_word' id='word_1_312' title='bbox 1138 2446 1187 2502; x_wconf 83' lang='lat' dir='ltr'>fall</span> <span class='ocrx_word' id='word_1_313' title='bbox 1203 2446 1257 2502; x_wconf 91' lang='lat' dir='ltr'>des</span> <span class='ocrx_word' id='word_1_314' title='bbox 1275 2446 1510 2521; x_wconf 85' lang='lat' dir='ltr'>hochwiirdigen</span> <span class='ocrx_word' id='word_1_315' title='bbox 1527 2449 1556 2502; x_wconf 92' lang='lat' dir='ltr'>in</span> <span class='ocrx_word' id='word_1_316' title='bbox 1569 2446 1646 2503; x_wconf 87' lang='lat' dir='ltr'>Gott</span> <span class='ocrx_word' id='word_1_317' title='bbox 1658 2447 1859 2522; x_wconf 78' lang='lat' dir='ltr'>andachtigen</span> <span class='ocrx_word' id='word_1_318' title='bbox 1875 2447 1969 2504; x_wconf 90' lang='lat' dir='ltr'>hoch-</span> 
     </span>
     <span class='ocr_line' id='line_1_58' title="bbox 1137 2550 1968 2627; baseline 0 -19"><span class='ocrx_word' id='word_1_319' title='bbox 1137 2550 1364 2625; x_wconf 89' lang='lat' dir='ltr'>edelgebornen</span> <span class='ocrx_word' id='word_1_320' title='bbox 1392 2551 1452 2607; x_wconf 90' lang='lat' dir='ltr'>und</span> <span class='ocrx_word' id='word_1_321' title='bbox 1481 2552 1718 2627; x_wconf 89' lang='lat' dir='ltr'>hochgelehrten</span> <span class='ocrx_word' id='word_1_322' title='bbox 1746 2553 1845 2608; x_wconf 89' lang='lat' dir='ltr'>Herrn</span> <span class='ocrx_word' id='word_1_323' title='bbox 1868 2552 1968 2608; x_wconf 89' lang='lat' dir='ltr'>Herrn</span> 
     </span>
     <span class='ocr_line' id='line_1_59' title="bbox 1136 2654 1967 2713; baseline 0.001 -1"><span class='ocrx_word' id='word_1_324' title='bbox 1136 2657 1263 2712; x_wconf 88' lang='lat' dir='ltr'>Romani</span> <span class='ocrx_word' id='word_1_325' title='bbox 1281 2657 1310 2711; x_wconf 93' lang='lat' dir='ltr'>in</span> <span class='ocrx_word' id='word_1_326' title='bbox 1327 2655 1392 2711; x_wconf 92' lang='lat' dir='ltr'>dem</span> <span class='ocrx_word' id='word_1_327' title='bbox 1410 2654 1641 2712; x_wconf 77' lang='lat' dir='ltr'>hochldblichen</span> <span class='ocrx_word' id='word_1_328' title='bbox 1658 2655 1749 2713; x_wconf 84' lang='lat' dir='ltr'>Stilte</span> <span class='ocrx_word' id='word_1_329' title='bbox 1769 2675 1805 2712; x_wconf 91' lang='lat' dir='ltr'>zu</span> <span class='ocrx_word' id='word_1_330' title='bbox 1826 2654 1967 2713; x_wconf 89' lang='lat' dir='ltr'>Seisscn·</span> 
     </span>
     <span class='ocr_line' id='line_1_60' title="bbox 1136 2759 1968 2836; baseline 0 -19"><span class='ocrx_word' id='word_1_331' title='bbox 1136 2764 1213 2817; x_wconf 87' lang='lat' dir='ltr'>stein</span> <span class='ocrx_word' id='word_1_332' title='bbox 1241 2760 1315 2817; x_wconf 89' lang='lat' dir='ltr'>oder</span> <span class='ocrx_word' id='word_1_333' title='bbox 1343 2760 1531 2830; x_wconf 86' lang='lat' dir='ltr'>Gottesthal,</span> <span class='ocrx_word' id='word_1_334' title='bbox 1562 2761 1748 2836; x_wconf 79' lang='lat' dir='ltr'>iviirdigsteu</span> <span class='ocrx_word' id='word_1_335' title='bbox 1776 2759 1890 2830; x_wconf 87' lang='lat' dir='ltr'>Abtes,</span> <span class='ocrx_word' id='word_1_336' title='bbox 1920 2762 1968 2819; x_wconf 90' lang='lat' dir='ltr'>bei</span> 
     </span>
     <span class='ocr_line' id='line_1_61' title="bbox 1136 2864 2044 2941; baseline 0.002 -20"><span class='ocrx_word' id='word_1_337' title='bbox 1136 2866 1244 2922; x_wconf 89' lang='lat' dir='ltr'>dessen</span> <span class='ocrx_word' id='word_1_338' title='bbox 1260 2865 1441 2922; x_wconf 85' lang='lat' dir='ltr'>leierlichem</span> <span class='ocrx_word' id='word_1_339' title='bbox 1454 2864 1794 2941; x_wconf 76' lang='lat' dir='ltr'>Leichenbegangnisse</span> <span class='ocrx_word' id='word_1_340' title='bbox 1810 2868 1839 2922; x_wconf 94' lang='lat' dir='ltr'>in</span> <span class='ocrx_word' id='word_1_341' title='bbox 1856 2865 1966 2941; x_wconf 88' lang='lat' dir='ltr'>besag·</span> <span class='ocrx_word' id='word_1_342' title='bbox 2041 2905 2044 2911; x_wconf 85' lang='lat'>·</span> 
     </span>
     <span class='ocr_line' id='line_1_62' title="bbox 1137 2969 1967 3047; baseline -0.001 -20"><span class='ocrx_word' id='word_1_343' title='bbox 1137 2985 1194 3027; x_wconf 89' lang='lat' dir='ltr'>tem</span> <span class='ocrx_word' id='word_1_344' title='bbox 1205 2969 1295 3026; x_wconf 85' lang='lat' dir='ltr'>Stiste</span> <span class='ocrx_word' id='word_1_345' title='bbox 1307 2970 1365 3026; x_wconf 91' lang='lat' dir='ltr'>den</span> <span class='ocrx_word' id='word_1_346' title='bbox 1382 2985 1428 3043; x_wconf 81' lang='lat'>14.</span> <span class='ocrx_word' id='word_1_347' title='bbox 1441 2971 1646 3027; x_wconf 85' lang='lat' dir='ltr'>Christmonat</span> <span class='ocrx_word' id='word_1_348' title='bbox 1660 2985 1737 3044; x_wconf 82' lang='lat'>1751</span> <span class='ocrx_word' id='word_1_349' title='bbox 1752 2985 1967 3047; x_wconf 88' lang='lat' dir='ltr'>vorgetragen.</span> 
     </span>
     <span class='ocr_line' id='line_1_63' title="bbox 1136 3072 1968 3152; baseline 0.001 -21"><span class='ocrx_word' id='word_1_350' title='bbox 1136 3072 1210 3152; x_wconf 86' lang='grc'><strong>(1.1.</strong></span> <span class='ocrx_word' id='word_1_351' title='bbox 1230 3076 1338 3132; x_wconf 89' lang='lat' dir='ltr'>Oratio</span> <span class='ocrx_word' id='word_1_352' title='bbox 1356 3072 1490 3131; x_wconf 79' lang='lat' dir='ltr'>funebris</span> <span class='ocrx_word' id='word_1_353' title='bbox 1512 3077 1540 3130; x_wconf 91' lang='lat' dir='ltr'>in</span> <span class='ocrx_word' id='word_1_354' title='bbox 1561 3074 1609 3131; x_wconf 93' lang='lat' dir='ltr'>die</span> <span class='ocrx_word' id='word_1_355' title='bbox 1630 3075 1830 3151; x_wconf 87' lang='lat' dir='ltr'>depositionis</span> <span class='ocrx_word' id='word_1_356' title='bbox 1848 3073 1968 3132; x_wconf 84' lang='lat' dir='ltr'>abbatis</span> 
     </span>
    </p>
   </div>
   <div class='ocr_carea' id='block_1_11' title="bbox 1136 3177 1967 3341">
    <p class='ocr_par' dir='ltr' id='par_1_13' title="bbox 1136 3177 1967 3341">
     <span class='ocr_line' id='line_1_64' title="bbox 1136 3177 1967 3258; baseline -0.001 -22"><span class='ocrx_word' id='word_1_357' title='bbox 1136 3181 1264 3236; x_wconf 89' lang='lat' dir='ltr'>Romani</span> <span class='ocrx_word' id='word_1_358' title='bbox 1281 3177 1350 3258; x_wconf 89' lang='grc'><strong>111.)</strong></span> <span class='ocrx_word' id='word_1_359' title='bbox 1368 3178 1506 3248; x_wconf 87' lang='lat' dir='ltr'>Krembs,</span> <span class='ocrx_word' id='word_1_360' title='bbox 1524 3179 1674 3254; x_wconf 86' lang='lat' dir='ltr'>gedruckt</span> <span class='ocrx_word' id='word_1_361' title='bbox 1685 3177 1734 3236; x_wconf 91' lang='lat' dir='ltr'>bei</span> <span class='ocrx_word' id='word_1_362' title='bbox 1748 3181 1853 3254; x_wconf 87' lang='lat' dir='ltr'>lgnatz</span> <span class='ocrx_word' id='word_1_363' title='bbox 1865 3179 1967 3237; x_wconf 91' lang='lat' dir='ltr'>Anton</span> 
     </span>
     <span class='ocr_line' id='line_1_65' title="bbox 1136 3285 1317 3341; baseline 0 0"><span class='ocrx_word' id='word_1_364' title='bbox 1136 3285 1234 3341; x_wconf 74' lang='lat' dir='ltr'>Praxl.</span> <span class='ocrx_word' id='word_1_365' title='bbox 1252 3285 1317 3341; x_wconf 85' lang='lat' dir='ltr'>Fol.</span> 
     </span>
    </p>
   </div>
   <div class='ocr_carea' id='block_1_12' title="bbox 1135 3414 1968 4118">
    <p class='ocr_par' dir='ltr' id='par_1_14' title="bbox 1135 3414 1968 4118">
     <span class='ocr_line' id='line_1_66' title="bbox 1194 3414 1968 3509; baseline -0.001 -22"><span class='ocrx_word' id='word_1_366' title='bbox 1194 3414 1469 3509; x_wconf 73' lang='lat' dir='ltr'>¹Pr&#39;iglhubet·</span> <span class='ocrx_word' id='word_1_367' title='bbox 1499 3424 1729 3508; x_wconf 88' lang='lat' dir='ltr'>Dionysius</span> <span class='ocrx_word' id='word_1_368' title='bbox 1761 3424 1968 3505; x_wconf 90' lang='lat' dir='ltr'>Iosephus</span> 
     </span>
     <span class='ocr_line' id='line_1_67' title="bbox 1138 3541 1968 3627; baseline -0.005 -20"><span class='ocrx_word' id='word_1_369' title='bbox 1138 3544 1543 3627; x_wconf 80' lang='lat' dir='ltr'>(Michaelburanus),</span> <span class='ocrx_word' id='word_1_370' title='bbox 1566 3543 1789 3623; x_wconf 78' lang='lat' dir='ltr'>AustriacuS,</span> <span class='ocrx_word' id='word_1_371' title='bbox 1811 3551 1917 3604; x_wconf 90' lang='lat' dir='ltr'>natus</span> <span class='ocrx_word' id='word_1_372' title='bbox 1934 3541 1968 3604; x_wconf 93' lang='lat' dir='ltr'>in</span> 
     </span>
     <span class='ocr_line' id='line_1_68' title="bbox 1136 3664 1968 3748; baseline -0.002 -20"><span class='ocrx_word' id='word_1_373' title='bbox 1136 3666 1242 3748; x_wconf 88' lang='lat' dir='ltr'>Ried,</span> <span class='ocrx_word' id='word_1_374' title='bbox 1262 3670 1312 3728; x_wconf 88' lang='lat'>28.</span> <span class='ocrx_word' id='word_1_375' title='bbox 1329 3666 1405 3728; x_wconf 91' lang='lat' dir='ltr'>Iun.</span> <span class='ocrx_word' id='word_1_376' title='bbox 1427 3670 1517 3746; x_wconf 83' lang='lat'>1810,</span> <span class='ocrx_word' id='word_1_377' title='bbox 1540 3665 1629 3747; x_wconf 88' lang='lat' dir='ltr'>prof.</span> <span class='ocrx_word' id='word_1_378' title='bbox 1650 3684 1677 3744; x_wconf 95' lang='lat'>7.</span> <span class='ocrx_word' id='word_1_379' title='bbox 1695 3664 1783 3746; x_wconf 88' lang='lat' dir='ltr'>Apr.</span> <span class='ocrx_word' id='word_1_380' title='bbox 1805 3669 1896 3746; x_wconf 89' lang='grc'><strong>1833,</strong></span> <span class='ocrx_word' id='word_1_381' title='bbox 1914 3683 1968 3726; x_wconf 88' lang='lat' dir='ltr'>sa·</span> 
     </span>
     <span class='ocr_line' id='line_1_69' title="bbox 1137 3787 1968 3871; baseline -0.004 -20"><span class='ocrx_word' id='word_1_382' title='bbox 1137 3791 1261 3852; x_wconf 89' lang='lat' dir='ltr'>cerdos</span> <span class='ocrx_word' id='word_1_383' title='bbox 1289 3810 1335 3867; x_wconf 77' lang='lat'>19·</span> <span class='ocrx_word' id='word_1_384' title='bbox 1358 3789 1452 3871; x_wconf 89' lang='lat' dir='ltr'>Aug.</span> <span class='ocrx_word' id='word_1_385' title='bbox 1479 3792 1569 3851; x_wconf 81' lang='grc'><strong>1835.</strong></span> <span class='ocrx_word' id='word_1_386' title='bbox 1600 3787 1735 3852; x_wconf 89' lang='lat' dir='ltr'>Studiis</span> <span class='ocrx_word' id='word_1_387' title='bbox 1757 3787 1968 3870; x_wconf 89' lang='lat' dir='ltr'>theologicis</span> 
     </span>
     <span class='ocr_line' id='line_1_70' title="bbox 1135 3908 1968 3993; baseline -0.002 -19"><span class='ocrx_word' id='word_1_388' title='bbox 1135 3911 1307 3974; x_wconf 91' lang='lat' dir='ltr'>absolutis</span> <span class='ocrx_word' id='word_1_389' title='bbox 1323 3911 1358 3973; x_wconf 92' lang='lat' dir='ltr'>in</span> <span class='ocrx_word' id='word_1_390' title='bbox 1380 3932 1406 3973; x_wconf 92' lang='lat' dir='ltr'>r.</span> <span class='ocrx_word' id='word_1_391' title='bbox 1423 3912 1456 3975; x_wconf 92' lang='lat' dir='ltr'>b.</span> <span class='ocrx_word' id='word_1_392' title='bbox 1474 3911 1699 3993; x_wconf 85' lang='lat' dir='ltr'>gymnasium</span> <span class='ocrx_word' id='word_1_393' title='bbox 1716 3912 1763 3972; x_wconf 89' lang='lat' dir='ltr'>ad</span> <span class='ocrx_word' id='word_1_394' title='bbox 1776 3930 1802 3973; x_wconf 89' lang='grc'><strong>5.</strong></span> <span class='ocrx_word' id='word_1_395' title='bbox 1817 3908 1968 3992; x_wconf 89' lang='lat' dir='ltr'>Stepha-</span> 
     </span>
     <span class='ocr_line' id='line_1_71' title="bbox 1135 4031 1968 4118; baseline -0.005 -21"><span class='ocrx_word' id='word_1_396' title='bbox 1135 4054 1218 4097; x_wconf 92' lang='lat' dir='ltr'>num</span> <span class='ocrx_word' id='word_1_397' title='bbox 1235 4035 1424 4118; x_wconf 89' lang='lat' dir='ltr'>Augustae</span> <span class='ocrx_word' id='word_1_398' title='bbox 1440 4034 1580 4096; x_wconf 89' lang='lat' dir='ltr'>Vindel.</span> <span class='ocrx_word' id='word_1_399' title='bbox 1597 4043 1746 4096; x_wconf 88' lang='lat' dir='ltr'>vocatus</span> <span class='ocrx_word' id='word_1_400' title='bbox 1768 4042 1832 4114; x_wconf 89' lang='lat' dir='ltr'>est,</span> <span class='ocrx_word' id='word_1_401' title='bbox 1858 4041 1897 4095; x_wconf 91' lang='lat' dir='ltr'>ut</span> <span class='ocrx_word' id='word_1_402' title='bbox 1920 4031 1968 4094; x_wconf 92' lang='lat' dir='ltr'>ibi</span> 
     </span>
    </p>
   </div>
   <div class='ocr_carea' id='block_1_13' title="bbox 1077 4156 1967 4244">
    <p class='ocr_par' dir='ltr' id='par_1_15' title="bbox 1077 4156 1967 4244">
     <span class='ocr_line' id='line_1_72' title="bbox 1077 4156 1967 4244; baseline -0.001 -25"><span class='ocrx_word' id='word_1_403' title='bbox 1077 4238 1081 4244; x_wconf 29' lang='grc'><strong>,</strong></span> <span class='ocrx_word' id='word_1_404' title='bbox 1136 4158 1357 4220; x_wconf 90' lang='lat' dir='ltr'>iuventutem</span> <span class='ocrx_word' id='word_1_405' title='bbox 1369 4158 1564 4220; x_wconf 88' lang='lat' dir='ltr'>studiosam</span> <span class='ocrx_word' id='word_1_406' title='bbox 1578 4158 1733 4220; x_wconf 90' lang='lat' dir='ltr'>doceret.</span> <span class='ocrx_word' id='word_1_407' title='bbox 1751 4156 1859 4219; x_wconf 94' lang='lat' dir='ltr'>Anno</span> <span class='ocrx_word' id='word_1_408' title='bbox 1877 4160 1967 4236; x_wconf 84' lang='lat'>1841,</span> 
     </span>
    </p>
   </div>
   <div class='ocr_carea' id='block_1_14' title="bbox 1135 4278 1968 5447">
    <p class='ocr_par' dir='ltr' id='par_1_16' title="bbox 1135 4278 1968 5447">
     <span class='ocr_line' id='line_1_73' title="bbox 1138 4278 1966 4361; baseline -0.001 -19"><span class='ocrx_word' id='word_1_409' title='bbox 1138 4281 1195 4342; x_wconf 93' lang='lat' dir='ltr'>die</span> <span class='ocrx_word' id='word_1_410' title='bbox 1212 4280 1361 4342; x_wconf 91' lang='lat' dir='ltr'>nominis</span> <span class='ocrx_word' id='word_1_411' title='bbox 1377 4280 1431 4341; x_wconf 91' lang='lat' dir='ltr'>sui</span> <span class='ocrx_word' id='word_1_412' title='bbox 1448 4280 1490 4360; x_wconf 83' lang='grc'><strong>(1).</strong></span> <span class='ocrx_word' id='word_1_413' title='bbox 1509 4278 1600 4360; x_wconf 89' lang='grc'><strong>011.)</strong></span> <span class='ocrx_word' id='word_1_414' title='bbox 1618 4287 1801 4361; x_wconf 86' lang='lat' dir='ltr'>promotus</span> <span class='ocrx_word' id='word_1_415' title='bbox 1822 4280 1869 4341; x_wconf 90' lang='lat' dir='ltr'>ad</span> <span class='ocrx_word' id='word_1_416' title='bbox 1887 4280 1966 4341; x_wconf 93' lang='lat' dir='ltr'>doc·</span> 
     </span>
     <span class='ocr_line' id='line_1_74' title="bbox 1136 4399 1967 4484; baseline -0.004 -19"><span class='ocrx_word' id='word_1_417' title='bbox 1136 4411 1290 4465; x_wconf 84' lang='lat' dir='ltr'>toratunr</span> <span class='ocrx_word' id='word_1_418' title='bbox 1307 4423 1334 4464; x_wconf 93' lang='lat' dir='ltr'>s.</span> <span class='ocrx_word' id='word_1_419' title='bbox 1351 4401 1554 4484; x_wconf 86' lang='lat' dir='ltr'>theologiae</span> <span class='ocrx_word' id='word_1_420' title='bbox 1571 4400 1711 4482; x_wconf 90' lang='lat' dir='ltr'>accepit</span> <span class='ocrx_word' id='word_1_421' title='bbox 1725 4399 1967 4483; x_wconf 89' lang='lat' dir='ltr'>professuram</span> 
     </span>
     <span class='ocr_line' id='line_1_75' title="bbox 1137 4523 1968 4606; baseline -0.001 -20"><span class='ocrx_word' id='word_1_422' title='bbox 1137 4526 1210 4588; x_wconf 93' lang='lat' dir='ltr'>ord.</span> <span class='ocrx_word' id='word_1_423' title='bbox 1227 4524 1429 4606; x_wconf 87' lang='lat' dir='ltr'>theologiae</span> <span class='ocrx_word' id='word_1_424' title='bbox 1446 4524 1596 4605; x_wconf 86' lang='lat' dir='ltr'>moralis,</span> <span class='ocrx_word' id='word_1_425' title='bbox 1614 4523 1649 4584; x_wconf 92' lang='lat' dir='ltr'>in</span> <span class='ocrx_word' id='word_1_426' title='bbox 1666 4544 1695 4586; x_wconf 95' lang='grc'>1.</span> <span class='ocrx_word' id='word_1_427' title='bbox 1709 4543 1735 4584; x_wconf 90' lang='grc'>1.</span> <span class='ocrx_word' id='word_1_428' title='bbox 1749 4524 1876 4605; x_wconf 91' lang='lat' dir='ltr'>lycaeo</span> <span class='ocrx_word' id='word_1_429' title='bbox 1889 4523 1968 4585; x_wconf 89' lang='lat' dir='ltr'>Lin-</span> 
     </span>
     <span class='ocr_line' id='line_1_76' title="bbox 1137 4644 1967 4728; baseline -0.002 -20"><span class='ocrx_word' id='word_1_430' title='bbox 1137 4645 1256 4709; x_wconf 90' lang='lat' dir='ltr'>ciensi.</span> <span class='ocrx_word' id='word_1_431' title='bbox 1282 4646 1476 4728; x_wconf 90' lang='lat' dir='ltr'>Postquam</span> <span class='ocrx_word' id='word_1_432' title='bbox 1493 4646 1654 4709; x_wconf 89' lang='lat' dir='ltr'>doctrina</span> <span class='ocrx_word' id='word_1_433' title='bbox 1675 4665 1740 4707; x_wconf 92' lang='lat' dir='ltr'>sua</span> <span class='ocrx_word' id='word_1_434' title='bbox 1763 4644 1911 4707; x_wconf 88' lang='lat' dir='ltr'>mirifica</span> <span class='ocrx_word' id='word_1_435' title='bbox 1932 4655 1967 4706; x_wconf 92' lang='lat' dir='ltr'>et</span> 
     </span>
     <span class='ocr_line' id='line_1_77' title="bbox 1138 4768 1966 4832; baseline -0.002 -1"><span class='ocrx_word' id='word_1_436' title='bbox 1138 4768 1304 4831; x_wconf 88' lang='lat' dir='ltr'>comitate</span> <span class='ocrx_word' id='word_1_437' title='bbox 1321 4768 1389 4830; x_wconf 89' lang='lat' dir='ltr'>sibi</span> <span class='ocrx_word' id='word_1_438' title='bbox 1405 4768 1564 4831; x_wconf 85' lang='lat' dir='ltr'>favorem</span> <span class='ocrx_word' id='word_1_439' title='bbox 1580 4768 1868 4831; x_wconf 89' lang='lat' dir='ltr'>reverendissimi</span> <span class='ocrx_word' id='word_1_440' title='bbox 1885 4769 1917 4832; x_wconf 92' lang='lat' dir='ltr'>d.</span> <span class='ocrx_word' id='word_1_441' title='bbox 1934 4768 1966 4829; x_wconf 91' lang='lat' dir='ltr'>d.</span> 
     </span>
     <span class='ocr_line' id='line_1_78' title="bbox 1137 4890 1965 4976; baseline -0.002 -21"><span class='ocrx_word' id='word_1_442' title='bbox 1137 4892 1298 4976; x_wconf 89' lang='lat' dir='ltr'>episcopi</span> <span class='ocrx_word' id='word_1_443' title='bbox 1330 4891 1495 4974; x_wconf 88' lang='lat' dir='ltr'>Gregorii</span> <span class='ocrx_word' id='word_1_444' title='bbox 1526 4892 1684 4954; x_wconf 85' lang='lat' dir='ltr'>Thomae</span> <span class='ocrx_word' id='word_1_445' title='bbox 1718 4891 1882 4974; x_wconf 87' lang='lat' dir='ltr'>(Ziegler)</span> <span class='ocrx_word' id='word_1_446' title='bbox 1917 4890 1965 4953; x_wconf 84' lang='lat' dir='ltr'>ita</span> 
     </span>
     <span class='ocr_line' id='line_1_79' title="bbox 1136 5013 1967 5096; baseline -0.004 -17"><span class='ocrx_word' id='word_1_447' title='bbox 1136 5023 1422 5096; x_wconf 84' lang='lat' dir='ltr'>comparaverat,</span> <span class='ocrx_word' id='word_1_448' title='bbox 1451 5024 1490 5076; x_wconf 89' lang='lat' dir='ltr'>ut</span> <span class='ocrx_word' id='word_1_449' title='bbox 1519 5016 1565 5076; x_wconf 90' lang='lat' dir='ltr'>ab</span> <span class='ocrx_word' id='word_1_450' title='bbox 1594 5016 1661 5077; x_wconf 92' lang='lat' dir='ltr'>hoc</span> <span class='ocrx_word' id='word_1_451' title='bbox 1686 5015 1731 5075; x_wconf 89' lang='lat' dir='ltr'>ad</span> <span class='ocrx_word' id='word_1_452' title='bbox 1756 5013 1967 5096; x_wconf 90' lang='lat' dir='ltr'>dignitatem</span> 
     </span>
     <span class='ocr_line' id='line_1_80' title="bbox 1136 5136 1966 5216; baseline -0.002 -16"><span class='ocrx_word' id='word_1_453' title='bbox 1136 5137 1326 5201; x_wconf 89' lang='lat' dir='ltr'>consiliarii</span> <span class='ocrx_word' id='word_1_454' title='bbox 1350 5136 1602 5199; x_wconf 89' lang='lat' dir='ltr'>consistorialis</span> <span class='ocrx_word' id='word_1_455' title='bbox 1624 5137 1835 5198; x_wconf 88' lang='lat' dir='ltr'>eveheretur</span> <span class='ocrx_word' id='word_1_456' title='bbox 1859 5136 1966 5216; x_wconf 87' lang='grc'><strong>(1853)</strong></span> 
     </span>
     <span class='ocr_line' id='line_1_81' title="bbox 1135 5257 1968 5343; baseline -0.006 -20"><span class='ocrx_word' id='word_1_457' title='bbox 1135 5261 1245 5343; x_wconf 91' lang='lat' dir='ltr'>phtisi</span> <span class='ocrx_word' id='word_1_458' title='bbox 1258 5261 1422 5323; x_wconf 91' lang='lat' dir='ltr'>laborare</span> <span class='ocrx_word' id='word_1_459' title='bbox 1437 5260 1566 5341; x_wconf 89' lang='lat' dir='ltr'>coepit,</span> <span class='ocrx_word' id='word_1_460' title='bbox 1581 5268 1616 5322; x_wconf 87' lang='lat' dir='ltr'>et</span> <span class='ocrx_word' id='word_1_461' title='bbox 1629 5259 1716 5322; x_wconf 87' lang='lat' dir='ltr'>obiit</span> <span class='ocrx_word' id='word_1_462' title='bbox 1734 5263 1763 5323; x_wconf 91' lang='grc'>6.</span> <span class='ocrx_word' id='word_1_463' title='bbox 1777 5259 1835 5321; x_wconf 90' lang='lat' dir='ltr'>die</span> <span class='ocrx_word' id='word_1_464' title='bbox 1850 5257 1968 5322; x_wconf 91' lang='lat' dir='ltr'>Martii</span> 
     </span>
     <span class='ocr_line' id='line_1_82' title="bbox 1144 5386 1233 5447; baseline 0.022 -2"><span class='ocrx_word' id='word_1_465' title='bbox 1144 5386 1233 5447; x_wconf 90' lang='grc'><strong>1856.</strong></span> 
     </span>
    </p>
   </div>
   <div class='ocr_carea' id='block_1_15' title="bbox 0 0 2094 6196">
    <p class='ocr_par' dir='ltr' id='par_1_17' title="bbox 0 0 2094 6196">
     <span class='ocr_line' id='line_1_83' title="bbox 0 0 2094 6196; baseline 0 0"><span class='ocrx_word' id='word_1_466' title='bbox 0 0 2094 6196; x_wconf 95' lang='lat' dir='ltr'> </span> 
     </span>
    </p>
   </div>
  </div>
 </body>
</html>
