<?xml version="1.0" encoding="UTF-8"?>
<!DOCTYPE html PUBLIC "-//W3C//DTD XHTML 1.0 Transitional//EN"
    "http://www.w3.org/TR/xhtml1/DTD/xhtml1-transitional.dtd">
<html xmlns="http://www.w3.org/1999/xhtml" xml:lang="en" lang="en">
 <head>
  <title>
</title>
<meta http-equiv="Content-Type" content="text/html;charset=utf-8" />
  <meta name='ocr-system' content='tesseract 3.04.00' />
  <meta name='ocr-capabilities' content='ocr_page ocr_carea ocr_par ocr_line ocrx_word'/>
</head>
<body>
  <div class='ocr_page' id='page_1' title='image "./scriptoresordin00austgoog_0623.png"; bbox 0 0 4178 6196; ppageno 0'>
   <div class='ocr_carea' id='block_1_1' title="bbox 904 433 1184 499">
    <p class='ocr_par' dir='ltr' id='par_1_1' title="bbox 904 433 1184 499">
     <span class='ocr_line' id='line_1_1' title="bbox 904 433 1184 499; baseline 0.004 -1"><span class='ocrx_word' id='word_1_1' title='bbox 904 433 1184 499; x_wconf 76' lang='lat'>-494-</span> 
     </span>
    </p>
   </div>
   <div class='ocr_carea' id='block_1_2' title="bbox 174 614 1002 822">
    <p class='ocr_par' dir='ltr' id='par_1_2' title="bbox 174 614 1002 822">
     <span class='ocr_line' id='line_1_2' title="bbox 175 614 1002 698; baseline -0.005 -18"><span class='ocrx_word' id='word_1_2' title='bbox 175 620 220 680; x_wconf 88' lang='lat' dir='ltr'>ad</span> <span class='ocrx_word' id='word_1_3' title='bbox 244 637 374 680; x_wconf 92' lang='lat' dir='ltr'>annum</span> <span class='ocrx_word' id='word_1_4' title='bbox 395 621 473 695; x_wconf 84' lang='lat'>1867</span> <span class='ocrx_word' id='word_1_5' title='bbox 501 615 708 698; x_wconf 90' lang='lat' dir='ltr'>(interiectis</span> <span class='ocrx_word' id='word_1_6' title='bbox 732 615 869 696; x_wconf 83' lang='lat' dir='ltr'>aliquot</span> <span class='ocrx_word' id='word_1_7' title='bbox 888 614 1002 695; x_wconf 90' lang='lat' dir='ltr'>annis)</span> 
     </span>
     <span class='ocr_line' id='line_1_3' title="bbox 174 738 1001 822; baseline -0.002 -21"><span class='ocrx_word' id='word_1_8' title='bbox 174 739 241 802; x_wconf 89' lang='lat' dir='ltr'>fuit</span> <span class='ocrx_word' id='word_1_9' title='bbox 255 739 469 822; x_wconf 89' lang='lat' dir='ltr'>(successivo</span> <span class='ocrx_word' id='word_1_10' title='bbox 483 738 617 818; x_wconf 87' lang='lat' dir='ltr'>ordine)</span> <span class='ocrx_word' id='word_1_11' title='bbox 631 738 873 800; x_wconf 91' lang='lat' dir='ltr'>missionarius</span> <span class='ocrx_word' id='word_1_12' title='bbox 887 747 1001 818; x_wconf 90' lang='lat' dir='ltr'><strong>apost.</strong></span> 
     </span>
    </p>
   </div>
   <div class='ocr_carea' id='block_1_3' title="bbox 174 856 1003 963">
    <p class='ocr_par' dir='ltr' id='par_1_3' title="bbox 174 856 1003 963">
     <span class='ocr_line' id='line_1_4' title="bbox 174 856 1003 963; baseline -0.004 -40"><span class='ocrx_word' id='word_1_13' title='bbox 174 860 491 942; x_wconf 88' lang='lat' dir='ltr'>Constantinopoli,</span> <span class='ocrx_word' id='word_1_14' title='bbox 508 858 683 943; x_wconf 86' lang='lat' dir='ltr'>Smyrnae</span> <span class='ocrx_word' id='word_1_15' title='bbox 705 870 740 921; x_wconf 89' lang='lat' dir='ltr'>et</span> <span class='ocrx_word' id='word_1_16' title='bbox 764 856 1003 963; x_wconf 65' lang='lat' dir='ltr'>Giizelhissar3</span> 
     </span>
    </p>
   </div>
   <div class='ocr_carea' id='block_1_4' title="bbox 173 980 1005 2626">
    <p class='ocr_par' dir='ltr' id='par_1_4' title="bbox 173 980 1005 2401">
     <span class='ocr_line' id='line_1_5' title="bbox 174 980 1004 1062; baseline -0.004 -18"><span class='ocrx_word' id='word_1_17' title='bbox 174 983 209 1046; x_wconf 93' lang='lat' dir='ltr'>in</span> <span class='ocrx_word' id='word_1_18' title='bbox 232 983 287 1045; x_wconf 92' lang='lat' dir='ltr'>his</span> <span class='ocrx_word' id='word_1_19' title='bbox 315 983 446 1045; x_wconf 86' lang='lat' dir='ltr'>ultimis</span> <span class='ocrx_word' id='word_1_20' title='bbox 473 984 611 1044; x_wconf 91' lang='lat' dir='ltr'>duabus</span> <span class='ocrx_word' id='word_1_21' title='bbox 635 981 840 1044; x_wconf 87' lang='lat' dir='ltr'>civitatibus</span> <span class='ocrx_word' id='word_1_22' title='bbox 863 980 1004 1062; x_wconf 81' lang='lat' dir='ltr'>peregit</span> 
     </span>
     <span class='ocr_line' id='line_1_6' title="bbox 174 1103 1005 1186; baseline -0.006 -17"><span class='ocrx_word' id='word_1_23' title='bbox 174 1127 301 1169; x_wconf 91' lang='lat' dir='ltr'>munus</span> <span class='ocrx_word' id='word_1_24' title='bbox 317 1124 458 1186; x_wconf 90' lang='lat' dir='ltr'>quoque</span> <span class='ocrx_word' id='word_1_25' title='bbox 475 1103 667 1186; x_wconf 89' lang='lat' dir='ltr'>superioris</span> <span class='ocrx_word' id='word_1_26' title='bbox 688 1103 722 1165; x_wconf 93' lang='lat' dir='ltr'>in</span> <span class='ocrx_word' id='word_1_27' title='bbox 745 1103 908 1165; x_wconf 90' lang='lat' dir='ltr'>domibus</span> <span class='ocrx_word' id='word_1_28' title='bbox 924 1103 1005 1165; x_wconf 92' lang='lat' dir='ltr'>mis·</span> 
     </span>
     <span class='ocr_line' id='line_1_7' title="bbox 175 1226 1005 1303; baseline -0.005 -13"><span class='ocrx_word' id='word_1_29' title='bbox 175 1228 284 1290; x_wconf 90' lang='lat' dir='ltr'>sionis</span> <span class='ocrx_word' id='word_1_30' title='bbox 304 1227 471 1289; x_wconf 90' lang='lat' dir='ltr'>Mechith.</span> <span class='ocrx_word' id='word_1_31' title='bbox 488 1226 661 1289; x_wconf 89' lang='lat' dir='ltr'>Viennen.</span> <span class='ocrx_word' id='word_1_32' title='bbox 694 1226 800 1287; x_wconf 90' lang='lat' dir='ltr'>Anno</span> <span class='ocrx_word' id='word_1_33' title='bbox 828 1228 1005 1303; x_wconf 80' lang='grc'>1830-50</span> 
     </span>
     <span class='ocr_line' id='line_1_8' title="bbox 173 1346 1004 1432; baseline -0.005 -20"><span class='ocrx_word' id='word_1_34' title='bbox 173 1349 382 1432; x_wconf 89' lang='lat' dir='ltr'>perfunctus</span> <span class='ocrx_word' id='word_1_35' title='bbox 395 1359 449 1410; x_wconf 91' lang='lat' dir='ltr'>est</span> <span class='ocrx_word' id='word_1_36' title='bbox 458 1347 598 1410; x_wconf 90' lang='lat' dir='ltr'>Romae</span> <span class='ocrx_word' id='word_1_37' title='bbox 610 1367 754 1409; x_wconf 89' lang='lat' dir='ltr'>munere</span> <span class='ocrx_word' id='word_1_38' title='bbox 765 1346 1004 1429; x_wconf 86' lang='lat' dir='ltr'>procuratoris</span> 
     </span>
     <span class='ocr_line' id='line_1_9' title="bbox 175 1469 1004 1554; baseline -0.005 -20"><span class='ocrx_word' id='word_1_39' title='bbox 175 1469 463 1554; x_wconf 85' lang='lat' dir='ltr'>congregationis</span> <span class='ocrx_word' id='word_1_40' title='bbox 486 1470 582 1550; x_wconf 91' lang='lat' dir='ltr'>apud</span> <span class='ocrx_word' id='word_1_41' title='bbox 609 1488 635 1530; x_wconf 90' lang='lat' dir='ltr'>s.</span> <span class='ocrx_word' id='word_1_42' title='bbox 661 1469 792 1530; x_wconf 88' lang='lat' dir='ltr'>sedem.</span> <span class='ocrx_word' id='word_1_43' title='bbox 825 1469 884 1530; x_wconf 91' lang='lat' dir='ltr'>Ab</span> <span class='ocrx_word' id='word_1_44' title='bbox 911 1487 1004 1530; x_wconf 92' lang='lat' dir='ltr'>anno</span> 
     </span>
     <span class='ocr_line' id='line_1_10' title="bbox 179 1590 1002 1673; baseline -0.004 -18"><span class='ocrx_word' id='word_1_45' title='bbox 179 1597 257 1655; x_wconf 85' lang='lat'>1855</span> <span class='ocrx_word' id='word_1_46' title='bbox 270 1592 337 1655; x_wconf 87' lang='lat' dir='ltr'>fuit</span> <span class='ocrx_word' id='word_1_47' title='bbox 347 1591 500 1654; x_wconf 88' lang='lat' dir='ltr'>vicarius</span> <span class='ocrx_word' id='word_1_48' title='bbox 513 1591 690 1673; x_wconf 85' lang='lat' dir='ltr'>generalis</span> <span class='ocrx_word' id='word_1_49' title='bbox 703 1590 1002 1673; x_wconf 85' lang='lat' dir='ltr'>congregationis.</span> 
     </span>
     <span class='ocr_line' id='line_1_11' title="bbox 174 1712 1004 1793; baseline -0.004 -16"><span class='ocrx_word' id='word_1_50' title='bbox 174 1716 280 1778; x_wconf 91' lang='lat' dir='ltr'>Anno</span> <span class='ocrx_word' id='word_1_51' title='bbox 306 1718 385 1793; x_wconf 83' lang='lat'>1859</span> <span class='ocrx_word' id='word_1_52' title='bbox 410 1713 605 1776; x_wconf 89' lang='lat' dir='ltr'>celebravit</span> <span class='ocrx_word' id='word_1_53' title='bbox 630 1713 820 1775; x_wconf 89' lang='lat' dir='ltr'>sacerdotii</span> <span class='ocrx_word' id='word_1_54' title='bbox 841 1712 894 1775; x_wconf 93' lang='lat' dir='ltr'>sui</span> <span class='ocrx_word' id='word_1_55' title='bbox 915 1712 1004 1774; x_wconf 92' lang='lat' dir='ltr'>iubi-</span> 
     </span>
     <span class='ocr_line' id='line_1_12' title="bbox 173 1835 1003 1899; baseline -0.004 0"><span class='ocrx_word' id='word_1_56' title='bbox 173 1838 299 1899; x_wconf 90' lang='lat' dir='ltr'>laeum.</span> <span class='ocrx_word' id='word_1_57' title='bbox 324 1836 430 1898; x_wconf 93' lang='lat' dir='ltr'>Anno</span> <span class='ocrx_word' id='word_1_58' title='bbox 451 1838 530 1897; x_wconf 89' lang='grc'>1865</span> <span class='ocrx_word' id='word_1_59' title='bbox 548 1835 737 1897; x_wconf 89' lang='lat' dir='ltr'>decoratus</span> <span class='ocrx_word' id='word_1_60' title='bbox 759 1843 814 1896; x_wconf 89' lang='lat' dir='ltr'>est</span> <span class='ocrx_word' id='word_1_61' title='bbox 830 1854 851 1894; x_wconf 91' lang='lat' dir='ltr'>a</span> <span class='ocrx_word' id='word_1_62' title='bbox 868 1853 1003 1896; x_wconf 92' lang='lat' dir='ltr'>summo</span> 
     </span>
     <span class='ocr_line' id='line_1_13' title="bbox 174 1955 1003 2040; baseline -0.004 -20"><span class='ocrx_word' id='word_1_63' title='bbox 174 1957 341 2040; x_wconf 89' lang='lat' dir='ltr'>pontifice</span> <span class='ocrx_word' id='word_1_64' title='bbox 358 1957 423 2019; x_wconf 94' lang='lat' dir='ltr'>Pio</span> <span class='ocrx_word' id='word_1_65' title='bbox 439 1957 507 2018; x_wconf 87' lang='lat' dir='ltr'>IX.</span> <span class='ocrx_word' id='word_1_66' title='bbox 528 1956 631 2019; x_wconf 92' lang='lat' dir='ltr'>mitra</span> <span class='ocrx_word' id='word_1_67' title='bbox 651 1966 687 2017; x_wconf 89' lang='lat' dir='ltr'>et</span> <span class='ocrx_word' id='word_1_68' title='bbox 707 1955 836 2017; x_wconf 93' lang='lat' dir='ltr'>baculo</span> <span class='ocrx_word' id='word_1_69' title='bbox 859 1955 1003 2036; x_wconf 91' lang='lat' dir='ltr'>(simpli-</span> 
     </span>
     <span class='ocr_line' id='line_1_14' title="bbox 175 2075 1003 2158; baseline -0.004 -17"><span class='ocrx_word' id='word_1_70' title='bbox 175 2080 236 2158; x_wconf 88' lang='lat' dir='ltr'>cis)</span> <span class='ocrx_word' id='word_1_71' title='bbox 258 2078 411 2140; x_wconf 86' lang='lat' dir='ltr'>abbatis.</span> <span class='ocrx_word' id='word_1_72' title='bbox 447 2078 659 2155; x_wconf 86' lang='grc' dir='ltr'>Α111101867</span> <span class='ocrx_word' id='word_1_73' title='bbox 690 2075 801 2139; x_wconf 79' lang='lat' dir='ltr'>dies.</span> <span class='ocrx_word' id='word_1_74' title='bbox 826 2075 904 2139; x_wconf 93' lang='lat' dir='ltr'>Oct.</span> <span class='ocrx_word' id='word_1_75' title='bbox 933 2077 1003 2139; x_wconf 89' lang='lat' dir='ltr'>iam</span> 
     </span>
     <span class='ocr_line' id='line_1_15' title="bbox 175 2198 1002 2281; baseline -0.002 -20"><span class='ocrx_word' id='word_1_76' title='bbox 175 2200 382 2281; x_wconf 87' lang='lat' dir='ltr'>octuaginta</span> <span class='ocrx_word' id='word_1_77' title='bbox 399 2198 503 2260; x_wconf 90' lang='lat' dir='ltr'>trium</span> <span class='ocrx_word' id='word_1_78' title='bbox 516 2218 686 2260; x_wconf 91' lang='lat' dir='ltr'>annorum</span> <span class='ocrx_word' id='word_1_79' title='bbox 703 2217 815 2260; x_wconf 85' lang='lat' dir='ltr'>senex</span> <span class='ocrx_word' id='word_1_80' title='bbox 831 2198 866 2259; x_wconf 90' lang='lat' dir='ltr'>in</span> <span class='ocrx_word' id='word_1_81' title='bbox 883 2218 1002 2260; x_wconf 88' lang='lat' dir='ltr'>mona-</span> 
     </span>
     <span class='ocr_line' id='line_1_16' title="bbox 174 2318 1001 2401; baseline -0.001 -19"><span class='ocrx_word' id='word_1_82' title='bbox 174 2320 282 2382; x_wconf 92' lang='lat' dir='ltr'>sterio</span> <span class='ocrx_word' id='word_1_83' title='bbox 298 2319 460 2381; x_wconf 88' lang='lat' dir='ltr'>Viennae</span> <span class='ocrx_word' id='word_1_84' title='bbox 480 2319 538 2401; x_wconf 92' lang='lat' dir='ltr'>pie</span> <span class='ocrx_word' id='word_1_85' title='bbox 554 2319 590 2381; x_wconf 91' lang='lat' dir='ltr'>in</span> <span class='ocrx_word' id='word_1_86' title='bbox 605 2318 757 2381; x_wconf 91' lang='lat' dir='ltr'>Domino</span> <span class='ocrx_word' id='word_1_87' title='bbox 778 2319 1001 2381; x_wconf 90' lang='lat' dir='ltr'>obdormivit.</span> 
     </span>
    </p>

    <p class='ocr_par' dir='ltr' id='par_1_5' title="bbox 175 2440 1002 2626">
     <span class='ocr_line' id='line_1_17' title="bbox 262 2440 1002 2523; baseline -0.003 -19"><span class='ocrx_word' id='word_1_88' title='bbox 262 2440 382 2522; x_wconf 88' lang='lat' dir='ltr'>Opera</span> <span class='ocrx_word' id='word_1_89' title='bbox 408 2440 484 2502; x_wconf 92' lang='lat' dir='ltr'>eius</span> <span class='ocrx_word' id='word_1_90' title='bbox 511 2440 547 2502; x_wconf 92' lang='lat' dir='ltr'>in</span> <span class='ocrx_word' id='word_1_91' title='bbox 574 2440 763 2503; x_wconf 89' lang='lat' dir='ltr'>Neo-arm.</span> <span class='ocrx_word' id='word_1_92' title='bbox 790 2440 875 2523; x_wconf 88' lang='lat' dir='ltr'>ling.</span> <span class='ocrx_word' id='word_1_93' title='bbox 904 2440 1002 2522; x_wconf 91' lang='lat' dir='ltr'>typis</span> 
     </span>
     <span class='ocr_line' id='line_1_18' title="bbox 175 2563 284 2626; baseline -0.009 0"><span class='ocrx_word' id='word_1_94' title='bbox 175 2563 284 2626; x_wconf 88' lang='lat' dir='ltr'>edita:</span> 
     </span>
    </p>
   </div>
   <div class='ocr_carea' id='block_1_5' title="bbox 173 2688 1002 2870">
    <p class='ocr_par' dir='ltr' id='par_1_6' title="bbox 173 2688 1002 2870">
     <span class='ocr_line' id='line_1_19' title="bbox 260 2688 1002 2777; baseline -0.018 -11"><span class='ocrx_word' id='word_1_95' title='bbox 260 2691 282 2746; x_wconf 91' lang='lat'>1.</span> <span class='ocrx_word' id='word_1_96' title='bbox 311 2690 596 2765; x_wconf 52' lang='grc' dir='ltr'>1101110411ι1</span> <span class='ocrx_word' id='word_1_97' title='bbox 619 2689 647 2764; x_wconf 85' lang='lat' dir='ltr'>¹l</span> <span class='ocrx_word' id='word_1_98' title='bbox 657 2688 810 2777; x_wconf 58' lang='grc'>1111011,</span> <span class='ocrx_word' id='word_1_99' title='bbox 838 2689 857 2744; x_wconf 79' lang='lat' dir='ltr'>i·</span> <span class='ocrx_word' id='word_1_100' title='bbox 885 2706 911 2743; x_wconf 78' lang='lat' dir='ltr'>e.</span> <span class='ocrx_word' id='word_1_101' title='bbox 941 2688 1002 2743; x_wconf 81' lang='lat' dir='ltr'>De·</span> 
     </span>
     <span class='ocr_line' id='line_1_20' title="bbox 173 2793 1002 2870; baseline -0.005 -20"><span class='ocrx_word' id='word_1_102' title='bbox 173 2796 298 2870; x_wconf 90' lang='lat' dir='ltr'>scriptio</span> <span class='ocrx_word' id='word_1_103' title='bbox 315 2795 462 2861; x_wconf 80' lang='lat' dir='ltr'>Viennae,</span> <span class='ocrx_word' id='word_1_104' title='bbox 488 2814 553 2850; x_wconf 90' lang='lat' dir='ltr'>cum</span> <span class='ocrx_word' id='word_1_105' title='bbox 577 2793 724 2850; x_wconf 80' lang='lat' dir='ltr'>iconibus</span> <span class='ocrx_word' id='word_1_106' title='bbox 748 2793 898 2859; x_wconf 78' lang='lat' dir='ltr'>Viennae,</span> <span class='ocrx_word' id='word_1_107' title='bbox 921 2793 1002 2867; x_wconf 86' lang='lat' dir='ltr'>typis</span> 
     </span>
    </p>
   </div>
   <div class='ocr_carea' id='block_1_6' title="bbox 173 2896 423 2970">
    <p class='ocr_par' dir='ltr' id='par_1_7' title="bbox 173 2896 423 2970">
     <span class='ocr_line' id='line_1_21' title="bbox 173 2896 423 2970; baseline -0.004 -16"><span class='ocrx_word' id='word_1_108' title='bbox 173 2898 312 2954; x_wconf 86' lang='lat' dir='ltr'>Mechith.</span> <span class='ocrx_word' id='word_1_109' title='bbox 334 2896 423 2970; x_wconf 83' lang='lat'>1829.</span> 
     </span>
    </p>
   </div>
   <div class='ocr_carea' id='block_1_7' title="bbox 150 3000 1002 3178">
    <p class='ocr_par' dir='ltr' id='par_1_8' title="bbox 150 3000 1002 3178">
     <span class='ocr_line' id='line_1_22' title="bbox 259 3000 1001 3086; baseline -0.005 -13"><span class='ocrx_word' id='word_1_110' title='bbox 259 3002 296 3056; x_wconf 87' lang='lat'>11.</span> <span class='ocrx_word' id='word_1_111' title='bbox 314 3000 523 3086; x_wconf 62' lang='lat' dir='ltr'>lppnppn,</span> <span class='ocrx_word' id='word_1_112' title='bbox 544 3000 667 3077; x_wconf 61' lang='lat' dir='ltr'>aarum·</span> <span class='ocrx_word' id='word_1_113' title='bbox 691 3003 855 3075; x_wconf 59' lang='grc'>1011011</span> <span class='ocrx_word' id='word_1_114' title='bbox 875 3000 891 3054; x_wconf 79' lang='lat' dir='ltr'>i.</span> <span class='ocrx_word' id='word_1_115' title='bbox 910 3018 936 3054; x_wconf 83' lang='lat' dir='ltr'>e.</span> <span class='ocrx_word' id='word_1_116' title='bbox 954 3000 1001 3054; x_wconf 85' lang='lat' dir='ltr'>In-</span> 
     </span>
     <span class='ocr_line' id='line_1_23' title="bbox 150 3099 1002 3178; baseline -0.004 -16"><span class='ocrx_word' id='word_1_117' title='bbox 150 3099 288 3162; x_wconf 78' lang='lat' dir='ltr'>&#39;stitutio</span> <span class='ocrx_word' id='word_1_118' title='bbox 321 3106 349 3159; x_wconf 92' lang='lat' dir='ltr'>in</span> <span class='ocrx_word' id='word_1_119' title='bbox 376 3105 514 3160; x_wconf 87' lang='lat' dir='ltr'>doctrina</span> <span class='ocrx_word' id='word_1_120' title='bbox 540 3104 711 3159; x_wconf 86' lang='lat' dir='ltr'>christiana.</span> <span class='ocrx_word' id='word_1_121' title='bbox 742 3102 894 3168; x_wconf 85' lang='lat' dir='ltr'>Viennae,</span> <span class='ocrx_word' id='word_1_122' title='bbox 923 3104 1002 3178; x_wconf 84' lang='lat' dir='ltr'>typis</span> 
     </span>
    </p>
   </div>
   <div class='ocr_carea' id='block_1_8' title="bbox 172 3208 424 3282">
    <p class='ocr_par' dir='ltr' id='par_1_9' title="bbox 172 3208 424 3282">
     <span class='ocr_line' id='line_1_24' title="bbox 172 3208 424 3282; baseline -0.004 -17"><span class='ocrx_word' id='word_1_123' title='bbox 172 3210 311 3266; x_wconf 90' lang='lat' dir='ltr'>Mechith.</span> <span class='ocrx_word' id='word_1_124' title='bbox 333 3208 424 3282; x_wconf 80' lang='lat'>1839.</span> 
     </span>
    </p>
   </div>
   <div class='ocr_carea' id='block_1_9' title="bbox 173 3311 1001 3491">
    <p class='ocr_par' dir='ltr' id='par_1_10' title="bbox 173 3311 1001 3491">
     <span class='ocr_line' id='line_1_25' title="bbox 259 3311 1001 3392; baseline -0.015 -24"><span class='ocrx_word' id='word_1_125' title='bbox 259 3315 310 3369; x_wconf 94' lang='grc'>111.</span> <span class='ocrx_word' id='word_1_126' title='bbox 327 3315 504 3392; x_wconf 54' lang='grc' dir='ltr'>ζωιΓωιιοιη</span> <span class='ocrx_word' id='word_1_127' title='bbox 521 3311 856 3387; x_wconf 42' lang='grc' dir='ltr'>Ιῗμῇμωμμδηιρῄύι,</span> <span class='ocrx_word' id='word_1_128' title='bbox 876 3312 894 3366; x_wconf 91' lang='grc'>1.</span> <span class='ocrx_word' id='word_1_129' title='bbox 909 3330 934 3367; x_wconf 92' lang='grc'>0.</span> <span class='ocrx_word' id='word_1_130' title='bbox 950 3312 1001 3366; x_wconf 84' lang='lat' dir='ltr'>Li.</span> 
     </span>
     <span class='ocr_line' id='line_1_26' title="bbox 173 3415 1001 3491; baseline -0.005 -17"><span class='ocrx_word' id='word_1_131' title='bbox 173 3417 276 3474; x_wconf 88' lang='lat' dir='ltr'>herde</span> <span class='ocrx_word' id='word_1_132' title='bbox 289 3417 481 3491; x_wconf 81' lang='lat' dir='ltr'>agricultura.</span> <span class='ocrx_word' id='word_1_133' title='bbox 498 3417 641 3479; x_wconf 85' lang='lat' dir='ltr'>Viennae,</span> <span class='ocrx_word' id='word_1_134' title='bbox 654 3418 734 3491; x_wconf 84' lang='lat' dir='ltr'>typis</span> <span class='ocrx_word' id='word_1_135' title='bbox 747 3415 887 3472; x_wconf 88' lang='lat' dir='ltr'>Mechith.</span> <span class='ocrx_word' id='word_1_136' title='bbox 902 3416 940 3471; x_wconf 93' lang='lat'>11.</span> <span class='ocrx_word' id='word_1_137' title='bbox 954 3415 1001 3471; x_wconf 91' lang='lat' dir='ltr'>ed.</span> 
     </span>
    </p>
   </div>
   <div class='ocr_carea' id='block_1_10' title="bbox 178 3521 268 3593">
    <p class='ocr_par' dir='ltr' id='par_1_11' title="bbox 178 3521 268 3593">
     <span class='ocr_line' id='line_1_27' title="bbox 178 3521 268 3593; baseline 0.011 -17"><span class='ocrx_word' id='word_1_138' title='bbox 178 3521 268 3593; x_wconf 84' lang='lat'>1870.</span> 
     </span>
    </p>
   </div>
   <div class='ocr_carea' id='block_1_11' title="bbox 174 3647 1001 3858">
    <p class='ocr_par' dir='ltr' id='par_1_12' title="bbox 174 3647 1001 3858">
     <span class='ocr_line' id='line_1_28' title="bbox 260 3647 1001 3722; baseline 0.001 -3"><span class='ocrx_word' id='word_1_139' title='bbox 260 3647 436 3719; x_wconf 85' lang='lat' dir='ltr'>Vidmar</span> <span class='ocrx_word' id='word_1_140' title='bbox 477 3658 779 3722; x_wconf 85' lang='lat' dir='ltr'>Constantinus</span> <span class='ocrx_word' id='word_1_141' title='bbox 823 3660 1001 3721; x_wconf 89' lang='lat' dir='ltr'>Ioannes</span> 
     </span>
     <span class='ocr_line' id='line_1_29' title="bbox 174 3773 1001 3858; baseline 0.004 -22"><span class='ocrx_word' id='word_1_142' title='bbox 174 3774 285 3837; x_wconf 92' lang='lat' dir='ltr'>Clim.</span> <span class='ocrx_word' id='word_1_143' title='bbox 304 3773 557 3857; x_wconf 89' lang='lat' dir='ltr'>(Scotensis),</span> <span class='ocrx_word' id='word_1_144' title='bbox 581 3776 658 3858; x_wconf 84' lang='lat' dir='ltr'>Log</span> <span class='ocrx_word' id='word_1_145' title='bbox 681 3777 716 3839; x_wconf 91' lang='lat' dir='ltr'>in</span> <span class='ocrx_word' id='word_1_146' title='bbox 738 3775 920 3839; x_wconf 89' lang='lat' dir='ltr'>Carinthia</span> <span class='ocrx_word' id='word_1_147' title='bbox 944 3777 1001 3839; x_wconf 91' lang='lat' dir='ltr'>die</span> 
     </span>
    </p>
   </div>
   <div class='ocr_carea' id='block_1_12' title="bbox 174 3897 1004 5417">
    <p class='ocr_par' dir='ltr' id='par_1_13' title="bbox 174 3897 1004 5417">
     <span class='ocr_line' id='line_1_30' title="bbox 178 3897 1002 3980; baseline -0.002 -19"><span class='ocrx_word' id='word_1_148' title='bbox 178 3905 225 3962; x_wconf 75' lang='lat'>13.</span> <span class='ocrx_word' id='word_1_149' title='bbox 242 3899 331 3980; x_wconf 88' lang='lat' dir='ltr'>Apr.</span> <span class='ocrx_word' id='word_1_150' title='bbox 352 3901 428 3959; x_wconf 91' lang='grc'>1851</span> <span class='ocrx_word' id='word_1_151' title='bbox 449 3906 563 3977; x_wconf 89' lang='lat' dir='ltr'>natus,</span> <span class='ocrx_word' id='word_1_152' title='bbox 586 3917 664 3959; x_wconf 92' lang='lat' dir='ltr'>cum</span> <span class='ocrx_word' id='word_1_153' title='bbox 685 3898 862 3980; x_wconf 87' lang='lat' dir='ltr'>gymnasii</span> <span class='ocrx_word' id='word_1_154' title='bbox 884 3897 1002 3959; x_wconf 90' lang='lat' dir='ltr'>studia</span> 
     </span>
     <span class='ocr_line' id='line_1_31' title="bbox 174 4016 1002 4100; baseline -0.002 -18"><span class='ocrx_word' id='word_1_155' title='bbox 174 4020 302 4100; x_wconf 89' lang='lat' dir='ltr'>partim</span> <span class='ocrx_word' id='word_1_156' title='bbox 316 4018 481 4100; x_wconf 84' lang='lat' dir='ltr'>Tergesti</span> <span class='ocrx_word' id='word_1_157' title='bbox 497 4017 626 4098; x_wconf 90' lang='lat' dir='ltr'>partim</span> <span class='ocrx_word' id='word_1_158' title='bbox 643 4019 688 4079; x_wconf 86' lang='lat' dir='ltr'>ad</span> <span class='ocrx_word' id='word_1_159' title='bbox 702 4016 829 4080; x_wconf 86' lang='lat' dir='ltr'>Scotos</span> <span class='ocrx_word' id='word_1_160' title='bbox 841 4018 1002 4080; x_wconf 88' lang='lat' dir='ltr'>Viennae</span> 
     </span>
     <span class='ocr_line' id='line_1_32' title="bbox 174 4139 1002 4219; baseline -0.001 -16"><span class='ocrx_word' id='word_1_161' title='bbox 174 4141 398 4219; x_wconf 85' lang='lat' dir='ltr'>absolvisset,</span> <span class='ocrx_word' id='word_1_162' title='bbox 424 4139 555 4201; x_wconf 91' lang='lat' dir='ltr'>ibidem</span> <span class='ocrx_word' id='word_1_163' title='bbox 579 4158 605 4203; x_wconf 92' lang='lat' dir='ltr'>s.</span> <span class='ocrx_word' id='word_1_164' title='bbox 627 4140 750 4201; x_wconf 91' lang='lat' dir='ltr'>habitu</span> <span class='ocrx_word' id='word_1_165' title='bbox 776 4140 920 4202; x_wconf 93' lang='lat' dir='ltr'>indutus</span> <span class='ocrx_word' id='word_1_166' title='bbox 945 4140 1002 4202; x_wconf 90' lang='lat' dir='ltr'>die</span> 
     </span>
     <span class='ocr_line' id='line_1_33' title="bbox 176 4260 1003 4344; baseline -0.004 -19"><span class='ocrx_word' id='word_1_167' title='bbox 176 4285 225 4325; x_wconf 89' lang='lat'>21.</span> <span class='ocrx_word' id='word_1_168' title='bbox 251 4261 349 4344; x_wconf 89' lang='lat' dir='ltr'>Sept.</span> <span class='ocrx_word' id='word_1_169' title='bbox 379 4266 469 4343; x_wconf 77' lang='grc'>1860,</span> <span class='ocrx_word' id='word_1_170' title='bbox 496 4260 633 4323; x_wconf 86' lang='lat' dir='ltr'>emissis</span> <span class='ocrx_word' id='word_1_171' title='bbox 658 4261 751 4323; x_wconf 89' lang='lat' dir='ltr'>votis</span> <span class='ocrx_word' id='word_1_172' title='bbox 775 4261 1003 4323; x_wconf 89' lang='lat' dir='ltr'>sollemnibus</span> 
     </span>
     <span class='ocr_line' id='line_1_34' title="bbox 174 4381 1003 4464; baseline -0.004 -18"><span class='ocrx_word' id='word_1_173' title='bbox 174 4384 232 4446; x_wconf 91' lang='lat' dir='ltr'>die</span> <span class='ocrx_word' id='word_1_174' title='bbox 254 4389 304 4445; x_wconf 88' lang='lat'>28.</span> <span class='ocrx_word' id='word_1_175' title='bbox 326 4382 426 4464; x_wconf 89' lang='lat' dir='ltr'>Sept.</span> <span class='ocrx_word' id='word_1_176' title='bbox 448 4387 526 4461; x_wconf 82' lang='grc'>1873</span> <span class='ocrx_word' id='word_1_177' title='bbox 553 4381 814 4463; x_wconf 90' lang='lat' dir='ltr'>celebratisque</span> <span class='ocrx_word' id='word_1_178' title='bbox 838 4381 1003 4462; x_wconf 89' lang='lat' dir='ltr'>primitiis</span> 
     </span>
     <span class='ocr_line' id='line_1_35' title="bbox 175 4503 1003 4583; baseline -0.002 -16"><span class='ocrx_word' id='word_1_179' title='bbox 175 4505 232 4567; x_wconf 91' lang='lat' dir='ltr'>die</span> <span class='ocrx_word' id='word_1_180' title='bbox 259 4509 309 4566; x_wconf 83' lang='lat'>26.</span> <span class='ocrx_word' id='word_1_181' title='bbox 330 4505 394 4568; x_wconf 92' lang='lat' dir='ltr'>Iul.</span> <span class='ocrx_word' id='word_1_182' title='bbox 420 4509 501 4583; x_wconf 83' lang='lat'>1874</span> <span class='ocrx_word' id='word_1_183' title='bbox 529 4503 648 4567; x_wconf 90' lang='lat' dir='ltr'>statim</span> <span class='ocrx_word' id='word_1_184' title='bbox 676 4524 782 4566; x_wconf 89' lang='lat' dir='ltr'>curae</span> <span class='ocrx_word' id='word_1_185' title='bbox 809 4503 1003 4565; x_wconf 87' lang='lat' dir='ltr'>animarum</span> 
     </span>
     <span class='ocr_line' id='line_1_36' title="bbox 174 4625 1004 4706; baseline -0.002 -18"><span class='ocrx_word' id='word_1_186' title='bbox 174 4628 337 4688; x_wconf 92' lang='lat' dir='ltr'>admotus</span> <span class='ocrx_word' id='word_1_187' title='bbox 368 4645 460 4687; x_wconf 89' lang='lat' dir='ltr'>anno</span> <span class='ocrx_word' id='word_1_188' title='bbox 496 4628 574 4703; x_wconf 94' lang='grc'>1875</span> <span class='ocrx_word' id='word_1_189' title='bbox 608 4625 892 4688; x_wconf 86' lang='lat' dir='ltr'>concionatorem</span> <span class='ocrx_word' id='word_1_190' title='bbox 929 4625 1004 4706; x_wconf 85' lang='lat' dir='ltr'>egit</span> 
     </span>
     <span class='ocr_line' id='line_1_37' title="bbox 174 4746 1002 4829; baseline -0.001 -19"><span class='ocrx_word' id='word_1_191' title='bbox 174 4746 520 4829; x_wconf 83' lang='lat' dir='ltr'>quadragesimalem</span> <span class='ocrx_word' id='word_1_192' title='bbox 547 4747 582 4808; x_wconf 93' lang='lat' dir='ltr'>in</span> <span class='ocrx_word' id='word_1_193' title='bbox 609 4748 779 4810; x_wconf 92' lang='lat' dir='ltr'>suburbio</span> <span class='ocrx_word' id='word_1_194' title='bbox 802 4747 1002 4809; x_wconf 91' lang='lat' dir='ltr'>Vindobon.</span> 
     </span>
     <span class='ocr_line' id='line_1_38' title="bbox 175 4867 1003 4950; baseline 0 -19"><span class='ocrx_word' id='word_1_195' title='bbox 175 4867 425 4950; x_wconf 87' lang='lat' dir='ltr'>Gumpendorf</span> <span class='ocrx_word' id='word_1_196' title='bbox 445 4868 550 4931; x_wconf 84' lang='lat' dir='ltr'>dicto.</span> <span class='ocrx_word' id='word_1_197' title='bbox 576 4869 682 4930; x_wconf 86' lang='lat' dir='ltr'>Anno</span> <span class='ocrx_word' id='word_1_198' title='bbox 707 4888 792 4930; x_wconf 92' lang='lat' dir='ltr'>vero</span> <span class='ocrx_word' id='word_1_199' title='bbox 818 4874 896 4948; x_wconf 92' lang='grc'>1877</span> <span class='ocrx_word' id='word_1_200' title='bbox 924 4889 1003 4931; x_wconf 85' lang='grc'>011111</span> 
     </span>
     <span class='ocr_line' id='line_1_39' title="bbox 175 4989 1003 5071; baseline 0 -19"><span class='ocrx_word' id='word_1_201' title='bbox 175 4992 361 5052; x_wconf 86' lang='lat' dir='ltr'>catecheta</span> <span class='ocrx_word' id='word_1_202' title='bbox 388 4989 515 5052; x_wconf 85' lang='lat' dir='ltr'>fuisset</span> <span class='ocrx_word' id='word_1_203' title='bbox 545 5009 737 5051; x_wconf 85' lang='lat' dir='ltr'>excurrens</span> <span class='ocrx_word' id='word_1_204' title='bbox 765 4990 914 5071; x_wconf 84' lang='lat' dir='ltr'>ibidem,</span> <span class='ocrx_word' id='word_1_205' title='bbox 946 4991 1003 5052; x_wconf 89' lang='lat' dir='ltr'>die</span> 
     </span>
     <span class='ocr_line' id='line_1_40' title="bbox 176 5111 1003 5193; baseline 0.001 -21"><span class='ocrx_word' id='word_1_206' title='bbox 176 5117 205 5172; x_wconf 90' lang='grc'>6.</span> <span class='ocrx_word' id='word_1_207' title='bbox 223 5111 322 5192; x_wconf 88' lang='lat' dir='ltr'>Sept.</span> <span class='ocrx_word' id='word_1_208' title='bbox 341 5116 418 5190; x_wconf 83' lang='lat'>1877</span> <span class='ocrx_word' id='word_1_209' title='bbox 438 5120 648 5193; x_wconf 87' lang='lat' dir='ltr'>cooperator</span> <span class='ocrx_word' id='word_1_210' title='bbox 664 5111 791 5173; x_wconf 92' lang='lat' dir='ltr'>missus</span> <span class='ocrx_word' id='word_1_211' title='bbox 808 5127 863 5173; x_wconf 89' lang='lat' dir='ltr'>est</span> <span class='ocrx_word' id='word_1_212' title='bbox 879 5113 925 5173; x_wconf 87' lang='lat' dir='ltr'>ad</span> <span class='ocrx_word' id='word_1_213' title='bbox 941 5132 1003 5193; x_wconf 92' lang='lat' dir='ltr'>pa·</span> 
     </span>
     <span class='ocr_line' id='line_1_41' title="bbox 175 5234 1002 5316; baseline 0.002 -23"><span class='ocrx_word' id='word_1_214' title='bbox 175 5234 330 5294; x_wconf 90' lang='lat' dir='ltr'>rochiam</span> <span class='ocrx_word' id='word_1_215' title='bbox 347 5234 560 5316; x_wconf 85' lang='lat' dir='ltr'>Eggendorf</span> <span class='ocrx_word' id='word_1_216' title='bbox 571 5235 605 5296; x_wconf 94' lang='lat' dir='ltr'>in</span> <span class='ocrx_word' id='word_1_217' title='bbox 621 5235 725 5315; x_wconf 91' lang='lat' dir='ltr'>valle,</span> <span class='ocrx_word' id='word_1_218' title='bbox 743 5234 804 5295; x_wconf 89' lang='lat' dir='ltr'>ubi</span> <span class='ocrx_word' id='word_1_219' title='bbox 819 5235 1002 5313; x_wconf 91' lang='lat' dir='ltr'>hucusque</span> 
     </span>
     <span class='ocr_line' id='line_1_42' title="bbox 175 5365 420 5417; baseline 0.012 -3"><span class='ocrx_word' id='word_1_220' title='bbox 175 5365 420 5417; x_wconf 89' lang='lat' dir='ltr'>commoratur.</span> 
     </span>
    </p>
   </div>
   <div class='ocr_carea' id='block_1_13' title="bbox 1083 608 1919 1127">
    <p class='ocr_par' dir='ltr' id='par_1_14' title="bbox 1171 608 1426 693">
     <span class='ocr_line' id='line_1_43' title="bbox 1171 608 1426 693; baseline -0.016 -19"><span class='ocrx_word' id='word_1_221' title='bbox 1171 611 1284 693; x_wconf 86' lang='lat' dir='ltr'>Typis</span> <span class='ocrx_word' id='word_1_222' title='bbox 1300 608 1426 672; x_wconf 89' lang='lat' dir='ltr'>edidit:</span> 
     </span>
    </p>

    <p class='ocr_par' dir='ltr' id='par_1_15' title="bbox 1083 734 1919 1127">
     <span class='ocr_line' id='line_1_44' title="bbox 1171 734 1919 793; baseline -0.003 0"><span class='ocrx_word' id='word_1_223' title='bbox 1171 739 1193 793; x_wconf 95' lang='grc' dir='ltr'>Ι.</span> <span class='ocrx_word' id='word_1_224' title='bbox 1211 737 1275 792; x_wconf 93' lang='lat' dir='ltr'>Das</span> <span class='ocrx_word' id='word_1_225' title='bbox 1287 736 1465 792; x_wconf 86' lang='lat' dir='ltr'>Testament</span> <span class='ocrx_word' id='word_1_226' title='bbox 1477 752 1603 790; x_wconf 89' lang='lat' dir='ltr'>unscres</span> <span class='ocrx_word' id='word_1_227' title='bbox 1616 734 1758 792; x_wconf 80' lang='lat' dir='ltr'>Erldsers</span> <span class='ocrx_word' id='word_1_228' title='bbox 1774 734 1853 791; x_wconf 86' lang='lat' dir='ltr'>oder</span> <span class='ocrx_word' id='word_1_229' title='bbox 1868 735 1919 791; x_wconf 88' lang='lat' dir='ltr'>die</span> 
     </span>
     <span class='ocr_line' id='line_1_45' title="bbox 1084 834 1918 916; baseline -0.004 -18"><span class='ocrx_word' id='word_1_230' title='bbox 1084 840 1188 898; x_wconf 90' lang='lat' dir='ltr'>sieben</span> <span class='ocrx_word' id='word_1_231' title='bbox 1209 839 1318 896; x_wconf 88' lang='lat' dir='ltr'>Worte</span> <span class='ocrx_word' id='word_1_232' title='bbox 1341 840 1453 896; x_wconf 87' lang='lat' dir='ltr'>Christi</span> <span class='ocrx_word' id='word_1_233' title='bbox 1477 856 1524 894; x_wconf 91' lang='lat' dir='ltr'>am</span> <span class='ocrx_word' id='word_1_234' title='bbox 1547 839 1675 895; x_wconf 89' lang='lat' dir='ltr'>Kreuze.</span> <span class='ocrx_word' id='word_1_235' title='bbox 1699 834 1729 916; x_wconf 89' lang='lat' dir='ltr'>(i.</span> <span class='ocrx_word' id='word_1_236' title='bbox 1752 857 1778 895; x_wconf 90' lang='lat' dir='ltr'>e.</span> <span class='ocrx_word' id='word_1_237' title='bbox 1805 838 1918 895; x_wconf 88' lang='lat' dir='ltr'>Testa·</span> 
     </span>
     <span class='ocr_line' id='line_1_46' title="bbox 1084 942 1917 1019; baseline -0.002 -18"><span class='ocrx_word' id='word_1_238' title='bbox 1084 959 1213 1001; x_wconf 85' lang='lat' dir='ltr'>mentum</span> <span class='ocrx_word' id='word_1_239' title='bbox 1236 944 1438 1019; x_wconf 87' lang='lat' dir='ltr'>redemptoris</span> <span class='ocrx_word' id='word_1_240' title='bbox 1462 945 1567 1008; x_wconf 85' lang='lat' dir='ltr'>nostri,</span> <span class='ocrx_word' id='word_1_241' title='bbox 1594 945 1759 1000; x_wconf 89' lang='lat' dir='ltr'>conciones</span> <span class='ocrx_word' id='word_1_242' title='bbox 1782 942 1917 1018; x_wconf 85' lang='lat' dir='ltr'>quadra·</span> 
     </span>
     <span class='ocr_line' id='line_1_47' title="bbox 1083 1046 1915 1127; baseline -0.006 -20"><span class='ocrx_word' id='word_1_243' title='bbox 1083 1046 1266 1127; x_wconf 77' lang='lat' dir='ltr'>gesimales.)</span> <span class='ocrx_word' id='word_1_244' title='bbox 1290 1048 1541 1122; x_wconf 84' lang='lat' dir='ltr'>Betrachtungen,</span> <span class='ocrx_word' id='word_1_245' title='bbox 1562 1047 1704 1121; x_wconf 82' lang='lat' dir='ltr'>gehalten</span> <span class='ocrx_word' id='word_1_246' title='bbox 1724 1049 1754 1104; x_wconf 95' lang='lat' dir='ltr'>in</span> <span class='ocrx_word' id='word_1_247' title='bbox 1774 1046 1831 1103; x_wconf 89' lang='lat' dir='ltr'>der</span> <span class='ocrx_word' id='word_1_248' title='bbox 1846 1047 1915 1104; x_wconf 85' lang='grc'>11011.</span> 
     </span>
    </p>
   </div>
   <div class='ocr_carea' id='block_1_14' title="bbox 1084 1150 1915 1331">
    <p class='ocr_par' dir='ltr' id='par_1_16' title="bbox 1084 1150 1915 1331">
     <span class='ocr_line' id='line_1_48' title="bbox 1084 1150 1915 1228; baseline -0.001 -19"><span class='ocrx_word' id='word_1_249' title='bbox 1084 1155 1254 1210; x_wconf 84' lang='lat' dir='ltr'>Fastenzeit</span> <span class='ocrx_word' id='word_1_250' title='bbox 1274 1151 1365 1225; x_wconf 84' lang='lat'>1875,</span> <span class='ocrx_word' id='word_1_251' title='bbox 1382 1150 1471 1208; x_wconf 89' lang='lat' dir='ltr'>nebst</span> <span class='ocrx_word' id='word_1_252' title='bbox 1483 1153 1567 1208; x_wconf 88' lang='lat' dir='ltr'>einer</span> <span class='ocrx_word' id='word_1_253' title='bbox 1578 1151 1804 1228; x_wconf 85' lang='lat' dir='ltr'>Osterprcdigt.</span> <span class='ocrx_word' id='word_1_254' title='bbox 1826 1167 1838 1207; x_wconf 93' lang='lat'>1</span> <span class='ocrx_word' id='word_1_255' title='bbox 1854 1151 1915 1208; x_wconf 86' lang='lat' dir='ltr'>vol.</span> 
     </span>
     <span class='ocr_line' id='line_1_49' title="bbox 1085 1255 1914 1331; baseline -0.006 -16"><span class='ocrx_word' id='word_1_256' title='bbox 1085 1256 1126 1314; x_wconf 86' lang='lat'>8⁰.</span> <span class='ocrx_word' id='word_1_257' title='bbox 1144 1258 1288 1325; x_wconf 88' lang='lat' dir='ltr'>Viennae,</span> <span class='ocrx_word' id='word_1_258' title='bbox 1303 1255 1393 1329; x_wconf 81' lang='grc'>1875,</span> <span class='ocrx_word' id='word_1_259' title='bbox 1408 1257 1488 1331; x_wconf 91' lang='lat' dir='ltr'>typis</span> <span class='ocrx_word' id='word_1_260' title='bbox 1501 1267 1649 1331; x_wconf 87' lang='lat' dir='ltr'>etsumpt.</span> <span class='ocrx_word' id='word_1_261' title='bbox 1659 1256 1783 1312; x_wconf 89' lang='lat' dir='ltr'>Henrici</span> <span class='ocrx_word' id='word_1_262' title='bbox 1793 1255 1914 1311; x_wconf 87' lang='lat' dir='ltr'>Kirsch.</span> 
     </span>
    </p>
   </div>
   <div class='ocr_carea' id='block_1_15' title="bbox 1081 1375 1915 3120">
    <p class='ocr_par' dir='ltr' id='par_1_17' title="bbox 1083 1375 1915 2182">
     <span class='ocr_line' id='line_1_50' title="bbox 1170 1375 1915 1452; baseline -0.001 -19"><span class='ocrx_word' id='word_1_263' title='bbox 1170 1379 1207 1434; x_wconf 94' lang='grc'>11.</span> <span class='ocrx_word' id='word_1_264' title='bbox 1226 1378 1283 1433; x_wconf 87' lang='lat' dir='ltr'>Die</span> <span class='ocrx_word' id='word_1_265' title='bbox 1298 1375 1403 1433; x_wconf 92' lang='lat' dir='ltr'>sieben</span> <span class='ocrx_word' id='word_1_266' title='bbox 1416 1376 1524 1432; x_wconf 88' lang='lat' dir='ltr'>Worte</span> <span class='ocrx_word' id='word_1_267' title='bbox 1540 1375 1595 1432; x_wconf 89' lang='lat' dir='ltr'>der</span> <span class='ocrx_word' id='word_1_268' title='bbox 1611 1376 1757 1450; x_wconf 84' lang='lat' dir='ltr'>seligsten</span> <span class='ocrx_word' id='word_1_269' title='bbox 1767 1375 1915 1452; x_wconf 85' lang='lat' dir='ltr'>Junglrau</span> 
     </span>
     <span class='ocr_line' id='line_1_51' title="bbox 1084 1478 1914 1560; baseline -0.002 -21"><span class='ocrx_word' id='word_1_270' title='bbox 1084 1485 1188 1539; x_wconf 85' lang='lat' dir='ltr'>Maria.</span> <span class='ocrx_word' id='word_1_271' title='bbox 1205 1479 1275 1560; x_wconf 85' lang='grc'>(1.0.</span> <span class='ocrx_word' id='word_1_272' title='bbox 1294 1482 1340 1537; x_wconf 91' lang='lat' dir='ltr'>De</span> <span class='ocrx_word' id='word_1_273' title='bbox 1353 1478 1547 1536; x_wconf 89' lang='lat' dir='ltr'>beatissimae</span> <span class='ocrx_word' id='word_1_274' title='bbox 1562 1482 1687 1555; x_wconf 84' lang='lat' dir='ltr'>virginis</span> <span class='ocrx_word' id='word_1_275' title='bbox 1699 1480 1815 1537; x_wconf 86' lang='lat' dir='ltr'>Mariae</span> <span class='ocrx_word' id='word_1_276' title='bbox 1831 1483 1914 1538; x_wconf 90' lang='lat' dir='ltr'>voci·</span> 
     </span>
     <span class='ocr_line' id='line_1_52' title="bbox 1083 1582 1915 1663; baseline -0.002 -20"><span class='ocrx_word' id='word_1_277' title='bbox 1083 1586 1140 1643; x_wconf 92' lang='lat' dir='ltr'>bus</span> <span class='ocrx_word' id='word_1_278' title='bbox 1164 1585 1343 1661; x_wconf 90' lang='lat' dir='ltr'>quibusdam</span> <span class='ocrx_word' id='word_1_279' title='bbox 1372 1586 1534 1641; x_wconf 88' lang='lat' dir='ltr'>conciones</span> <span class='ocrx_word' id='word_1_280' title='bbox 1561 1585 1683 1641; x_wconf 86' lang='lat' dir='ltr'>maiales</span> <span class='ocrx_word' id='word_1_281' title='bbox 1710 1582 1851 1663; x_wconf 80' lang='lat' dir='ltr'>septem.)</span> <span class='ocrx_word' id='word_1_282' title='bbox 1881 1586 1915 1641; x_wconf 92' lang='grc'>111</span> 
     </span>
     <span class='ocr_line' id='line_1_53' title="bbox 1084 1686 1914 1762; baseline -0.002 -14"><span class='ocrx_word' id='word_1_283' title='bbox 1084 1690 1162 1748; x_wconf 90' lang='lat' dir='ltr'>eben</span> <span class='ocrx_word' id='word_1_284' title='bbox 1185 1709 1220 1747; x_wconf 88' lang='lat' dir='ltr'>so</span> <span class='ocrx_word' id='word_1_285' title='bbox 1243 1690 1341 1746; x_wconf 89' lang='lat' dir='ltr'>vielen</span> <span class='ocrx_word' id='word_1_286' title='bbox 1357 1690 1528 1762; x_wconf 74' lang='lat' dir='ltr'>Vort&#39;ragen</span> <span class='ocrx_word' id='word_1_287' title='bbox 1553 1686 1642 1745; x_wconf 86' lang='lat' dir='ltr'>nebst</span> <span class='ocrx_word' id='word_1_288' title='bbox 1666 1689 1751 1746; x_wconf 88' lang='lat' dir='ltr'>einer</span> <span class='ocrx_word' id='word_1_289' title='bbox 1773 1687 1914 1746; x_wconf 91' lang='lat' dir='ltr'>Schluss·</span> 
     </span>
     <span class='ocr_line' id='line_1_54' title="bbox 1083 1792 1915 1869; baseline -0.002 -18"><span class='ocrx_word' id='word_1_290' title='bbox 1083 1794 1285 1869; x_wconf 85' lang='lat' dir='ltr'>betrachtung</span> <span class='ocrx_word' id='word_1_291' title='bbox 1300 1795 1442 1869; x_wconf 84' lang='lat' dir='ltr'>gehalten</span> <span class='ocrx_word' id='word_1_292' title='bbox 1457 1793 1600 1849; x_wconf 74' lang='lat' dir='ltr'>wahrend</span> <span class='ocrx_word' id='word_1_293' title='bbox 1622 1792 1675 1850; x_wconf 90' lang='lat' dir='ltr'>der</span> <span class='ocrx_word' id='word_1_294' title='bbox 1691 1792 1915 1850; x_wconf 84' lang='lat' dir='ltr'>Mai-Andacht</span> 
     </span>
     <span class='ocr_line' id='line_1_55' title="bbox 1088 1895 1914 1972; baseline -0.002 -17"><span class='ocrx_word' id='word_1_295' title='bbox 1088 1897 1166 1972; x_wconf 87' lang='lat'><em>1877</em></span> <span class='ocrx_word' id='word_1_296' title='bbox 1184 1900 1214 1954; x_wconf 92' lang='lat' dir='ltr'>in</span> <span class='ocrx_word' id='word_1_297' title='bbox 1230 1898 1284 1954; x_wconf 90' lang='lat' dir='ltr'>der</span> <span class='ocrx_word' id='word_1_298' title='bbox 1300 1899 1413 1955; x_wconf 88' lang='lat' dir='ltr'>Kirche</span> <span class='ocrx_word' id='word_1_299' title='bbox 1429 1900 1523 1954; x_wconf 87' lang='lat' dir='ltr'>Maria</span> <span class='ocrx_word' id='word_1_300' title='bbox 1536 1895 1647 1954; x_wconf 89' lang='lat' dir='ltr'>Schutz</span> <span class='ocrx_word' id='word_1_301' title='bbox 1664 1897 1717 1954; x_wconf 92' lang='lat' dir='ltr'>der</span> <span class='ocrx_word' id='word_1_302' title='bbox 1729 1897 1787 1954; x_wconf 89' lang='grc' dir='ltr'>ΡΡ.</span> <span class='ocrx_word' id='word_1_303' title='bbox 1800 1898 1914 1954; x_wconf 89' lang='lat' dir='ltr'>Mechi-</span> 
     </span>
     <span class='ocr_line' id='line_1_56' title="bbox 1083 2000 1914 2078; baseline -0.001 -19"><span class='ocrx_word' id='word_1_304' title='bbox 1083 2003 1230 2059; x_wconf 90' lang='lat' dir='ltr'>tharisten</span> <span class='ocrx_word' id='word_1_305' title='bbox 1246 2005 1275 2058; x_wconf 92' lang='lat' dir='ltr'>in</span> <span class='ocrx_word' id='word_1_306' title='bbox 1287 2002 1388 2059; x_wconf 90' lang='lat' dir='ltr'>Wien.</span> <span class='ocrx_word' id='word_1_307' title='bbox 1409 2018 1420 2058; x_wconf 93' lang='lat'>1</span> <span class='ocrx_word' id='word_1_308' title='bbox 1437 2001 1496 2059; x_wconf 93' lang='lat' dir='ltr'>vol.</span> <span class='ocrx_word' id='word_1_309' title='bbox 1515 2000 1557 2059; x_wconf 89' lang='lat'>8⁰.</span> <span class='ocrx_word' id='word_1_310' title='bbox 1571 2002 1715 2068; x_wconf 84' lang='lat' dir='ltr'>Viennae.</span> <span class='ocrx_word' id='word_1_311' title='bbox 1733 2001 1914 2078; x_wconf 88' lang='lat' dir='ltr'>1877,typis</span> 
     </span>
     <span class='ocr_line' id='line_1_57' title="bbox 1083 2107 1431 2182; baseline 0 -18"><span class='ocrx_word' id='word_1_312' title='bbox 1083 2120 1114 2164; x_wconf 87' lang='lat' dir='ltr'>et</span> <span class='ocrx_word' id='word_1_313' title='bbox 1129 2121 1238 2182; x_wconf 90' lang='lat' dir='ltr'>sumpt.</span> <span class='ocrx_word' id='word_1_314' title='bbox 1255 2107 1294 2163; x_wconf 88' lang='lat' dir='ltr'>H.</span> <span class='ocrx_word' id='word_1_315' title='bbox 1311 2107 1431 2164; x_wconf 87' lang='lat' dir='ltr'>Kirsch.</span> 
     </span>
    </p>

    <p class='ocr_par' dir='ltr' id='par_1_18' title="bbox 1082 2189 1913 2498">
     <span class='ocr_line' id='line_1_58' title="bbox 1169 2189 1911 2286; baseline -0.001 -20"><span class='ocrx_word' id='word_1_316' title='bbox 1169 2212 1222 2267; x_wconf 85' lang='lat'>111.</span> <span class='ocrx_word' id='word_1_317' title='bbox 1239 2210 1536 2286; x_wconf 84' lang='lat' dir='ltr'>Anthropologische</span> <span class='ocrx_word' id='word_1_318' title='bbox 1554 2209 1756 2284; x_wconf 84' lang='lat' dir='ltr'>Psychologie</span> <span class='ocrx_word' id='word_1_319' title='bbox 1776 2189 1806 2266; x_wconf 88' lang='lat' dir='ltr'>in</span> <span class='ocrx_word' id='word_1_320' title='bbox 1828 2211 1911 2266; x_wconf 88' lang='lat' dir='ltr'>ihren</span> 
     </span>
     <span class='ocr_line' id='line_1_59' title="bbox 1082 2311 1913 2392; baseline -0.001 -20"><span class='ocrx_word' id='word_1_321' title='bbox 1082 2314 1295 2388; x_wconf 75' lang='lat' dir='ltr'>Grundzligen.</span> <span class='ocrx_word' id='word_1_322' title='bbox 1310 2311 1338 2392; x_wconf 92' lang='lat' dir='ltr'>(i.</span> <span class='ocrx_word' id='word_1_323' title='bbox 1350 2333 1376 2370; x_wconf 92' lang='lat' dir='ltr'>e.</span> <span class='ocrx_word' id='word_1_324' title='bbox 1386 2314 1545 2370; x_wconf 88' lang='lat' dir='ltr'>Elementa</span> <span class='ocrx_word' id='word_1_325' title='bbox 1557 2313 1777 2389; x_wconf 83' lang='lat' dir='ltr'>psychologiae</span> <span class='ocrx_word' id='word_1_326' title='bbox 1791 2314 1913 2371; x_wconf 86' lang='lat' dir='ltr'>anthro-</span> 
     </span>
     <span class='ocr_line' id='line_1_60' title="bbox 1083 2417 1711 2498; baseline -0.003 -22"><span class='ocrx_word' id='word_1_327' title='bbox 1083 2418 1265 2498; x_wconf 85' lang='lat' dir='ltr'>pologicae.)</span> <span class='ocrx_word' id='word_1_328' title='bbox 1286 2434 1297 2474; x_wconf 91' lang='lat'>1</span> <span class='ocrx_word' id='word_1_329' title='bbox 1317 2419 1377 2475; x_wconf 88' lang='lat' dir='ltr'>vol.</span> <span class='ocrx_word' id='word_1_330' title='bbox 1396 2417 1437 2475; x_wconf 88' lang='lat'>8⁰.</span> <span class='ocrx_word' id='word_1_331' title='bbox 1455 2418 1598 2485; x_wconf 88' lang='lat' dir='ltr'>Viennae,</span> <span class='ocrx_word' id='word_1_332' title='bbox 1620 2417 1711 2475; x_wconf 88' lang='lat'>1880.</span> 
     </span>
    </p>

    <p class='ocr_par' dir='ltr' id='par_1_19' title="bbox 1081 2521 1912 3120">
     <span class='ocr_line' id='line_1_61' title="bbox 1169 2521 1912 2598; baseline -0.001 -19"><span class='ocrx_word' id='word_1_333' title='bbox 1169 2523 1219 2580; x_wconf 84' lang='lat' dir='ltr'>IV.</span> <span class='ocrx_word' id='word_1_334' title='bbox 1244 2524 1342 2598; x_wconf 71' lang='lat' dir='ltr'>&#39;l‘ypis</span> <span class='ocrx_word' id='word_1_335' title='bbox 1364 2541 1458 2598; x_wconf 88' lang='lat' dir='ltr'>porro</span> <span class='ocrx_word' id='word_1_336' title='bbox 1483 2521 1614 2578; x_wconf 87' lang='lat' dir='ltr'>edendas</span> <span class='ocrx_word' id='word_1_337' title='bbox 1638 2534 1726 2578; x_wconf 87' lang='lat' dir='ltr'>curat</span> <span class='ocrx_word' id='word_1_338' title='bbox 1750 2524 1912 2579; x_wconf 87' lang='lat' dir='ltr'>conciones</span> 
     </span>
     <span class='ocr_line' id='line_1_62' title="bbox 1082 2624 1912 2684; baseline -0.002 0"><span class='ocrx_word' id='word_1_339' title='bbox 1082 2627 1278 2684; x_wconf 85' lang='lat' dir='ltr'>dominicales</span> <span class='ocrx_word' id='word_1_340' title='bbox 1291 2640 1321 2682; x_wconf 88' lang='lat' dir='ltr'>et</span> <span class='ocrx_word' id='word_1_341' title='bbox 1331 2627 1484 2683; x_wconf 75' lang='lat' dir='ltr'>festivales</span> <span class='ocrx_word' id='word_1_342' title='bbox 1499 2645 1517 2681; x_wconf 90' lang='lat' dir='ltr'>a</span> <span class='ocrx_word' id='word_1_343' title='bbox 1530 2624 1728 2683; x_wconf 90' lang='lat' dir='ltr'>celeberrimo</span> <span class='ocrx_word' id='word_1_344' title='bbox 1742 2626 1793 2683; x_wconf 93' lang='lat' dir='ltr'>illo</span> <span class='ocrx_word' id='word_1_345' title='bbox 1806 2625 1912 2683; x_wconf 90' lang='lat' dir='ltr'>Adria·</span> 
     </span>
     <span class='ocr_line' id='line_1_63' title="bbox 1081 2727 1912 2809; baseline 0.001 -24"><span class='ocrx_word' id='word_1_346' title='bbox 1081 2749 1121 2787; x_wconf 92' lang='lat' dir='ltr'>no</span> <span class='ocrx_word' id='word_1_347' title='bbox 1138 2731 1269 2787; x_wconf 86' lang='lat' dir='ltr'>Cretsch</span> <span class='ocrx_word' id='word_1_348' title='bbox 1286 2729 1427 2787; x_wconf 89' lang='lat' dir='ltr'>Scotensi</span> <span class='ocrx_word' id='word_1_349' title='bbox 1445 2728 1525 2809; x_wconf 84' lang='lat' dir='ltr'>(vide</span> <span class='ocrx_word' id='word_1_350' title='bbox 1541 2727 1629 2808; x_wconf 88' lang='lat' dir='ltr'>hunc)</span> <span class='ocrx_word' id='word_1_351' title='bbox 1650 2729 1770 2788; x_wconf 89' lang='lat' dir='ltr'>habitas</span> <span class='ocrx_word' id='word_1_352' title='bbox 1790 2750 1846 2807; x_wconf 85' lang='lat' dir='ltr'>per</span> <span class='ocrx_word' id='word_1_353' title='bbox 1861 2749 1912 2786; x_wconf 91' lang='lat' dir='ltr'>an-</span> 
     </span>
     <span class='ocr_line' id='line_1_64' title="bbox 1082 2833 1912 2911; baseline 0.001 -20"><span class='ocrx_word' id='word_1_354' title='bbox 1082 2854 1149 2891; x_wconf 93' lang='lat' dir='ltr'>num</span> <span class='ocrx_word' id='word_1_355' title='bbox 1175 2839 1264 2910; x_wconf 88' lang='lat' dir='ltr'>inque</span> <span class='ocrx_word' id='word_1_356' title='bbox 1288 2836 1374 2891; x_wconf 90' lang='lat' dir='ltr'>huius</span> <span class='ocrx_word' id='word_1_357' title='bbox 1398 2834 1557 2911; x_wconf 83' lang='lat' dir='ltr'>biograph.</span> <span class='ocrx_word' id='word_1_358' title='bbox 1581 2833 1671 2907; x_wconf 80' lang='lat' dir='ltr'>sub3</span> <span class='ocrx_word' id='word_1_359' title='bbox 1699 2848 1730 2893; x_wconf 91' lang='lat' dir='ltr'>et</span> <span class='ocrx_word' id='word_1_360' title='bbox 1745 2852 1765 2908; x_wconf 90' lang='lat'>4</span> <span class='ocrx_word' id='word_1_361' title='bbox 1783 2854 1912 2892; x_wconf 89' lang='lat' dir='ltr'>comme·</span> 
     </span>
     <span class='ocr_line' id='line_1_65' title="bbox 1082 2938 1911 3015; baseline 0 -19"><span class='ocrx_word' id='word_1_362' title='bbox 1082 2954 1224 2997; x_wconf 91' lang='lat' dir='ltr'>moratas.</span> <span class='ocrx_word' id='word_1_363' title='bbox 1242 2940 1335 3013; x_wconf 84' lang='lat' dir='ltr'>4vol.</span> <span class='ocrx_word' id='word_1_364' title='bbox 1353 2938 1395 2996; x_wconf 89' lang='lat'>8⁰.</span> <span class='ocrx_word' id='word_1_365' title='bbox 1414 2954 1442 2995; x_wconf 90' lang='lat'>2.</span> <span class='ocrx_word' id='word_1_366' title='bbox 1457 2939 1503 2996; x_wconf 87' lang='lat' dir='ltr'>ed.</span> <span class='ocrx_word' id='word_1_367' title='bbox 1520 2940 1709 3014; x_wconf 82' lang='lat' dir='ltr'>Brisgoviae,</span> <span class='ocrx_word' id='word_1_368' title='bbox 1727 2939 1819 3008; x_wconf 88' lang='lat'>1880,</span> <span class='ocrx_word' id='word_1_369' title='bbox 1832 2941 1911 3015; x_wconf 91' lang='lat' dir='ltr'>typis</span> 
     </span>
     <span class='ocr_line' id='line_1_66' title="bbox 1083 3044 1384 3120; baseline -0.01 -17"><span class='ocrx_word' id='word_1_370' title='bbox 1083 3059 1113 3103; x_wconf 87' lang='lat' dir='ltr'>et</span> <span class='ocrx_word' id='word_1_371' title='bbox 1129 3059 1238 3120; x_wconf 85' lang='lat' dir='ltr'>sumpt.</span> <span class='ocrx_word' id='word_1_372' title='bbox 1256 3044 1384 3101; x_wconf 89' lang='lat' dir='ltr'>Herder.</span> 
     </span>
    </p>
   </div>
   <div class='ocr_carea' id='block_1_16' title="bbox 1081 3191 1913 5123">
    <p class='ocr_par' dir='ltr' id='par_1_20' title="bbox 1081 3191 1912 4983">
     <span class='ocr_line' id='line_1_67' title="bbox 1168 3191 1912 3282; baseline 0.005 -19"><span class='ocrx_word' id='word_1_373' title='bbox 1168 3191 1367 3265; x_wconf 78' lang='lat' dir='ltr'>Viechter</span> <span class='ocrx_word' id='word_1_374' title='bbox 1397 3202 1640 3265; x_wconf 90' lang='lat' dir='ltr'>Bernardus</span> <span class='ocrx_word' id='word_1_375' title='bbox 1671 3204 1706 3282; x_wconf 88' lang='lat' dir='ltr'>(a</span> <span class='ocrx_word' id='word_1_376' title='bbox 1732 3223 1759 3266; x_wconf 84' lang='lat' dir='ltr'>s,</span> <span class='ocrx_word' id='word_1_377' title='bbox 1788 3205 1912 3267; x_wconf 89' lang='lat' dir='ltr'>Petro</span> 
     </span>
     <span class='ocr_line' id='line_1_68' title="bbox 1083 3318 1910 3405; baseline 0 -21"><span class='ocrx_word' id='word_1_378' title='bbox 1083 3318 1350 3402; x_wconf 86' lang='lat' dir='ltr'>Salisburgi),</span> <span class='ocrx_word' id='word_1_379' title='bbox 1373 3329 1477 3383; x_wconf 94' lang='lat' dir='ltr'>natus</span> <span class='ocrx_word' id='word_1_380' title='bbox 1493 3321 1769 3404; x_wconf 87' lang='lat' dir='ltr'>Rattenbergae</span> <span class='ocrx_word' id='word_1_381' title='bbox 1790 3322 1825 3384; x_wconf 93' lang='lat' dir='ltr'>in</span> <span class='ocrx_word' id='word_1_382' title='bbox 1841 3323 1910 3405; x_wconf 89' lang='lat' dir='ltr'>Ty·</span> 
     </span>
     <span class='ocr_line' id='line_1_69' title="bbox 1081 3441 1911 3524; baseline 0.002 -21"><span class='ocrx_word' id='word_1_383' title='bbox 1081 3441 1146 3504; x_wconf 92' lang='lat' dir='ltr'>roli</span> <span class='ocrx_word' id='word_1_384' title='bbox 1164 3461 1215 3504; x_wconf 85' lang='lat'>20.</span> <span class='ocrx_word' id='word_1_385' title='bbox 1226 3444 1320 3524; x_wconf 82' lang='lat' dir='ltr'>Aug.</span> <span class='ocrx_word' id='word_1_386' title='bbox 1336 3446 1415 3522; x_wconf 81' lang='grc'>1608</span> <span class='ocrx_word' id='word_1_387' title='bbox 1429 3442 1555 3505; x_wconf 90' lang='lat' dir='ltr'>studiis</span> <span class='ocrx_word' id='word_1_388' title='bbox 1568 3442 1836 3506; x_wconf 88' lang='lat' dir='ltr'>humanioribus</span> <span class='ocrx_word' id='word_1_389' title='bbox 1849 3442 1911 3508; x_wconf 89' lang='lat' dir='ltr'>Sa-</span> 
     </span>
     <span class='ocr_line' id='line_1_70' title="bbox 1081 3563 1911 3647; baseline 0.002 -22"><span class='ocrx_word' id='word_1_390' title='bbox 1081 3563 1231 3645; x_wconf 82' lang='lat' dir='ltr'>lisburgi</span> <span class='ocrx_word' id='word_1_391' title='bbox 1257 3564 1449 3645; x_wconf 89' lang='lat' dir='ltr'>absolutis,</span> <span class='ocrx_word' id='word_1_392' title='bbox 1479 3584 1529 3626; x_wconf 91' lang='lat'>20.</span> <span class='ocrx_word' id='word_1_393' title='bbox 1554 3564 1649 3647; x_wconf 84' lang='lat' dir='ltr'>Aug.</span> <span class='ocrx_word' id='word_1_394' title='bbox 1679 3569 1761 3643; x_wconf 90' lang='lat'>1718</span> <span class='ocrx_word' id='word_1_395' title='bbox 1787 3565 1911 3627; x_wconf 92' lang='lat' dir='ltr'>habitu</span> 
     </span>
     <span class='ocr_line' id='line_1_71' title="bbox 1082 3685 1908 3768; baseline 0.004 -22"><span class='ocrx_word' id='word_1_396' title='bbox 1082 3685 1276 3748; x_wconf 89' lang='lat' dir='ltr'>novitiatus</span> <span class='ocrx_word' id='word_1_397' title='bbox 1300 3686 1454 3768; x_wconf 91' lang='lat' dir='ltr'>indutus,</span> <span class='ocrx_word' id='word_1_398' title='bbox 1479 3706 1572 3749; x_wconf 91' lang='lat' dir='ltr'>anno</span> <span class='ocrx_word' id='word_1_399' title='bbox 1596 3687 1761 3768; x_wconf 90' lang='lat' dir='ltr'>sequenti</span> <span class='ocrx_word' id='word_1_400' title='bbox 1784 3689 1908 3750; x_wconf 91' lang='lat' dir='ltr'>eodem</span> 
     </span>
     <span class='ocr_line' id='line_1_72' title="bbox 1083 3806 1910 3886; baseline 0.004 -19"><span class='ocrx_word' id='word_1_401' title='bbox 1083 3806 1140 3867; x_wconf 90' lang='lat' dir='ltr'>die</span> <span class='ocrx_word' id='word_1_402' title='bbox 1163 3816 1248 3869; x_wconf 93' lang='lat' dir='ltr'>vota</span> <span class='ocrx_word' id='word_1_403' title='bbox 1276 3807 1473 3870; x_wconf 91' lang='lat' dir='ltr'>monastica</span> <span class='ocrx_word' id='word_1_404' title='bbox 1500 3807 1626 3871; x_wconf 90' lang='lat' dir='ltr'>emisit.</span> <span class='ocrx_word' id='word_1_405' title='bbox 1659 3806 1837 3872; x_wconf 91' lang='lat' dir='ltr'>Sacerdos</span> <span class='ocrx_word' id='word_1_406' title='bbox 1862 3829 1910 3886; x_wconf 80' lang='lat'>²4·</span> 
     </span>
     <span class='ocr_line' id='line_1_73' title="bbox 1083 3927 1912 4008; baseline -0.002 -16"><span class='ocrx_word' id='word_1_407' title='bbox 1083 3927 1182 4008; x_wconf 89' lang='lat' dir='ltr'>Sept.</span> <span class='ocrx_word' id='word_1_408' title='bbox 1216 3950 1293 4008; x_wconf 88' lang='lat'><em>1722</em></span> <span class='ocrx_word' id='word_1_409' title='bbox 1324 3929 1507 3992; x_wconf 91' lang='lat' dir='ltr'>ordinatus</span> <span class='ocrx_word' id='word_1_410' title='bbox 1540 3929 1668 3992; x_wconf 89' lang='lat' dir='ltr'>officiis</span> <span class='ocrx_word' id='word_1_411' title='bbox 1694 3930 1912 3993; x_wconf 90' lang='lat' dir='ltr'>catechistae</span> 
     </span>
     <span class='ocr_line' id='line_1_74' title="bbox 1082 4050 1910 4133; baseline 0.001 -20"><span class='ocrx_word' id='word_1_412' title='bbox 1082 4051 1117 4114; x_wconf 94' lang='lat' dir='ltr'>in</span> <span class='ocrx_word' id='word_1_413' title='bbox 1134 4053 1255 4113; x_wconf 93' lang='lat' dir='ltr'>schola</span> <span class='ocrx_word' id='word_1_414' title='bbox 1272 4052 1483 4133; x_wconf 88' lang='lat' dir='ltr'>domestica,</span> <span class='ocrx_word' id='word_1_415' title='bbox 1505 4051 1746 4133; x_wconf 92' lang='lat' dir='ltr'>cooperatoris</span> <span class='ocrx_word' id='word_1_416' title='bbox 1763 4050 1910 4115; x_wconf 89' lang='lat' dir='ltr'>Wietin·</span> 
     </span>
     <span class='ocr_line' id='line_1_75' title="bbox 1083 4173 1912 4256; baseline 0.004 -22"><span class='ocrx_word' id='word_1_417' title='bbox 1083 4194 1151 4255; x_wconf 82' lang='lat' dir='ltr'>gae</span> <span class='ocrx_word' id='word_1_418' title='bbox 1175 4184 1210 4237; x_wconf 90' lang='lat' dir='ltr'>et</span> <span class='ocrx_word' id='word_1_419' title='bbox 1227 4174 1514 4255; x_wconf 89' lang='lat' dir='ltr'>Abbatisaugiae</span> <span class='ocrx_word' id='word_1_420' title='bbox 1536 4182 1573 4236; x_wconf 93' lang='lat' dir='ltr'>et</span> <span class='ocrx_word' id='word_1_421' title='bbox 1592 4173 1857 4256; x_wconf 90' lang='lat' dir='ltr'>poenitentiarii</span> <span class='ocrx_word' id='word_1_422' title='bbox 1877 4174 1912 4237; x_wconf 92' lang='lat' dir='ltr'>in</span> 
     </span>
     <span class='ocr_line' id='line_1_76' title="bbox 1084 4295 1912 4384; baseline -0.002 -26"><span class='ocrx_word' id='word_1_423' title='bbox 1084 4296 1172 4358; x_wconf 91' lang='lat' dir='ltr'>colle</span> <span class='ocrx_word' id='word_1_424' title='bbox 1182 4295 1543 4384; x_wconf 76' lang='lat' dir='ltr'>Mariano-Plainensi</span> <span class='ocrx_word' id='word_1_425' title='bbox 1554 4295 1759 4358; x_wconf 89' lang='lat' dir='ltr'>successive</span> <span class='ocrx_word' id='word_1_426' title='bbox 1771 4295 1912 4358; x_wconf 88' lang='lat' dir='ltr'>functus</span> 
     </span>
     <span class='ocr_line' id='line_1_77' title="bbox 1084 4402 1910 4481; baseline 0.001 -3"><span class='ocrx_word' id='word_1_427' title='bbox 1084 4427 1148 4481; x_wconf 90' lang='lat' dir='ltr'>est.</span> <span class='ocrx_word' id='word_1_428' title='bbox 1172 4417 1232 4478; x_wconf 91' lang='lat' dir='ltr'>Ad</span> <span class='ocrx_word' id='word_1_429' title='bbox 1249 4416 1501 4480; x_wconf 90' lang='lat' dir='ltr'>monasterium</span> <span class='ocrx_word' id='word_1_430' title='bbox 1525 4402 1639 4479; x_wconf 66' lang='lat' dir='ltr'>redux</span> <span class='ocrx_word' id='word_1_431' title='bbox 1662 4417 1821 4480; x_wconf 90' lang='lat' dir='ltr'>archivio</span> <span class='ocrx_word' id='word_1_432' title='bbox 1840 4436 1910 4479; x_wconf 89' lang='lat' dir='ltr'>mo·</span> 
     </span>
     <span class='ocr_line' id='line_1_78' title="bbox 1083 4538 1911 4620; baseline -0.001 -20"><span class='ocrx_word' id='word_1_433' title='bbox 1083 4538 1229 4601; x_wconf 87' lang='lat' dir='ltr'>nasterii</span> <span class='ocrx_word' id='word_1_434' title='bbox 1245 4538 1449 4620; x_wconf 87' lang='lat' dir='ltr'>praefectus</span> <span class='ocrx_word' id='word_1_435' title='bbox 1465 4559 1530 4620; x_wconf 92' lang='lat' dir='ltr'>per</span> <span class='ocrx_word' id='word_1_436' title='bbox 1546 4559 1587 4600; x_wconf 88' lang='grc'>10</span> <span class='ocrx_word' id='word_1_437' title='bbox 1603 4558 1715 4600; x_wconf 90' lang='lat' dir='ltr'>annos</span> <span class='ocrx_word' id='word_1_438' title='bbox 1732 4547 1911 4619; x_wconf 89' lang='lat' dir='ltr'>tamquam</span> 
     </span>
     <span class='ocr_line' id='line_1_79' title="bbox 1083 4659 1912 4742; baseline 0 -21"><span class='ocrx_word' id='word_1_439' title='bbox 1083 4661 1162 4741; x_wconf 90' lang='lat' dir='ltr'>apis</span> <span class='ocrx_word' id='word_1_440' title='bbox 1174 4669 1426 4742; x_wconf 87' lang='lat' dir='ltr'>argumentosa</span> <span class='ocrx_word' id='word_1_441' title='bbox 1440 4662 1618 4742; x_wconf 90' lang='lat' dir='ltr'>stupenda</span> <span class='ocrx_word' id='word_1_442' title='bbox 1629 4659 1805 4723; x_wconf 87' lang='lat' dir='ltr'>industria</span> <span class='ocrx_word' id='word_1_443' title='bbox 1816 4660 1912 4722; x_wconf 89' lang='lat' dir='ltr'>labo·</span> 
     </span>
     <span class='ocr_line' id='line_1_80' title="bbox 1082 4781 1912 4865; baseline 0 -22"><span class='ocrx_word' id='word_1_444' title='bbox 1082 4782 1175 4846; x_wconf 86' lang='lat' dir='ltr'>ravit</span> <span class='ocrx_word' id='word_1_445' title='bbox 1191 4802 1304 4863; x_wconf 91' lang='lat' dir='ltr'>usque</span> <span class='ocrx_word' id='word_1_446' title='bbox 1321 4784 1366 4844; x_wconf 89' lang='lat' dir='ltr'>ad</span> <span class='ocrx_word' id='word_1_447' title='bbox 1384 4782 1477 4845; x_wconf 91' lang='lat' dir='ltr'>diem</span> <span class='ocrx_word' id='word_1_448' title='bbox 1494 4802 1707 4864; x_wconf 91' lang='lat' dir='ltr'>supremum,</span> <span class='ocrx_word' id='word_1_449' title='bbox 1733 4802 1826 4865; x_wconf 89' lang='lat' dir='ltr'>quae</span> <span class='ocrx_word' id='word_1_450' title='bbox 1845 4781 1912 4843; x_wconf 87' lang='lat' dir='ltr'>fuit</span> 
     </span>
     <span class='ocr_line' id='line_1_81' title="bbox 1084 4905 1346 4983; baseline 0.011 -18"><span class='ocrx_word' id='word_1_451' title='bbox 1084 4926 1112 4967; x_wconf 93' lang='lat'>2.</span> <span class='ocrx_word' id='word_1_452' title='bbox 1130 4905 1233 4966; x_wconf 86' lang='lat' dir='ltr'>Mart.</span> <span class='ocrx_word' id='word_1_453' title='bbox 1256 4908 1346 4983; x_wconf 83' lang='lat'>1753.</span> 
     </span>
    </p>

    <p class='ocr_par' dir='ltr' id='par_1_21' title="bbox 1169 5045 1913 5123">
     <span class='ocr_line' id='line_1_82' title="bbox 1169 5045 1913 5123; baseline 0.004 -22"><span class='ocrx_word' id='word_1_454' title='bbox 1169 5047 1192 5103; x_wconf 94' lang='grc'>1.</span> <span class='ocrx_word' id='word_1_455' title='bbox 1210 5049 1257 5103; x_wconf 91' lang='lat' dir='ltr'>De</span> <span class='ocrx_word' id='word_1_456' title='bbox 1269 5050 1330 5103; x_wconf 86' lang='lat' dir='ltr'>vita</span> <span class='ocrx_word' id='word_1_457' title='bbox 1346 5061 1376 5104; x_wconf 88' lang='grc'>01</span> <span class='ocrx_word' id='word_1_458' title='bbox 1391 5046 1483 5104; x_wconf 88' lang='lat' dir='ltr'>rebus</span> <span class='ocrx_word' id='word_1_459' title='bbox 1499 5049 1595 5122; x_wconf 80' lang='lat' dir='ltr'>gestis</span> <span class='ocrx_word' id='word_1_460' title='bbox 1611 5045 1753 5104; x_wconf 91' lang='lat' dir='ltr'>abbatum</span> <span class='ocrx_word' id='word_1_461' title='bbox 1766 5050 1913 5123; x_wconf 88' lang='lat' dir='ltr'>antiquis-</span> 
     </span>
    </p>
   </div>
   <div class='ocr_carea' id='block_1_17' title="bbox 1083 5151 1913 5330">
    <p class='ocr_par' dir='ltr' id='par_1_22' title="bbox 1083 5151 1913 5330">
     <span class='ocr_line' id='line_1_83' title="bbox 1083 5151 1913 5226; baseline 0.001 -20"><span class='ocrx_word' id='word_1_462' title='bbox 1083 5152 1147 5206; x_wconf 89' lang='lat' dir='ltr'>simi</span> <span class='ocrx_word' id='word_1_463' title='bbox 1170 5153 1342 5207; x_wconf 88' lang='lat' dir='ltr'>monasterii</span> <span class='ocrx_word' id='word_1_464' title='bbox 1358 5151 1396 5207; x_wconf 89' lang='lat' dir='ltr'>ad</span> <span class='ocrx_word' id='word_1_465' title='bbox 1413 5171 1437 5207; x_wconf 91' lang='lat' dir='ltr'>s.</span> <span class='ocrx_word' id='word_1_466' title='bbox 1456 5153 1576 5207; x_wconf 87' lang='lat' dir='ltr'>Petrum</span> <span class='ocrx_word' id='word_1_467' title='bbox 1598 5170 1626 5207; x_wconf 92' lang='lat'>0.</span> <span class='ocrx_word' id='word_1_468' title='bbox 1644 5171 1667 5207; x_wconf 92' lang='lat' dir='ltr'>s.</span> <span class='ocrx_word' id='word_1_469' title='bbox 1687 5152 1719 5211; x_wconf 88' lang='lat' dir='ltr'>B.</span> <span class='ocrx_word' id='word_1_470' title='bbox 1744 5154 1795 5226; x_wconf 92' lang='lat' dir='ltr'>qui</span> <span class='ocrx_word' id='word_1_471' title='bbox 1819 5151 1913 5208; x_wconf 88' lang='lat' dir='ltr'>eidem</span> 
     </span>
     <span class='ocr_line' id='line_1_84' title="bbox 1083 5253 1913 5330; baseline -0.001 -19"><span class='ocrx_word' id='word_1_472' title='bbox 1083 5258 1266 5311; x_wconf 85' lang='lat' dir='ltr'>monasterio</span> <span class='ocrx_word' id='word_1_473' title='bbox 1289 5253 1328 5311; x_wconf 91' lang='lat' dir='ltr'>ab</span> <span class='ocrx_word' id='word_1_474' title='bbox 1352 5274 1430 5311; x_wconf 91' lang='lat' dir='ltr'>anno</span> <span class='ocrx_word' id='word_1_475' title='bbox 1454 5255 1514 5327; x_wconf 85' lang='lat'>582</span> <span class='ocrx_word' id='word_1_476' title='bbox 1541 5255 1749 5330; x_wconf 80' lang='lat' dir='ltr'>praefuerunt,</span> <span class='ocrx_word' id='word_1_477' title='bbox 1774 5274 1830 5312; x_wconf 87' lang='lat' dir='ltr'>nec</span> <span class='ocrx_word' id='word_1_478' title='bbox 1853 5274 1913 5311; x_wconf 92' lang='lat' dir='ltr'>non</span> 
     </span>
    </p>
   </div>
   <div class='ocr_carea' id='block_1_18' title="bbox 1082 5360 2013 5435">
    <p class='ocr_par' dir='ltr' id='par_1_23' title="bbox 1082 5360 2013 5435">
     <span class='ocr_line' id='line_1_85' title="bbox 1082 5360 2013 5435; baseline -0.002 -19"><span class='ocrx_word' id='word_1_479' title='bbox 1082 5360 1269 5434; x_wconf 87' lang='lat' dir='ltr'>quorundam</span> <span class='ocrx_word' id='word_1_480' title='bbox 1287 5363 1382 5435; x_wconf 84' lang='lat' dir='ltr'>magis</span> <span class='ocrx_word' id='word_1_481' title='bbox 1398 5362 1556 5435; x_wconf 85' lang='lat' dir='ltr'>insignium</span> <span class='ocrx_word' id='word_1_482' title='bbox 1573 5360 1797 5427; x_wconf 89' lang='lat' dir='ltr'>monachorum,</span> <span class='ocrx_word' id='word_1_483' title='bbox 1815 5362 1865 5434; x_wconf 91' lang='lat' dir='ltr'>qui</span> <span class='ocrx_word' id='word_1_484' title='bbox 1883 5362 1913 5416; x_wconf 90' lang='lat' dir='ltr'>in</span> <span class='ocrx_word' id='word_1_485' title='bbox 2007 5373 2013 5387; x_wconf 91' lang='grc'>·</span> 
     </span>
    </p>
   </div>
   <div class='ocr_carea' id='block_1_19' title="bbox 0 0 2094 6196">
    <p class='ocr_par' dir='ltr' id='par_1_24' title="bbox 0 0 2094 6196">
     <span class='ocr_line' id='line_1_86' title="bbox 0 0 2094 6196; baseline 0 0"><span class='ocrx_word' id='word_1_486' title='bbox 0 0 2094 6196; x_wconf 95' lang='lat' dir='ltr'> </span> 
     </span>
    </p>
   </div>
  </div>
 </body>
</html>
