4178 6196
900 455 1182 522 ...219...

170 644 216 707 tis
243 643 279 706 in
306 663 333 706 s.
358 651 478 705 monte
506 661 532 704 s.
556 641 761 723 theologiae
788 639 918 704 studiis
946 638 1003 702 die

171 772 221 830 30.
247 766 311 829 Iul.
338 769 418 844 1874
444 765 634 846 presbyter
657 762 840 825 ordinatus
864 771 933 834 est:
957 781 1003 823 ex

171 908 241 971 quo
257 898 418 969 tempore
431 888 476 948 ad
490 905 620 948 annum
638 888 717 964 1876
731 883 906 966 Sopronii‚
922 888 1002 962 1876

169 1015 300 1091 -1879
325 1008 498 1092 Strigonii
521 1007 703 1089 professor
725 1026 864 1090 gymn,
890 1026 935 1067 ex
960 1026 1002 1068 eo

174 1133 304 1196 laurini
320 1132 446 1195 eodem
463 1150 608 1193 munere
624 1129 794 1212 fungitur.

261 1270 412 1354 Scripsit
428 1281 572 1354 praeter
587 1271 658 1333 alia
673 1269 824 1332 minora:

259 1417 281 1473 1.
298 1415 324 1471 A
338 1416 507 1472 termeszeti
521 1415 553 1471 es
567 1415 697 1471 erkdlcsi
714 1414 883 1490 torve'nyek
899 1413 1004 1469 kdzdtt
1042 1413 1045 1490 (

174 1518 270 1579 Ιέῑοιὸ
286 1522 422 1594 viszony.
444 1516 473 1596 (i.
491 1539 517 1575 e.
536 1520 583 1575 De
600 1537 645 1587 ea,
664 1538 741 1594 quae
759 1520 834 1574 inter
851 1519 934 1592 leges
951 1536 1003 1573 na·

172 1627 283 1682 rurales
296 1638 325 1681 et
339 1624 469 1680 morales
483 1623 650 1690 intercedit,
665 1620 804 1701 ratione.)
821 1625 1004 1680 Dissertatio

171 1729 392 1807 philosophica.
403 1729 436 1784 In
445 1747 532 1803 prog.
540 1747 641 1802 gymn.
649 1726 865 1803 Soproniensis
877 1726 1003 1803 1874(5.

173 1834 216 1892 8⁰.
234 1854 263 1911 p.
285 1848 397 1905 1-13.

259 1940 296 1996 11.
307 1939 447 1996 Oktober
455 1956 486 2015 5.
503 1940 593 2014 1875.
604 1938 683 2019 (Quo
697 1938 1004 2012 sollemnitategymn.
1044 1950 1046 2053 (

157 2043 381 2120 86411οηί6156
398 2059 599 2102 restauratum
620 2045 669 2101 die
684 2060 714 2117 5.
732 2044 801 2100 Oct.
824 2041 901 2116 1875
920 2041 1004 2098 dedi-

173 2164 270 2206 catum
293 2147 353 2228 511.)
374 2152 407 2207 ln
424 2171 527 2228 progr.
545 2150 637 2227 Sopr.
659 2147 785 2224 187516.
808 2147 849 2204 8⁰.
872 2146 967 2219 3-8.
985 2148 1002 2205 l.

259 2255 310 2312 111.
328 2256 494 2312 Hartmann
511 2256 750 2312 Pessimismusa.
773 2249 802 2329 (1.
820 2272 846 2308 6.
871 2254 915 2307 De
933 2271 1003 2327 pes·

172 2361 305 2416 simismo
328 2358 528 2440 Hartmanni.)
550 2360 732 2416 Dissertatio
754 2376 811 2434 pro
832 2355 1003 2414 obtinendis

172 2463 316 2537 gradibus
333 2465 442 2541 philos.
465 2464 554 2539 1878.
572 2465 764 2537 Esztergom.
782 2462 825 2519 8⁰.
843 2477 883 2535 54
900 2482 929 2538 p.

258 2593 401 2666 Karlin
419 2604 671 2668 Guilielmus
690 2603 1002 2686 (GottviCensis)
1043 2560 1045 2693 Ι

172 2721 206 2783 in
223 2722 443 2804 Klagenfurt
459 2723 662 2786 Carinthiae
685 2723 741 2786 die
759 2744 810 2802 27.
827 2724 900 2786 Ian.
925 2728 1001 2785 1821

173 2828 1004 2927 natuS,studiisViennaeabsolutisdie29.Sept.

179 2968 258 3046 1839
280 2992 307 3034 s.
325 2969 449 3032 habitu
469 2970 612 3032 indutus
633 2981 718 3032 vota
739 2969 924 3032 sollemnia
948 2970 1004 3031 die

179 3115 225 3172 17.
243 3092 347 3154 Mart.
369 3097 449 3168 1844
471 3092 587 3154 emisit
611 3103 647 3154 et
671 3092 727 3153 die
748 3114 778 3169 4.
795 3092 891 3174 Aug.
914 3091 1005 3153 eius-

177 3217 257 3277 dem
269 3213 353 3276 anni
368 3223 554 3294 neomysta
567 3214 612 3274 ad
625 3233 721 3274 aram
734 3213 876 3275 Domini
894 3211 1004 3276 stetit.
1043 3262 1045 3295 ,

175 3337 233 3399 Ad
250 3355 369 3398 curam
386 3335 579 3397 animarum
601 3334 810 3416 destinatus,
835 3355 912 3398 eam
934 3334 1005 3418 pri·
1042 3300 1045 3347 ⁴

175 3479 268 3521 mum
282 3458 317 3520 in
330 3456 499 3538 parochia
514 3455 695 3518 claustrali
711 3467 747 3518 et
763 3459 808 3518 ab
826 3478 856 3518 a.
876 3460 953 3535 1847
970 3457 1003 3519 in

174 3581 338 3643 Mantem
365 3581 411 3641 ad
440 3579 637 3641 Danubium
666 3579 833 3642 exercuit.
867 3579 1003 3641 Aortae

111 3678 113 3682 ¹
175 3703 383 3765 dilatatione
403 3703 569 3763 laborans
590 3705 666 3763 1851
692 3702 726 3763 in
749 3701 1002 3764 monasterium
1042 3755 1045 3813 Ι

175 3825 289 3904 rediit,
306 3824 365 3885 ubi
382 3843 485 3886 omne
502 3834 653 3905 tempus,
676 3843 798 3887 omnes
814 3825 909 3888 vires
931 3835 1004 3888 stu-

176 3946 243 4008 diis
263 3945 439 4007 historicis
460 3946 642 4027 impendit,
669 3947 775 4028 idque
798 3947 1003 4010 felicissimo

129 4128 132 4132 ,
174 4088 252 4130 cum
273 4088 452 4148 successu,
476 4068 525 4130 ita
550 4079 597 4149 ut,
623 4068 690 4131 etsi
714 4069 840 4131 diebus
863 4070 1002 4132 festivis

171 4191 336 4252 laudatas
352 4191 541 4252 conciones
557 4191 602 4252 ad
619 4193 789 4272 populum
803 4191 838 4253 in
851 4192 1003 4254 ecclesia

173 4312 352 4373 claustrali
365 4313 538 4393 habuerit,
551 4313 635 4375 licet
647 4324 730 4393 post
742 4324 883 4395 tempus
896 4314 1002 4376 etiam

173 4432 425 4495 bibliothecam
435 4433 584 4496 sollicite
594 4434 782 4516 curaverit,
794 4435 876 4497 licet
890 4437 1001 4498 morbi

173 4553 227 4615 sui
242 4574 376 4637 angore
393 4555 512 4617 multis
533 4556 659 4618 diebus
676 4555 867 4637 impeditus
885 4557 1001 4639 fuerit,

171 4686 254 4757 post
266 4676 455 4738 triennium
468 4677 627 4738 codicem
640 4676 869 4739 traditionum
882 4699 1001 4741 mona·
1039 4694 1043 4806 (

173 4798 269 4860 sterii
291 4797 345 4859 sui
367 4818 445 4860 cum
470 4798 719 4879 diplomatario
743 4809 778 4862 et
802 4800 1001 4863 adnotatio-

172 4920 275 4982 nibus
296 4920 470 5002 plurimiS,
497 4940 588 5001 opus
613 4922 910 5002 laudatissimum,
932 4942 1001 4984 non
1040 4984 1042 4991 ,

171 5016 308 5104 tanturn
321 5043 366 5104 ad
376 5042 567 5104 editionem
578 5052 739 5124 paratum
753 5043 927 5124 habuerit,
937 5044 1001 5105 sed

172 5174 208 5226 et
234 5184 340 5226 manu
368 5165 513 5246 propria
545 5163 696 5245 primum
728 5166 913 5245 exemplar
939 5165 1001 5226 im·

171 5304 333 5366 pressum
347 5286 423 5367 ipse
437 5286 642 5348 correxerit.
661 5286 727 5347 Die
738 5291 789 5348 81.
800 5285 905 5348 Mart.
920 5290 998 5364 1857

172 5408 324 5470 animam
339 5407 418 5470 Deo
435 5407 599 5470 reddidit.

1170 645 1234 701 Das
1246 644 1398 702 Saalbuch
1412 646 1465 702 des
1478 644 1812 703 Benedictiner-Stiites
1826 645 1919 703 Gott-

1083 751 1171 823 weig.
1200 751 1255 805 Mit
1276 751 1517 825 Erlauterungen
1542 751 1601 806 und
1627 752 1722 807 einem
1747 750 1918 827 diplomati-

1083 853 1176 910 schen
1191 855 1332 929 Anhang.
1349 856 1463 911 Fontes
1477 874 1576 911 rerum
1587 854 1825 911 Austriacarum.
1843 853 1871 912 8.
1882 857 1916 912 B.

1083 957 1184 1024 wien,
1206 957 1296 1031 1855.

1165 1105 1331 1178 Karner
1369 1116 1615 1182 Lambertus
1656 1118 1917 1200 ((3611νί6611-

1084 1232 1168 1315 515),
1180 1218 1414 1314 ⁴Kirchbergii
1430 1238 1475 1298 ad
1493 1237 1674 1301 Pielacum
1691 1239 1749 1301 die
1766 1259 1813 1317 19.
1828 1239 1916 1321 Apr.

1089 1359 1164 1432 1841
1185 1366 1300 1437 natus,
1323 1359 1495 1422 absolutis
1511 1359 1644 1423 Melicii
1669 1360 1796 1424 studiis
1816 1382 1918 1445 gym-

1084 1477 1278 1540 nasialibus
1292 1479 1349 1542 die
1361 1501 1388 1559 7.
1400 1480 1478 1544 Oct.
1493 1488 1573 1544 1860
1586 1503 1613 1544 s.
1624 1484 1749 1548 habitu
1762 1484 1917 1568 indutuS,

1085 1609 1169 1661 vota
1186 1599 1369 1663 sollemnia
1395 1602 1451 1666 die
1478 1625 1529 1681 14.
1545 1605 1620 1668 Iun.
1642 1609 1720 1667 1865
1743 1575 1859 1671 emisit
1881 1618 1918 1670 et

1085 1722 1236 1820 primum
1252 1724 1383 1786 missae
1401 1726 1610 1790 sacrificium
1623 1728 1701 1791 Deo
1714 1731 1839 1792 eodem
1855 1751 1917 1793 an·

1085 1861 1131 1905 no
1148 1844 1205 1906 die
1223 1849 1272 1907 23.
1289 1846 1352 1929 Iul.
1370 1848 1507 1912 obtulit.
1532 1849 1689 1914 Primum
1706 1871 1825 1914 curam
1841 1853 1916 1915 ani·

1085 1985 1219 2029 marum
1243 1968 1277 2030 in
1299 1970 1468 2051 parochia
1490 1972 1670 2035 claustrali
1694 1984 1730 2036 et
1754 1976 1799 2036 ab
1824 1996 1917 2038 anno

1090 2092 1170 2149 18116
1188 2088 1223 2151 in
1240 2089 1405 2153 Mantern
1422 2094 1581 2156 exercuit
1597 2115 1710 2176 usque
1731 2101 1821 2179 1874,
1846 2117 1916 2179 quo

1084 2230 1177 2272 anno
1200 2214 1376 2292 parochus
1400 2214 1435 2276 in
1460 2215 1704 2299 Roggendorf
1714 2229 1779 2302 ‘est
1803 2230 1916 2283 trans-

1084 2333 1188 2396 latus,
1214 2331 1382 2415 Scripsit:

1173 2461 1229 2516 Die
1247 2460 1540 2539 Agapitus-Kapelle
1563 2466 1591 2521 in
1608 2467 1755 2525 Mautern.
1778 2465 1851 2546 (1.6.
1870 2470 1916 2525 De

1085 2564 1197 2624 sacello
1211 2584 1235 2620 s.
1246 2565 1368 2640 Agapiti
1383 2569 1411 2621 in
1423 2566 1582 2647 hiantem.)
1596 2570 1709 2627 Blatter
1722 2572 1767 2627 fiir
1780 2573 1916 2629 Landes·

1085 2669 1193 2735 kunde,
1217 2669 1305 2742 1870.
1323 2690 1353 2756 p.
1376 2669 1444 2743 184.

1172 2817 1305 2902 Kaser
1333 2826 1566 2911 Gregorius
1591 2835 1624 2912 (a
1650 2854 1677 2894 5.
1699 2833 1823 2897 Petro
1848 2834 1916 2899 Sa-

1084 2944 1294 3027 lisburgi),
1313 2940 1595 3031 Salisburgensis
1613 2971 1658 3012 ex
1670 2949 1915 3034 Hollersbach,

1085 3075 1189 3130 natus
1206 3074 1257 3132 30.
1271 3071 1365 3152 Aug.
1385 3076 1475 3152 1781,
1492 3073 1645 3136 novitius
1663 3095 1710 3136 10.
1720 3075 1809 3137 Nov.
1825 3080 1914 3157 1800,

1084 3193 1278 3253 monachus
1302 3192 1486 3274 professus
1511 3200 1562 3258 30.
1587 3195 1682 3278 Aug.
1711 3200 1807 3277 1802,
1833 3216 1915 3259 neo-

1085 3324 1201 3395 mysta
1222 3335 1269 3392 14.
1284 3313 1362 3378 Oct.
1380 3320 1470 3397 1804,
1489 3319 1534 3378 ab
1551 3338 1643 3380 anno
1660 3323 1827 3381 1806-18
1844 3339 1916 3381 om·

1085 3456 1148 3498 nes
1175 3438 1399 3501 humaniores
1432 3439 1637 3520 disciplinas
1664 3440 1699 3503 in
1727 3441 1915 3524 gymnasio

1085 3557 1350 3641 Salisburgensi
1364 3561 1494 3654 docuit,
1511 3562 1678 3626 adiuncto
1691 3583 1756 3644 per
1770 3568 1789 3625 6
1803 3584 1915 3626 annos

1085 3681 1343 3744 concionatoris
1374 3683 1409 3744 in
1441 3685 1592 3747 ecclesia
1626 3685 1754 3767 lyceali
1785 3684 1914 3748 officio.

1086 3803 1184 3867 Obiit
1205 3808 1251 3867 15.
1268 3805 1371 3868 Mart.
1394 3809 1484 3868 1818.

1171 3927 1257 3988 Eius
1273 3947 1377 3989 manu
1395 3937 1545 3990 exarata
1559 3929 1782 4009 prodierunt:

1171 4054 1192 4109 1.
1207 4053 1369 4127 Anleitung
1382 4073 1435 4109 zur
1447 4066 1539 4128 guten
1550 4052 1726 4111 Schreibart
1739 4057 1767 4110 in
1780 4054 1916 4111 Briesen.·

1084 4156 1113 4233 (1.
1129 4176 1154 4214 e.
1169 4159 1215 4214 Db
1228 4160 1487 4233 epistolographia
1501 4157 1667 4236 tractatus)
1680 4160 1734 4215 Mit
1746 4161 1841 4215 einem
1851 4158 1913 4214 An·

1083 4264 1163 4336 hang
1179 4282 1238 4318 von
1256 4262 1498 4319 Musterbrielen.
1516 4262 1674 4336 Salzburg‚
1693 4263 1799 4338 Duyle.
1822 4261 1912 4320 1811.

1084 4367 1125 4424 8⁰.
1148 4383 1202 4440 141
1223 4387 1253 4443 p.

1170 4473 1207 4527 11.
1225 4472 1418 4527 Trauerrede
1435 4470 1488 4526 aus
1502 4473 1596 4527 Maria
1613 4449 1837 4526 Theresiauon
1848 4471 1911 4546 Ey-

1083 4576 1229 4650 selsberg,
1258 4574 1394 4632 Abtissin
1418 4595 1464 4631 am
1488 4574 1663 4648 Nonnberg.
1687 4571 1805 4651 (Oratio
1828 4573 1911 4630 fune·

1085 4680 1170 4757 bris.)
1187 4678 1346 4753 Salzburg‚
1364 4680 1515 4735 Zaunrith.
1537 4678 1627 4751 1813.
1645 4678 1687 4736 8⁰.
1705 4695 1745 4751 44
1762 4697 1792 4754 p.

1168 4785 1220 4839 111.
1245 4785 1352 4841 Oratio
1375 4786 1402 4838 in
1424 4784 1649 4839 confirmatione
1667 4784 1799 4859 Iosephi,
1824 4784 1911 4839 electi

1082 4887 1201 4946 abbatis
1219 4888 1256 4944 ad
1273 4909 1296 4944 5.
1315 4891 1444 4943 Petrum.
1464 4888 1538 4944 lbid.
1561 4887 1651 4945 1816.
1669 4889 1733 4944 Fol.

1168 5036 1350 5108 Kaserer
1370 5045 1592 5107 Anselmus
1618 5044 1912 5126 (Cremifanen-

1082 5163 1162 5244 sis),
1180 5162 1379 5245 Salisburgi
1396 5162 1453 5223 die
1475 5183 1520 5224 10.
1538 5162 1627 5227 Nov.
1649 5183 1724 5242 1721
1745 5173 1859 5244 natus,
1877 5163 1912 5223 in

1081 5289 1169 5348 urbe
1200 5284 1316 5366 patria
1342 5284 1571 5347 humanitatis
1601 5295 1637 5346 et
1663 5284 1911 5365 philosophiae

1082 5408 1292 5471 curriculum
1306 5426 1480 5486 emensus,
1493 5407 1528 5469 in
1540 5408 1642 5490 lyceo
1656 5405 1911 5469 Cremifanensi

1649 5513 1701 5560 28*
