4178 6196
888 466 1144 538 ..97-

230 653 353 709 XXXV.
382 653 561 710 Defenditur
588 655 761 713 BoniIacius
787 658 867 715 VIII.
896 678 975 736 papa

143 771 325 832 potestatem
354 758 510 816 vindicans
538 760 712 818 indirectam
739 764 769 818 in
797 764 975 840 temporalia

143 862 271 939 PhIIippi
288 863 338 919 1v.
356 866 438 938 regis
453 865 648 921 Francorum.
673 867 781 924 Oratio
802 868 975 926 academica

143 965 244 1022 habita
261 969 341 1023 circa
356 987 464 1024 annum
487 983 576 1042 1750.
593 970 630 1027 V.
647 985 698 1042 51.

229 1072 366 1128 XXXVI.
385 1073 432 1129 De
449 1074 683 1150 iurisprudentia
699 1077 871 1134 Borussica.
897 1078 973 1135 Ora-

143 1177 184 1231 tio
201 1176 384 1234 academica.
402 1177 437 1235 V.
455 1193 507 1251 52.

228 1281 381 1338 XXXVII.
398 1282 566 1339 Disseritur
582 1286 732 1359 quaesti0‚
749 1287 871 1343 sinistra
883 1288 973 1344 Polo·

142 1384 286 1441 11331313
306 1386 423 1443 alienae
445 1388 608 1445 violentiae
631 1407 669 1444 an
692 1393 794 1465 potius
815 1391 893 1447 malo
915 1396 973 1449 rei·

142 1487 280 1565 publicae
295 1494 384 1547 nexui
401 1493 461 1549 sint
480 1492 647 1550 tribuenda.
672 1495 780 1551 Oratio
800 1498 973 1554 academica
1002 1554 1005 1561 ,

141 1592 243 1650 habita
263 1609 353 1669 1772·
371 1597 407 1653 V.
425 1611 476 1669 53.

226 1700 394 1756 XXXVIII.
428 1702 474 1757 De
502 1704 602 1758 causis
629 1705 849 1761 Inconstantiae
876 1710 971 1782 pacis.

141 1803 249 1860 Oratio
266 1805 440 1862 academica
456 1805 558 1863 habita
578 1807 670 1882 1781.
687 1809 722 1865 V.
741 1824 791 1882 54.

225 1910 365 1966 XXXIX.
384 1911 430 1966 De
443 1912 571 1969 utilitate
584 1914 765 1970 matheseos.
783 1916 891 1972 Oratio
905 1936 973 1973 aea·-

140 2012 255 2069 ‹lemica
272 2013 374 2071 habita
394 2015 484 2091 1763.
503 2018 537 2074 V.
556 2031 606 2090 55.

225 2120 291 2176 XL.
313 2121 346 2176 In
364 2120 480 2178 laudem
497 2123 586 2179 studii
604 2124 748 2182 historici.
774 2126 882 2181 Oratio
903 2145 972 2183 aca-

139 2222 255 2280 demica
271 2224 374 2282 habita
394 2226 484 2300 1764.
502 2228 538 2285 V.
557 2226 608 2300 56.

224 2348 304 2404 XLI.
323 2348 369 2404 De
386 2367 458 2404 vera
474 2349 613 2407 libertate
629 2351 874 2427 philosophandi.
892 2353 970 2410 Ora·

139 2453 180 2506 tio
197 2452 370 2509 academica
387 2452 488 2510 habita
509 2453 598 2528 1768.
616 2457 652 2513 V.
670 2471 721 2530 57.

222 2575 317 2631 XLII.
343 2576 456 2632 Contra
476 2577 665 2653 impudentes
690 2579 862 2636 laudatores
883 2580 969 2637 huius

135 2680 259 2736 saeculi.
285 2681 393 2736 Oratio
410 2681 583 2738 academica
600 2681 702 2739 habita
721 2697 812 2757 1774.
830 2684 865 2740 V.
883 2683 935 2757 58.

222 2802 332 2857 XLIII.
354 2803 467 2858 Contra
484 2822 592 2859 vanum
609 2823 718 2860 novum
735 2824 844 2861 nomen
861 2807 968 2862 illumi·

136 2909 196 2962 nati
213 2906 299 2963 huius
316 2907 437 2964 saeculi.
456 2909 562 2969 Oratio
575 2909 747 2967 academica
759 2910 860 2968 habita
878 2910 967 2985 1782.

135 3011 171 3067 V.
189 3025 240 3085 59.

221 3117 329 3173 XLIV.
348 3118 394 3173 De
407 3118 606 3193 praeferendo
624 3121 652 3174 in
670 3119 782 3176 scholis
798 3120 896 3177 studio
913 3122 967 3177 lin·

135 3239 213 3294 guae
230 3219 358 3277 Latinae
370 3241 443 3297 prae
455 3224 617 3280 vernacula
631 3218 842 3302 (Germanica).
860 3226 966 3281 Oratio

135 3323 306 3381 academica
322 3324 424 3383 habita
444 3326 534 3401 1764.
552 3328 587 3385 V.
606 3327 656 3385 60.

177 3484 193 3497 ,
220 3431 314 3487 XLV.
333 3431 379 3487 De
394 3435 580 3508 praestantia
596 3452 631 3491 ac
647 3435 829 3491 necessitate
846 3434 965 3509 linguae

134 3535 260 3591 Latinae
277 3550 383 3592 contra
399 3539 463 3593 eius
480 3536 704 3595 obtrectatores
721 3539 796 3595 male
817 3541 965 3616 interpre-

135 3653 232 3695 tantes
249 3640 346 3714 legem
363 3640 400 3696 de
421 3642 675 3716 praelectionibus
691 3642 820 3720 publicis
838 3643 965 3700 Germa·

134 3745 199 3799 nice
225 3742 381 3802 habendis.
411 3747 517 3802 Oratio
542 3748 717 3805 academica
743 3748 845 3805 habita
873 3746 963 3822 1785.

133 3847 169 3903 V.
186 3845 237 3903 61.

219 3954 328 4010 XLVI.
346 3955 392 4011 De
409 3956 537 4012 utilitate
554 3956 788 4031 disputationum
801 3975 965 4033 earumque

133 4057 233 4113 mod0.
251 4059 359 4114 Oratio
375 4060 547 4117 academica
564 4059 666 4117 habita
686 4060 776 4134 1767.
794 4062 829 4117 V.
848 4060 898 4118 62.

219 4164 342 4221 XLVII.
365 4165 411 4220 De
432 4165 553 4222 vitanda
575 4165 786 4242 hypothesium
807 4169 963 4223 servitute.

133 4249 240 4323 Oratio
257 4268 430 4324 academica
446 4269 548 4326 habita
569 4284 659 4344 1773.
677 4270 712 4326 V.
730 4268 781 4342 63.

217 4373 355 4429 XLVIII.
373 4374 419 4429 De
432 4393 553 4430 munere
569 4377 754 4431 notariorum
771 4375 918 4433 ecclesiae
935 4378 963 4432 in

111 4454 115 4465 ι
131 4477 248 4533 laudem
262 4476 436 4535 litterarum.
452 4480 559 4535 Oratio
571 4480 745 4536 academica
757 4478 858 4536 habita
872 4479 962 4554 1760.

131 4582 167 4638 V.
185 4580 236 4655 64.

215 4690 326 4745 XLIX.
340 4690 373 4745 In
385 4689 502 4746 laudem
516 4703 696 4747 statutorum
709 4672 960 4747 academicorum.

130 4794 238 4850 Oratio
255 4794 436 4851 academica.
455 4795 491 4851 V.
510 4793 560 4868 65.

216 4900 251 4956 L.
263 4900 309 4955 De
318 4900 485 4976 privilegiis
494 4900 731 4958 adolescentium
744 4899 959 4957 studiosorum.

129 5003 236 5060 Oratio
252 5006 433 5062 academica.
451 5006 486 5062 V.
504 5004 555 5062 66.

215 5110 266 5165 [Ι.
280 5110 326 5165 De
339 5110 496 5186 disciplina
508 5112 629 5187 pietatis
642 5112 769 5166 maximo
782 5108 959 5166 eruditionis

128 5211 273 5272 subsidi0.
296 5216 404 5272 Oratio
425 5215 598 5272 academica
619 5213 720 5271 habita
746 5211 836 5288 1765.
853 5215 889 5271 V.
908 5211 957 5287 67.

214 5319 280 5375 LII.
297 5318 396 5396 Super
412 5321 530 5376 dictos.
545 5320 629 5376 Pauli
641 5321 664 5375 I.
675 5320 745 5376 Cor.
759 5318 788 5387 8,
806 5335 835 5376 1:
853 5316 958 5376 Scien-

126 5427 168 5479 tia
185 5424 276 5480 inflat.
294 5425 401 5481 Oratio
417 5411 598 5482 academica.
616 5426 652 5482 V.
670 5422 720 5482 68.

1142 655 1222 712 LIII.
1249 654 1295 711 De
1316 657 1464 731 sapientia
1483 673 1544 712 non
1564 653 1668 713 sobria
1684 659 1748 714 sive
1765 659 1887 715 critico·

1056 781 1120 817 rum
1144 779 1272 819 excessu
1295 760 1428 818 vitando.
1458 762 1565 817 Oratio
1589 761 1762 839 academica
1784 761 1888 819 habita

1060 866 1149 941 1768.
1167 869 1202 925 V.
1221 865 1272 941 69.
1371 931 1372 934 Ἴ

1142 973 1220 1029 LIV.
1237 971 1414 1028 imitandum
1432 989 1500 1027 esse
1513 968 1757 1028 adolescentibus
1774 971 1888 1028 littera·

1055 1098 1119 1133 rum
1136 1077 1281 1133 studiosis
1302 1078 1468 1132 institutum
1485 1077 1621 1132 militare.
1647 1075 1754 1132 Oratio
1778 1076 1888 1133 acade-

1054 1184 1130 1239 mica
1147 1180 1250 1237 habita
1271 1178 1361 1254 1767.
1380 1181 1415 1236 V.
1435 1194 1483 1253 70.

1140 1286 1205 1343 LV.
1230 1283 1395 1342 Scholares
1418 1283 1539 1340 desides
1567 1298 1597 1341 et
1620 1287 1831 1359 immorigeros
1856 1287 1885 1342 in

1053 1391 1189 1467 periculo
1217 1391 1346 1457 versari,
1374 1408 1411 1445 ne
1442 1389 1604 1464 aliquando
1631 1391 1660 1445 11
1687 1392 1826 1446 miseram
1857 1401 1887 1446 et

1053 1497 1141 1552 vilem
1158 1498 1238 1551 vitae
1256 1493 1457 1553 conditIonem
1479 1493 1666 1550 deiiciantur.
1688 1495 1795 1551 Oratio
1816 1513 1886 1552 aca-

1053 1601 1169 1656 demica
1185 1597 1287 1656 habita
1309 1598 1398 1673 1778.
1416 1599 1452 1655 V.
1472 1613 1521 1672 71.

1140 1705 1218 1762 LVI.
1236 1703 1283 1760 De
1299 1704 1367 1779 lege
1383 1703 1556 1760 academica
1572 1704 1752 1779 popinarum
1773 1702 1884 1760 aditum

1054 1807 1243 1886 prohibente.
1258 1810 1365 1866 Oratio
1378 1807 1551 1865 academica
1563 1804 1667 1863 habita
1680 1806 1769 1880 1780.
1783 1808 1818 1864 V.
1835 1821 1883 1880 72.

1139 1914 1233 1971 LVII.
1252 1913 1298 1968 De
1314 1910 1424 1968 debitis
1435 1930 1571 1968 vacunae
1584 1911 1676 1968 seriis.
1694 1911 1802 1969 Oratio
1815 1930 1885 1969 aca-

1053 2018 1178 2075 demica.
1196 2019 1232 2075 V.
1252 2031 1301 2091 73.
1321 2070 1324 2075 ,

1139 2122 1247 2179 LVIII.
1258 2123 1304 2178 De
1317 2122 1444 2178 utilitate
1457 2120 1624 2177 studiorum
1638 2123 1882 2178 monasticorum.

1052 2228 1160 2284 Oratio
1177 2225 1359 2284 academica.
1377 2226 1413 2282 V.
1433 2239 1481 2298 74.

1138 2332 1217 2388 LIX.
1240 2333 1287 2388 De
1308 2329 1534 2387 difficultatibus
1555 2329 1730 2387 emendandi
1751 2330 1881 2387 scholas.

1051 2437 1159 2492 Oratio
1175 2436 1348 2492 academica
1364 2433 1466 2491 habita
1487 2432 1577 2508 1766.
1595 2435 1630 2491 V.
1651 2448 1699 2507 75.

1136 2559 1201 2613 [Χ.
1216 2556 1403 2620 Ostenditur,
1416 2556 1627 2612 adolescentes
1640 2557 1806 2612 litterarum
1819 2568 1883 2612 stu·

1049 2664 1154 2720 diosos
1170 2664 1344 2738 aptissimos
1360 2680 1428 2718 esse
1445 2661 1615 2717 scholarum
1632 2661 1770 2717 altiorum
1784 2660 1882 2717 refor-

1049 2781 1191 2824 matores.
1217 2768 1325 2823 Oratio
1346 2765 1519 2821 academica
1540 2763 1642 2820 habita
1667 2778 1757 2838 1777.
1774 2764 1810 2821 V.
1831 2761 1880 2838 76.

1135 2893 1216 2947 LXI.
1248 2890 1296 2945 De
1323 2891 1387 2945 iure
1415 2888 1585 2944 scholarum
1611 2886 1880 2943 Cremisanensium

1049 2994 1246 3073 publicarum.
1264 2994 1371 3051 Oratio
1389 2992 1571 3049 academica.
1589 2992 1624 3049 V.
1645 3004 1693 3065 77.

1135 3118 1230 3184 LXII.
1248 3116 1295 3172 De
1308 3119 1525 3191 intemperante
1538 3133 1573 3170 ac
1586 3132 1732 3190 perverso
1745 3130 1879 3188 quorun·

1048 3222 1115 3279 dam
1137 3221 1259 3278 fervore
1284 3223 1313 3277 in
1339 3219 1530 3276 reformando
1551 3217 1722 3275 scholarum
1744 3219 1878 3292 negotio,

1048 3328 1156 3384 Oratio
1173 3325 1354 3383 academica.
1372 3324 1407 3381 V.
1428 3323 1476 3398 78.

1133 3431 1244 3487 LXIII.
1268 3431 1300 3485 In
1318 3429 1435 3485 laudern
1451 3430 1590 3504 rescripti
1612 3446 1692 3484 caes.
1711 3429 1797 3503 regii,
1819 3447 1879 3504 qua

1046 3535 1245 3592 defenduntur
1255 3533 1378 3590 scholae
1391 3531 1607 3589 coenobiorum
1619 3545 1727 3589 contra
1739 3532 1877 3590 infamem

1046 3639 1204 3716 quemdam
1221 3638 1362 3696 libellum.
1387 3640 1495 3696 Orati0
1511 3637 1684 3695 academica
1704 3635 1807 3694 habita
1830 3637 1877 3695 die

1046 3761 1075 3818 4.
1092 3746 1169 3801 Nor.
1192 3743 1282 3819 1782.
1299 3746 1336 3802 V.
1357 3758 1405 3818 79.

1132 3850 1240 3907 LXIV.
1264 3850 1311 3906 Ad
1332 3848 1600 3906 Cremifanensium
1621 3847 1791 3904 scholarum
1814 3846 1878 3903 fau·

1045 3969 1138 4012 tores.
1160 3955 1268 4012 Oratio
1285 3954 1458 4011 academica
1474 3952 1576 4009 habita
1592 3955 1621 4009 in
1634 3952 1692 4009 sine
1706 3954 1773 4008 anni
1787 3952 1878 4008 scho-

1044 4061 1142 4116 lastici
1164 4059 1253 4133 1785.
1272 4061 1306 4117 V.
1324 4057 1375 4116 80.

1130 4165 1223 4222 LXV.
1242 4164 1288 4220 De
1305 4165 1537 4220 conservatione
1553 4160 1726 4218 academiae
1742 4173 1875 4217 nostrae.

1044 4269 1153 4326 Oratio
1177 4269 1349 4326 academica
1375 4265 1477 4323 habita
1502 4267 1585 4323 initio
1608 4268 1677 4323 anni
1700 4265 1876 4322 scholastici

1048 4373 1138 4448 1784.
1156 4375 1192 4432 V.
1209 4373 1260 4432 81.

1130 4480 1238 4536 LXVI.
1261 4480 1413 4549 Quantum
1435 4478 1473 4534 ad
1489 4479 1750 4535 conservationem
1771 4492 1875 4532 mona·

1043 4587 1205 4641 steriorum
1221 4586 1320 4641 valeat
1335 4587 1433 4661 pietas
1450 4597 1479 4639 et
1496 4582 1634 4639 eruditio
1652 4582 1759 4638 Oratio
1772 4577 1875 4638 habita

1043 4692 1072 4745 in
1088 4688 1289 4745 sollemnitate
1305 4687 1425 4745 iubilaei
1442 4688 1597 4743 millenarii
1613 4687 1787 4743 monasterii
1800 4684 1874 4740 Cre·

1042 4793 1215 4851 misanensis
1237 4808 1326 4868 1777.
1344 4795 1380 4851 V.
1398 4793 1449 4850 82.

1127 4899 1252 4956 LXVII.
1292 4895 1686 4973 Originalbeobachtungen
1721 4891 1873 4973 (astrono-

1040 5002 1174 5083 mische).
1201 5000 1230 5081 (i.
1252 5022 1278 5060 e.
1303 5001 1544 5059 Observationes
1567 5001 1790 5056 astronomicae
1810 5000 1872 5055 ori·

1039 5107 1157 5181 ginales
1184 5126 1251 5165 cum
1278 5107 1375 5164 indice
1402 5125 1420 5161 a
1446 5107 1478 5162 P.
1503 5103 1673 5161 Thaddaeo
1697 5101 1873 5178 Derssinger

1038 5211 1180 5292 adiecto.)
1195 5212 1232 5271 V.
1255 5228 1323 5284 103.

1124 5319 1263 5376 LXVIII.
1285 5315 1526 5374 ObservatIones
1546 5315 1789 5373 Cremifanenses
1812 5333 1872 5371 una

1038 5443 1104 5482 cum
1122 5423 1308 5481 calculorum
1324 5423 1478 5480 resultatis
1491 5418 1568 5500 (sive
1584 5417 1768 5499 regIstrum).
1784 5433 1871 5491 3v0·

1612 5538 1642 5587 13
