4178 6196
882 425 1160 488 -CXV-

150 654 238 717 Pius
258 655 422 740 Zingerle
439 652 774 735 Marienbergensis,
800 651 860 734 qui
880 661 953 714 tam
971 651 1147 715 subtiliter
1162 661 1327 713 versatus
1350 659 1405 713 est
1428 649 1464 756 in
1486 648 1614 711 litteris
1637 646 1885 718 orientalibus;

153 794 332 857 Antonius
354 793 581 876 Rey-berger,
606 791 734 854 Abbas
750 789 977 872 Mellicensis,
1001 789 1101 852 cuius
1123 789 1224 870 liber,
1248 788 1309 871 qui
1333 800 1388 852 est
1411 790 1457 851 de
1481 787 1642 851 doctrina
1664 785 1797 867 morali,
1822 805 1887 866 per

151 935 282 997 multos
305 951 418 996 annos
440 931 476 993 in
499 932 630 994 scholis
653 929 864 1013 theologicis
887 930 1091 1012 legebatur,
1115 929 1262 1011 eiusque
1286 927 1419 990 sodalis
1443 926 1638 1009 Gregorius
1660 926 1801 1008 Meyer,
1826 923 1887 1006 qui

151 1076 197 1136 de
221 1071 474 1155 explanatione
496 1070 579 1133 novi
602 1068 808 1133 testamenti
830 1071 922 1132 bene
945 1069 1090 1131 meritus
1114 1078 1185 1140 est;
1210 1069 1423 1170 Altmannus
1447 1067 1605 1150 Arigler,
1629 1068 1756 1129 Abbas
1779 1064 1883 1129 Gott-

139 1168 315 1293 'vicensis
340 1211 400 1292 qui
423 1219 571 1293 propter
593 1208 728 1290 scripta
751 1207 954 1291 theologica
976 1207 1012 1269 in
1034 1207 1218 1271 academia
1241 1205 1510 1270 Vindobonensi
1534 1207 1739 1268 doctoratus
1761 1206 1884 1268 laurea

151 1350 342 1433 insignitus
364 1361 437 1421 est;
472 1348 712 1430 Hieronymus
737 1349 781 1410 de
805 1348 971 1431 Besange
995 1346 1282 1429 Cremifanensis,
1313 1346 1413 1410 cuius
1445 1345 1684 1428 „Introductio
1716 1345 1753 1407 in
1781 1355 1885 1408 vetus

150 1499 403 1553 testamentum
438 1488 560 1551 critico
573 1485 863 1550 -hermeneutico
876 1485 1089 1549 -historica“
1125 1486 1265 1567 aliaque
1299 1485 1419 1568 magni
1453 1485 1702 1566 aestimantur,
1738 1485 1884 1566 eiusque

151 1628 293 1691 sodales
317 1627 571 1690 Constantinus
602 1636 638 1689 et
669 1624 843 1688 Silvester
871 1624 1097 1706 Langhaider
1127 1624 1274 1705 fratres,
1309 1644 1456 1706 quorum
1491 1626 1667 1706 posterior
1701 1625 1885 1688 canonista

151 1768 267 1831 clarus
289 1766 373 1848 fuit,
398 1766 578 1829 Antonius
599 1765 788 1829 Viehbtck
810 1785 926 1828 rerum
950 1764 1173 1827 orientalium
1197 1764 1343 1846 peritus,
1374 1762 1536 1846 Ignatius
1560 1762 1710 1845 Schiich,
1742 1776 1885 1828 nostrae

150 1906 280 1970 aetatis
303 1906 367 1987 vir,
393 1905 493 1969 cuius
516 1904 606 1968 liber
630 1906 674 1967 de
697 1904 878 1987 theologia
894 1904 1065 1986 pastorali
1089 1904 1252 1968 omnibus
1267 1904 1370 1966 huius
1386 1903 1529 1985 generis
1545 1903 1687 1985 scriptis
1704 1914 1882 1985 praestat;

152 2044 370 2107 Benedictus
395 2042 631 2125 Oberhauser‚
655 2042 919 2124 LambacensiS,
944 2042 1003 2124 qui
1024 2043 1166 2124 scriptis
1188 2045 1232 2105 de
1252 2043 1327 2106 iure
1347 2042 1518 2113 canonico
1539 2044 1705 2135 ῥςῃμεῑ
1724 1985 1946 2142 mentuali)

150 2184 318 2246 Placidus
335 2182 485 2245 Boekhn
509 2203 530 2244 a
552 2202 578 2246 s.
595 2182 704 2254 Petro
721 2180 930 2264 Salisburgi,
955 2181 1139 2244 canonista
1163 2181 1422 2244 eruditissimus
1446 2193 1482 2245 et
1506 2183 1694 2245 multorum
1716 2183 1884 2245 librorum

150 2321 311 2403 scriptor,
344 2320 646 2403 Rautenstrauch,
677 2322 804 2383 Abbas
831 2319 1109 2383 Braunaviensis
1140 2319 1287 2418 eiusque
1327 2319 1459 2382 sodalis
1495 2320 1733 2403 Hieronymus
1765 2322 1882 2403 Frida,

150 2459 332 2540 professor
366 2459 453 2522 artis
487 2460 773 2523 hermeneuticae
807 2459 970 2541 insignis;
1011 2458 1194 2522 Conradus
1230 2459 1378 2523 Othmar
1412 2460 1702 2542 Raigradiensis,
1744 2461 1804 2543 qui
1840 2462 1884 2524 de

150 2599 311 2661 doctrina
345 2599 559 2663 scholastica
592 2601 721 2662 multos
752 2599 864 2662 edidit
896 2599 1022 2671 libros;
1058 2599 1281 2680 professores
1311 2598 1346 2662 in
1370 2598 1493 2661 Monte
1520 2599 1727 2662 Pannoniae
1751 2600 1884 2663 Tobias

148 2739 276 2802 hlollik
300 2739 335 2800 in
359 2738 541 2821 theologia
565 2738 769 2821 dogmatica
792 2737 1051 2801 eruditissimus
1075 2749 1111 2802 et
1134 2737 1325 2820 pastoralis
1349 2736 1529 2819 magister,
1554 2737 1720 2801 Valerius
1743 2738 1883 2821 Ballay,

149 2877 209 2959 qui
233 2879 278 2939 de
302 2877 483 2960 theologia
507 2876 699 2940 universali
721 2877 851 2939 multos
874 2876 983 2939 libros
1007 2876 1229 2958 conscripsit,
1252 2875 1405 2939 Michael
1428 2875 1584 2959 Rimely,
1609 2889 1737 2957 postea
1765 2897 1884 2940 mona-

148 3017 247 3080 sterii
270 3019 384 3079 abbas
407 3017 584 3098 princeps,
607 3016 760 3078 Ioannes
779 3014 990 3095 Ruzsicska,
1014 3024 1164 3096 uterque
1187 2979 1372 3077 canonista
1395 3013 1663 3077 eruditissimus.
1702 3015 1883 3077 Armenici

149 3175 291 3238 quoque
322 3155 455 3218 ordinis
483 3156 624 3218 sodales
654 3175 784 3237 magna
815 3175 894 3218 curn
927 3153 1110 3236 diligentia
1140 3154 1357 3236 theologiam
1388 3156 1601 3216 tractabant.
1647 3154 1884 3216 Numerantur

148 3296 241 3358 enim
265 3295 365 3358 multi
389 3295 592 3376 scriptores
616 3314 765 3376 quorum
789 3293 912 3376 optimi
936 3305 1018 3357 sunt
1042 3293 1193 3376 Balgian
1217 3293 1435 3375 Alexander,
1459 3292 1590 3356 Azaria
1614 3294 1807 3357 Aristaces.

279 3433 423 3497 Litteris
453 3452 594 3515 quoque
628 3432 795 3496 asceticis
825 3443 862 3495 et
892 3433 1002 3495 sacris
1033 3432 1256 3495 contionibus
1285 3431 1347 3493 filii
1378 3453 1404 3495 s.
1434 3432 1623 3496 Benedicti
1653 3432 1882 3495 laudabiliter

149 3573 314 3654 occupati
337 3584 448 3635 erant.
488 3570 621 3653 Optimi
647 3571 839 3654 scriptores
863 3574 909 3633 ab
933 3591 1024 3634 anno
1053 3591 1133 3650 1750
1156 3571 1397 3634 nominantur:
1422 3571 1664 3654 Wolfgangus
1680 3573 1882 3654 Holzmayr,

149 3710 292 3775 ultimus
315 3712 442 3773 Abbas
466 3709 724 3792 Gluniacensis,
749 3710 964 3773 clarissimus
988 3721 1117 3790 orator,
1142 3709 1201 3792 qui
1217 3709 1434 3772 Massilionis
1458 3721 1494 3773 et
1511 3710 1690 3773 Bossuetii
1714 3712 1882 3793 operibus

148 3852 301 3913 animum
326 3849 628 3922 conformaverat;
655 3850 872 3931 Rudolphus
896 3847 1029 3911 Graser
1053 3848 1342 3928 Cremisanensis,
1372 3849 1471 3912 cuius
1496 3869 1676 3913 sermones
1699 3871 1815 3933 nuper
1838 3854 1883 3914 de
1907 3863 2065 3965 ΛΟΜ

149 3990 288 4072 integro
317 3988 403 4051 editi
427 4000 525 4058 sunt:
572 3988 709 4071 Breyer
731 3988 839 4070 Hugo
870 3986 1143 4069 Sanpaulensis;
1173 3987 1353 4050 Adrianus
1385 3987 1527 4052 Gritsch
1556 3988 1755 4063 Scotensis;
1788 3991 1883 4054 Lier·
1945 3961 2083 4046 odada

148 4129 283 4190 haimer
303 4128 506 4190 Bernardus
529 4127 654 4209 Maria,
679 4148 724 4190 ex
747 4127 961 4190 monasterio
984 4126 1220 4209 Muro-Gries,
1245 4128 1306 4209 qui
1328 4127 1438 4190 libros
1454 4128 1628 4191 asceticos
1645 4141 1681 4192 et
1698 4130 1881 4193 contiones

149 4288 268 4330 sacras
285 4268 414 4340 edidit;
439 4267 664 4349 Augustinus
683 4266 834 4331 Scherer
851 4287 870 4329 e
886 4266 915 4328 F
917 4267 1022 4346 iecht,
1044 4267 1144 4330 cuius
1160 4287 1270 4348 opera
1286 4265 1403 4329 sontes
1419 4281 1501 4331 sunt
1518 4268 1684 4331 uberrimi
1701 4287 1881 4330 sacrorum

150 4425 359 4469 sermonum.

165 4577 168 4581 >
278 4544 447 4649 Similiter
469 4547 514 4608 ad
539 4545 657 4608 studia
681 4546 901 4608 catechetica
924 4556 960 4608 et
983 4545 1232 4627 paedagogica
1255 4555 1396 4626 tempus
1426 4557 1462 4608 et
1491 4545 1712 4628 diligentiam
1736 4548 1881 4610 adhibe-

148 4686 244 4747 bant.
291 4685 525 4748 Excellebant
555 4683 767 4748 Franciscus
799 4684 972 4765 Schroek,
996 4685 1207 4748 Valerianus
1230 4686 1403 4766 Ramozy,
1437 4687 1482 4748 de
1510 4686 1633 4749 Monte
1656 4685 1881 4755 Pannoniae:

151 4824 302 4887 Basilius
333 4823 495 4907 Wagner
524 4823 758 4897 Mellicensis;
790 4824 920 4887 Azaria
948 4824 1132 4888 Aristaces
1167 4824 1454 4897 Mechitharista;
1488 4826 1561 4888 Leo
1593 4826 1813 4890 Peternader
1846 4841 1881 4891 et

151 4963 399 5045 Sigismundus
422 4964 451 5026 F
454 4964 640 5043 elloecker,
664 4963 957 5026 Cremisanenses.

278 5101 540 5197 Philosophiae,
565 5122 643 5165 curn
660 5101 730 5164 iam
746 5101 961 5164 Bertholdus
976 5102 1083 5184 Vogl,
1108 5101 1168 5184 qui
1184 5113 1311 5184 postea
1329 5102 1453 5164 Abbas
1470 5102 1745 5168 Cremifanensis
1763 5108 1880 5171 factus

148 5251 220 5319 est,
256 5241 437 5304 auditores
472 5261 542 5304 non
574 5242 686 5303 solum
724 5241 920 5304 rationibus
950 5240 1427 5322 peripatetico-thomisticis
1467 5245 1530 5306 sed
1566 5245 1673 5307 etiam
1711 5246 1880 5309 doctrinis

147 5380 332 5443 leibnitzii
357 5391 393 5443 et
416 5379 537 5443 Wolfii
562 5381 757 5461 imbuisset,
790 5400 919 5462 magna
950 5379 1178 5444 commutatio
1203 5402 1223 5443 a
1246 5381 1392 5463 Kantio,
1426 5380 1644 5466 Schellingio
1675 5385 1754 5449 aliis
1785 5385 1880 5448 faeta

1639 5489 1672 5554 p*
