4178 6196
909 453 1189 523 -2„„

172 637 315 700 insolita
328 635 541 716 exceptione
553 637 718 718 admissa,
733 636 1005 717 sumptibusque

173 759 219 821 ad
247 778 326 821 eam
352 779 428 822 rem
451 758 705 839 perficiendam
729 758 1004 842 generosissime

173 882 363 962 concessis,
379 900 502 945 mense
514 882 603 944 Iulio
620 885 702 944 1860
717 884 833 945 adhuc
849 882 1005 944 novitius

173 1025 339 1068 unacum
356 1004 503 1086 collegis
524 1004 597 1066 suis
619 1024 770 1067 examen
791 1004 1004 1068 maturitatis

172 1128 343 1209 scriptum
365 1127 482 1207 subiit,
503 1125 603 1189 finito
623 1146 709 1189 vero
730 1125 905 1190 novitiatu
921 1127 1005 1188 viva

172 1269 261 1313 voce
282 1268 397 1331 aeque
414 1248 591 1311 eminente
609 1269 688 1311 cum
705 1267 873 1311 successu
889 1248 1006 1310 absol·

171 1371 233 1435 vit.
243 1371 303 1433 Ab
313 1390 405 1433 anno
417 1374 492 1432 1861
506 1372 552 1432 ad
564 1375 641 1432 1863
650 1370 792 1432 Β111666
802 1351 1005 1452 theologiae

173 1492 300 1556 studiis
317 1492 459 1574 publice
476 1512 622 1574 operam
634 1492 733 1555 dedit
749 1501 785 1554 et
802 1495 883 1570 1864
900 1511 1004 1573 quar-

172 1627 247 1679 tum
257 1615 365 1678 studii
377 1615 570 1697 theologici
579 1634 720 1677 cursum
729 1613 932 1696 theologiae
943 1633 1005 1694 pa·

172 1737 313 1800 storalis
330 1736 471 1818 privato
485 1737 602 1799 studio
615 1735 779 1798 absolvit.
797 1735 865 1798 Die
878 1739 906 1797 5.
917 1736 1004 1816 Apr.

177 1862 257 1943 1864
282 1858 318 1920 16
341 1878 446 1940 quem
476 1858 568 1921 diem
593 1859 718 1920 eodem
743 1876 835 1919 anno
859 1867 1006 1938 propter

174 1981 250 2043 dies
263 1980 375 2043 festos
388 1980 570 2062 paschatis
583 1979 714 2042 festum
727 1999 754 2042 3.
763 1979 803 2043 P.
817 1977 1006 2041 Benedicti

173 2104 384 2166 translatum
417 2112 507 2183 erat,
540 2113 624 2164 vota
661 2101 843 2164 sollemnia
879 2101 1005 2163 emisit.

172 2226 315 2307 Postea,
331 2227 480 2287 obtenta
496 2234 645 2306 propter
663 2233 828 2305 aetatem,
848 2244 927 2286 cum
945 2223 1007 2284 vix

174 2369 211 2409 22
235 2367 405 2411 annorum
426 2356 538 2429 esset,
563 2347 792 2409 concessione
812 2344 1006 2427 pontificali

173 2470 302 2547 Roma,
324 2469 382 2531 die
405 2447 526 2546 4.Ἰ116.
544 2469 685 2531 Β111666
703 2468 737 2529 16
754 2469 844 2529 aede
861 2487 963 2529 sacra
979 2486 1006 2528 3.

172 2591 359 2654 Michaelis
380 2593 426 2653 ab
448 2590 619 2672 episcopo
641 2590 768 2653 comite
793 2590 837 2651 de
859 2587 1006 2653 Schaaf-

172 2715 322 2795 gotsche
344 2714 513 2775 sacerdos
535 2723 764 2775 consecratus
788 2721 851 2792 est,
876 2721 912 2773 et
937 2710 1007 2792 611-

173 2835 281 2898 1611113
302 2835 395 2898 festo
416 2854 462 2897 ss.
480 2835 722 2915 apostolorum
737 2834 836 2896 Petri
852 2843 889 2896 et
904 2833 1008 2896 Pauli

173 2980 224 3038 29.
241 2959 316 3021 Iun.
340 2957 374 3019 in
393 2959 483 3019 aede
505 2977 531 3019 s.
549 2957 753 3020 monasterii
769 2945 1006 3039 Raigradien·

171 3081 220 3142 sis
242 3099 372 3161 magno
392 3079 517 3161 populi
541 3089 721 3143 conventu
743 3079 1007 3161 praesentibus·

172 3221 242 3284 que
269 3202 478 3284 parentibus
507 3202 782 3285 consanguineis
816 3202 1006 3284 multisque

171 3324 334 3406 cognatis
363 3323 567 3386 celebravit.
597 3323 753 3404 Tempus
783 3323 865 3385 inde
892 3343 1005 3405 usque

171 3445 218 3507 ad
235 3446 391 3508 delatum
403 3466 524 3508 mense
538 3443 637 3526 Sept.
656 3450 736 3524 1864
754 3445 1004 3508 iurisdictionis

172 3569 354 3630 decretum
391 3568 544 3630 maxime
575 3567 611 3630 in
643 3567 813 3631 comitatu
844 3567 1004 3648 episcopi

172 3690 385 3771 Brunensis,
419 3690 625 3752 dioeceseos
656 3699 795 3772 partem
826 3689 1003 3752 visitantis

135 3891 137 3895 .
170 3812 357 3895 transegit,
379 3823 529 3893 accepto
551 3811 654 3874 simul
674 3814 852 3892 mandat0,
877 3821 916 3874 ut
939 3832 1003 3893 pro

171 3934 401 3996 concionibus
424 3934 582 3996 dicendis
604 3934 710 3997 611616
731 3935 766 3996 16
789 3934 921 3996 slavica
940 3935 1003 3997 lin-

170 4075 243 4138 gua
259 4065 496 4137 exerceretur,
518 4036 632 4137 cuius,
650 4076 720 4137 qua
736 4064 840 4118 natus
858 4054 1004 4118 Germa-

170 4197 248 4258 6113,
269 4178 440 4240 minorem
460 4178 585 4239 habuit
607 4177 855 4260 cognitionem.
879 4179 1004 4241 Mense

173 4300 322 4364 Octobri
339 4304 419 4379 1864
432 4300 732 4381 bibliothecarius,
750 4302 888 4363 duobus
905 4302 1005 4364 annis

172 4431 257 4505 post
273 4423 380 4485 etiam
397 4423 614 4485 archivarius
631 4433 667 4485 et
688 4428 769 4502 1870
785 4423 931 4505 insuper
947 4444 1005 4486 cu-

170 4555 248 4606 stos
260 4544 373 4606 musei
385 4544 623 4627 physiologici
635 4545 844 4627 designatus
853 4555 918 4609 est.
927 4545 1005 4607 Mu·

171 4686 258 4729 nere
278 4666 537 4728 bibliothecarii
560 4666 630 4728 iam
654 4671 690 4728 15
710 4686 821 4729 66663
841 4666 1004 4749 fungens,

171 4809 387 4870 quamquam
409 4808 474 4869 per
490 4808 610 4851 6611161
627 4790 824 4869 decursum,
845 4808 1005 4870 praeser-

170 4910 236 4972 tim
257 4930 321 4992 per
342 4909 479 4991 priores
501 4916 675 4990 1366663,
701 4912 769 4973 huc
793 4920 901 4992 616116
925 4911 1005 4973 111116

172 5035 219 5096 611
237 5033 412 5115 parochos
434 5032 469 5094 in
491 5032 601 5094 366113
618 5030 744 5096 officiis
765 5034 1005 5096 sublevandos

171 5169 246 5219 tam
262 5154 469 5236 frequenter
484 5154 700 5235 mittebatur,
721 5164 760 5216 ut
776 5155 811 5217 in
829 5156 1005 5217 decanatu

171 5277 412 5340 Moedricensi
436 5285 472 5339 et
496 5275 741 5339 Seelovicensi
761 5296 816 5340 ex.
834 5297 886 5359 gr.
911 5276 1005 5338 haud

171 5401 280 5461 ullam
296 5399 457 5462 invenias
473 5400 689 5480 parochiam,
713 5398 748 5460 in
767 5418 836 5480 qua
852 5419 920 5461 non
943 5398 1005 5461 611-

1086 645 1219 719 6116616
1243 646 1403 718 16166616
1420 636 1617 699 subsidium
1634 636 1670 700 in
1686 640 1792 700 rebus
1810 637 1919 699 sacris

1084 757 1301 841 peragendis
1310 758 1540 840 praestiterit,
1550 758 1713 822 tamenin
1723 757 1918 820 domestico

1085 900 1229 943 munere
1245 899 1309 942 suo
1323 879 1407 941 nihil
1419 880 1615 962 neglegens
1632 889 1704 942 tam
1717 888 1918 961 opportune

1084 1013 1245 1084 tempore
1261 1021 1346 1064 usus
1363 1011 1426 1083 est,
1450 1011 1489 1064 ut
1504 1021 1575 1066 non
1592 1004 1705 1064 solum
1722 1000 1918 1064 diversissi-

1085 1144 1161 1187 mos
1185 1124 1370 1206 catalogos
1397 1125 1443 1186 ad
1468 1131 1629 1205 optatum
1655 1123 1761 1186 finem
1789 1124 1917 1205 perdu-

1086 1256 1193 1327 ceret,
1210 1247 1273 1308 sed
1291 1245 1398 1308 etiam
1415 1244 1667 1308 bibliothecam
1691 1265 1734 1307 eo
1758 1254 1918 1326 tempore

1086 1371 1178 1431 ultra
1202 1370 1347 1449 duplum
1370 1378 1510 1431 auctam
1527 1368 1665 1430 videret
1687 1368 1917 1450 usqueadeo,

1087 1503 1126 1554 ut
1143 1492 1241 1554 initio
1259 1491 1342 1554 anni
1360 1496 1438 1570 1879
1452 1491 1660 1571 complexus
1676 1510 1794 1553 rerum
1810 1499 1917 1570 atque

1086 1634 1234 1695 operum
1251 1615 1296 1674 ad
1312 1613 1565 1675 bibliothecam
1582 1612 1835 1693 pertinentium
1855 1631 1917 1673 nu·

1085 1756 1219 1798 merum
1245 1739 1350 1814 53718
1376 1735 1570 1797 exhiberet.
1603 1734 1714 1796 Porro
1739 1753 1823 1812 6666
1846 1754 1917 1795 am-

1086 1859 1178 1940 plius
1199 1859 1368 1920 librorum
1385 1857 1673 1939 consignationes
1694 1856 1849 1919 maxima
1871 1876 1917 1918 ex

1086 1991 1188 2062 parte
1201 1983 1247 2043 ab
1261 1972 1310 2043 eo*
1317 1979 1448 2055 factae;
1463 1981 1649 2061 catalogus
1661 1979 1918 2061 manuscripto-

1086 2125 1172 2184 rum,
1190 2103 1363 2166 exhibens
1377 2122 1559 2165 numerum
1573 2106 1645 2184 820,
1663 2103 1850 2185 catalogus
1866 2101 1917 2163 in·

1087 2226 1342 2288 cunabulorum
1366 2245 1445 2287 cum
1469 2246 1532 2303 900
1552 2224 1666 2305 tomis,
1692 2225 1738 2287 ad
1759 2243 1917 2286 normam

1088 2347 1300 2429 optimorum
1317 2348 1562 2427 exemplorum
1580 2357 1615 2408 et
1632 2346 1825 2408 secundum
1839 2365 1917 2408 sen·

1088 2468 1236 2530 tentiam
1261 2478 1368 2549 atque
1394 2467 1568 2549 peritiam,
1598 2488 1643 2530 ex
1667 2468 1917 2530 observatione

1086 2591 1380 2653 bibliothecarum
1398 2588 1621 2671 Germaniae,
1635 2589 1915 2673 Francogalliae,

1086 2713 1213 2775 Italiae
1229 2721 1336 2794 616116
1352 2712 1542 2774 Helvetiae
1555 2712 1797 2774 recentissime
1813 2712 1914 2774 111116-

1086 2835 1185 2896 ribus
1205 2833 1430 2915 adquisitam,
1453 2834 1683 2896 adumbratus
1706 2843 1813 2914 atque
1837 2852 1916 2913 per-

1086 2957 1202 3018 fectus
1231 2965 1304 3030 est;
1332 2957 1400 3017 huc
1428 2955 1568 3018 accedit
1595 2955 1701 3017 etiam
1729 2955 1915 3035 catalogus

1087 3089 1291 3141 cunctorum
1313 3082 1416 3153 16866
1430 3077 1599 3139 librorum
1611 3095 1674 3137 seu
1691 3095 1837 3157 operum
1854 3075 1915 3137 mi·

1086 3220 1225 3281 norum,
1258 3200 1333 3262 sive
1362 3200 1458 3261 duris
1486 3199 1661 3280 operculis
1689 3209 1916 3260 consutorum

1088 3322 1333 3402 (Broschiiren)
1375 3321 1459 3384 item
1494 3322 1679 3402 catalogus
1716 3320 1916 3383 tabularum

1086 3445 1421 3528 geographicarum,
1446 3463 1628 3506 numerum
1654 3446 1716 3504 880
1740 3441 1916 3521 complec-

1085 3576 1175 3631 tens.
1199 3566 1348 3628 Praeter
1363 3566 1453 3628 11666
1470 3565 1614 3648 negotia
1630 3564 1777 3627 Maurus
1793 3563 1916 3626 etiam-

1085 3700 1159 3752 tum
1176 3697 1380 3775 nactuslest
1401 3698 1538 3750 tantum
1555 3687 1736 3768 temporis,
1760 3695 1799 3748 ut
1823 3704 1915 3748 anno

1089 3815 1169 3890 1874
1179 3830 1330 3873 examen
1343 3812 1549 3874 concursale
1562 3830 1626 3892 pro
1636 3809 1804 3892 parochia
1813 3828 1915 3889 prae·

1084 3932 1255 4013 scriptum
1275 3932 1394 3995 subire
1412 3942 1447 3996 et
1463 3933 1643 4016 pergratis
1660 3932 1728 3994 sibi
1744 3931 1914 3994 historiae

1086 4063 1121 4116 et
1137 4054 1353 4136 philologiae
1370 4055 1496 4117 studiis
1512 4055 1708 4136 indulgere,
1729 4054 1764 4115 in
1785 4051 1915 4134 linguis

1084 4176 1269 4257 Romanis,
1286 4176 1407 4238 iamin
1423 4174 1610 4258 gymnasio
1627 4174 1764 4236 addisci
1778 4172 1915 4253 coeptis

1086 4298 1245 4360 exerceri
1262 4308 1386 4380 posset
1402 4307 1509 4378 atque
1523 4295 1618 4358 omni
1632 4296 1752 4358 debita
1765 4294 1914 4377 diligen-

1085 4420 1135 4482 tia
1152 4420 1259 4482 etiam
1275 4439 1331 4482 res
1348 4419 1395 4481 ad
1411 4418 1593 4480 archivum
1609 4426 1815 4497 spectantes
1836 4434 1916 4495 per·

1085 4552 1271 4624 tractaret,
1303 4542 1398 4623 quod
1431 4540 1488 4602 ille
1515 4539 1658 4621 penitus
1685 4536 1916 4620 perlustravit

1086 4666 1230 4746 suisque
1243 4663 1424 4726 laboribus
1433 4663 1740 4725 adcommodatum
1750 4660 1913 4722 reddidit.

1085 4786 1232 4849 Maurus
1241 4786 1373 4848 Kinter
1385 4786 1467 4848 inde
1481 4787 1526 4847 ab
1540 4805 1632 4847 anno
1647 4788 1725 4846 1865
1740 4793 1796 4846 631
1808 4783 1915 4846 611616

1085 4909 1268 4972 3661616113
1281 4908 1579 4991 stenographicae
1592 4907 1797 4987 BrunensiS,
1809 4927 1915 4988 porro

1086 5031 1253 5094 sectionis
1282 5030 1680 5093 historico-statisticae
1708 5028 1914 5111 Brunensis,

1086 5153 1268 5216 societatis
1287 5152 1564 5236 ᾖ(1666316666α
1583 5154 1628 5214 ad
1645 5152 1915 5234 propagandam

1086 5276 1270 5340 scientiam
1287 5277 1498 5340 catholicam
1520 5287 1555 5338 et
1576 5275 1758 5338 societatis
1774 5275 1915 5337 oenolo·

1085 5400 1188 5482 gicae
1205 5411 1241 5463 et
1257 5400 1504 5483 pomologicae
1520 5401 1724 5462 membrum.

1657 5505 1708 5565 30*
