4178 6196
892 497 935 505 —
979 461 1118 524 XXXI
1162 498 1205 507 -

175 690 236 751 sed
260 688 460 751 coelibatus
484 697 521 750 et
543 687 762 770 parsimonia
785 707 873 768 prae
896 697 933 749 et
957 707 1036 749 cum
1060 687 1188 750 ceteris
1211 687 1382 750 virtutum
1413 687 1575 771 insigniis
1606 691 1764 755 ordinem
1794 714 1914 757 eorum

174 830 263 890 adeo
287 827 507 891 sollemniter
531 829 699 890 decorare
724 827 896 907 cernitur,
928 827 1022 907 quod
1046 846 1111 888 nos
1135 827 1181 888 ad
1205 826 1364 889 eiusdem
1388 827 1521 890 ordinis
1627 832 1914 910 prosecutionem

172 965 408 1028 favorabilem
431 976 550 1028 mente
573 964 712 1027 fervida
735 963 973 1029 anhelamus“

304 1104 439 1166 Verum
462 1113 581 1167 tamen
603 1105 692 1166 haec
716 1113 916 1186 temporum
939 1103 1091 1166 felicitas
1119 1124 1189 1166 non
1217 1104 1382 1167 diuturna
1410 1115 1496 1169 erat.
1536 1105 1624 1168 Cum
1655 1107 1748 1170 enim
1779 1110 1915 1190 proelia

172 1243 208 1304 in
231 1241 362 1305 finibus
385 1242 487 1325 regni
510 1243 623 1324 ipsius
643 1253 816 1305 renovata
833 1251 964 1324 essent,
983 1252 1020 1305 et
1036 1242 1184 1306 Osmani
1199 1243 1366 1306 infestum
1384 1245 1580 1307 exercitum
1597 1247 1711 1329 magis
1727 1249 1915 1330 magisque

170 1382 220 1442 ad
243 1379 758 1463 occidentem'j'promoverent,
792 1401 943 1462 cumque
975 1381 1096 1444 multis
1119 1381 1344 1444 monasteriis
1374 1402 1445 1445 non
1477 1385 1628 1447 abbates
1659 1404 1760 1449 sacra
1791 1390 1916 1470 regula

171 1519 388 1602 praescripti
413 1521 478 1581 sed
501 1520 806 1583 administratores
832 1528 869 1581 et
891 1522 1151 1602 gubernatores
1174 1530 1400 1602 praeessent,
1425 1541 1573 1602 quorum
1597 1543 1728 1606 magna
1750 1545 1835 1606 pars
1858 1527 1916 1588 vel

171 1657 256 1720 laici
278 1669 391 1739 erant,
414 1657 491 1721 fieri
514 1678 583 1721 non
607 1657 733 1740 potuit,
759 1658 844 1739 quin
860 1657 1050 1740 disciplina
1073 1668 1109 1721 et
1133 1659 1219 1720 ordo
1244 1658 1322 1740 ipse
1343 1679 1488 1742 pessum
1506 1662 1666 1737 daretur;
1692 1663 1791 1726 velut
1814 1683 1916 1726 mons

173 1796 393 1877 Pannoniae,
416 1797 530 1878 prima
552 1797 713 1879 abbatia,
746 1807 785 1859 ut
816 1816 863 1858 ex
893 1797 990 1859 bulla
1013 1797 1142 1859 Leonis
1165 1797 1214 1860 X.
1242 1798 1326 1860 anni
1353 1802 1433 1876 1514
1463 1801 1630 1883 adparet,
1662 1803 1742 1884 plus
1773 1812 1916 1884 septua-

173 1937 276 2018 ginta
305 1955 418 1998 annos
449 1937 620 1998 abbatum
649 1936 888 2019 legitimorum
919 1935 1073 2019 indiguit
1104 1946 1141 1999 et
1170 1957 1236 2018 per
1266 1957 1330 1999 sex
1362 1957 1475 2001 annos
1506 1939 1746 2021 (1477—1483)
1777 1941 1916 2021 laicum,

174 2074 411 2137 Benedictum
436 2094 455 2136 e
478 2073 612 2136 familia
635 2075 755 2157 Pyher
778 2075 1103 2138 administratorem
1125 2076 1259 2138 habuit.
1307 2077 1394 2139 Inde
1418 2076 1552 2159 evenit,
1585 2086 1625 2140 ut
1647 2079 1759 2142 multa
1782 2080 1914 2143 ordinis

170 2212 353 2275 domicilia
376 2212 486 2275 veluti
510 2212 657 2276 abbatia
680 2215 725 2275 de
749 2214 847 2276 Zekk
876 2223 912 2276 et
941 2213 1032 2275 aliae
1062 2223 1125 2277 aut
1151 2214 1469 2297 subprimerentur,
1500 2227 1562 2279 aut
1593 2226 1631 2278 ut
1663 2237 1690 2280 s.
1715 2216 1838 2281 Crucis
1870 2221 1915 2282 de

171 2350 316 2431 Vertes,
339 2353 373 2413 b.
391 2351 525 2413 Mariae
550 2353 594 2414 de
616 2351 724 2415 Szent
740 2353 840 2432 Iobb,
865 2371 892 2413 s.
912 2351 1064 2414 Gerardi
1087 2354 1131 2415 de
1149 2351 1290 2415 Czanad
1315 2353 1393 2416 aliis
1417 2354 1599 2417 ordinibus
1623 2358 1913 2420 concederentur.

171 2490 214 2552 In
237 2490 384 2571 reliquis
407 2510 493 2553 vero
516 2510 684 2552 numerus
707 2490 881 2553 sodalium
905 2492 996 2555 adeo
1020 2491 1225 2555 imminutus
1248 2502 1339 2594 erqt,
1368 2503 1406 2555 ut
1427 2494 1462 2556 in
1486 2506 1605 2556 monte
1630 2495 1851 2575 Pannoniae,
1875 2507 1915 2558 ut

170 2631 240 2690 hoc
264 2627 480 2709 adferamus,
504 2627 638 2691 familia
662 2639 744 2692 ante
762 2630 994 2692 celeberrima
1015 2635 1096 2708 1480
1112 2650 1183 2694 non
1198 2633 1278 2713 plus
1295 2633 1419 2694 decem
1436 2633 1622 2717 religiosos
1638 2636 1787 2697 haberet
1804 2635 1835 2717 ¹).

306 2768 429 2848 Atque
452 2767 559 2830 etiam
584 2767 619 2830 in
641 2769 826 2850 provincia
849 2769 1075 2851 Aquileiensi
1103 2772 1189 2833 ordo
1208 2772 1346 2833 -damna
1375 2770 1520 2835 fecerat.
1559 2772 1816 2836 Monasterium
1839 2774 1915 2836 Ro-

171 2925 275 2967 sazzo
299 2926 322 2967 a
344 2905 499 2968 Martino
524 2906 567 2968 V.
591 2916 760 2987 tanquam
784 2906 915 2970 fundus
938 2907 1162 2988 patriarchae
1187 2908 1410 2989 Aquileiensi
1433 2910 1641 2974 attributum
1665 2921 1735 2991 est,
1765 2911 1913 2994 Moggio

171 3055 210 3106 et
234 3045 389 3127 Beligna
412 3066 521 3129 aegre
544 3046 655 3108 vitam
679 3047 929 3109 toleraverant.
970 3047 1120 3110 Tristior
1143 3057 1220 3111 erat
1244 3049 1406 3111 condicio
1430 3049 1563 3111 ordinis
1586 3050 1621 3112 in
1637 3050 1827 3130 Dalmatia,
1851 3050 1913 3111 ubi

172 3184 305 3265 partim
329 3185 407 3247 aliis
431 3187 614 3249 ordinibus
637 3184 808 3268 imprimis
832 3207 859 3248 s.
884 3185 1062 3248 Dominici
1090 3195 1127 3248 et
1149 3186 1332 3250 Francisci
1364 3189 1535 3270 cedebat,
1566 3189 1695 3270 partim
1718 3190 1913 3251 Turcarum

172 3321 436 3386 incursionibus
460 3324 736 3406 opprimebatur.
776 3325 816 3386 In
840 3323 964 3387 insulis
987 3333 1125 3387 tantum
1140 3324 1342 3388 Dalmatiae
1362 3336 1401 3388 ut
1417 3327 1516 3388 Arbe
1541 3336 1577 3390 et
1593 3328 1688 3390 Trau
1711 3328 1914 3391 monialium

173 3462 351 3524 coenobia
373 3461 544 3543 perniciei
568 3461 819 3543 superfuerunt
834 3464 868 3541 ²).

306 3602 485 3683 Prospera
508 3622 594 3665 vero
617 3602 735 3664 studia
759 3623 780 3663 a
804 3603 949 3664 saeculo
978 3602 1115 3683 decimo
1143 3603 1249 3665 tertio
1280 3604 1316 3666 in
1344 3604 1518 3667 Bohemia
1549 3615 1660 3669 erant.
1707 3606 1762 3666 Ex
1794 3625 1914 3667 mona-

172 3740 283 3802 sterio
308 3739 567 3803 Blevnoviensi
590 3744 636 3802 ab
660 3740 833 3804 Ottocaro
858 3741 901 3803 11.
925 3761 1012 3823 rege
1041 3747 1119 3804 1213
1145 3752 1274 3825 rogatu
1298 3743 1479 3806 Chunonis
1507 3744 1649 3806 abbatis
1678 3744 1816 3806 colonia
1841 3763 1915 3805 ere·

173 3879 339 3941 mitarum
362 3879 549 3942 Politzium
573 3879 728 3942 deducta
751 3888 816 3960 est,
841 3899 933 3960 quae
957 3899 1107 3960 parvum
1130 3882 1383 3945 monasterium
1407 3882 1581 3962 condidit,
1614 3903 1660 3944 ex
1692 3902 1761 3962 quo
1788 3892 1914 3964 postea

173 4018 425 4099 praepositura
460 4021 588 4080 beatae
619 4018 748 4101 virgini
780 4019 945 4082 dedicata
976 4020 1109 4101 prodiit
1122 4022 1157 4101 ³).
1205 4022 1264 4083 Ab
1298 4023 1423 4084 eodem
1458 4022 1672 4084 monasterio
1704 4041 1769 4102 per
1800 4022 1915 4083 Bava-

173 4175 251 4217 rum
275 4158 444 4218 abbatem
467 4157 651 4219 castellum
674 4158 878 4220 Braunavia
907 4158 942 4220 in
966 4158 1251 4241 praeposituram
1280 4170 1532 4223 commutatum
1562 4170 1617 4223 est
1630 4163 1664 4241 4).
1704 4159 1914 4239 Kladrubia,

175 4314 268 4375 quae
303 4295 541 4377 suscipiendis
576 4294 763 4358 Germanis
798 4297 932 4358 colonis
968 4317 1134 4381 magnam
1169 4300 1214 4361 de
1249 4298 1486 4361 Bohemorum
1520 4299 1741 4361 humanitate
1775 4298 1915 4360 laudem

173 4433 241 4494 sibi
273 4435 493 4515 merebatur,
524 4435 721 4518 Presticae,
755 4438 849 4516 quod
880 4437 1067 4517 praedium
1094 4437 1273 4500 Rainerus
1305 4439 1418 4500 abbas
1449 4440 1495 4499 ab
1524 4438 1684 4520 Agnete,
1714 4436 1786 4498 filia
1814 4435 1915 4499 Otto-

173 4573 246 4635 cari
267 4574 295 4636 1.
321 4574 426 4656 regis,
457 4580 536 4653 1245
561 4575 628 4637 sibi
646 4587 926 4657 comparaverat,
951 4576 1195 4660 Frauenbergi
1216 4577 1371 4659 (Plinda)
1399 4580 1479 4638 1306
1503 4579 1570 4638 sub
1587 4574 1750 4638 Conrado
1774 4576 1915 4652 abbate,
1946 4575 1948 4580 ’

312 4845 604 4925 ὴωωὶαί

312 4958 334 5037 ²)
358 4961 490 5034 Czdrnig
514 4960 531 5016 l.
557 4980 582 5015 c.
608 4979 636 5016 ν.
660 4958 854 5035 Eitelberger
880 4962 897 5017 l.
923 4980 948 5017 c.

307 5069 331 5151 3)
356 5073 529 5129 Chronicon
551 5074 788 5130 Bfevnoviense.

310 5181 332 5262 4)
358 5183 384 5239 A
409 5185 580 5242 Bievnovio
605 5187 693 5242 etiam
716 5186 835 5259 Pragae
857 5186 894 5241 ad
919 5205 943 5242 s.
968 5187 1116 5242 Thomam
1140 5205 1194 5262 per
1218 5204 1321 5259 regem
1345 5184 1540 5258 Plemyslium
1565 5184 1744 5240 Ottocarum
1769 5185 1791 5240 Ι.
1816 5202 1917 5240 mona-

173 5302 300 5355 sterium
334 5297 488 5354 conditum
518 5318 585 5355 esse
617 5298 732 5365 dicitur,
765 5298 846 5372 quod
877 5297 933 5354 sub
957 5299 1113 5355 Wenzelio
1142 5300 1178 5355 ll.
1215 5296 1294 5354 1286
1327 5297 1423 5354 ordini
1456 5297 1657 5353 Eremitarum
1682 5296 1916 5372 Augustinorum

172 5431 358 5469 concessum
384 5424 440 5466 est.
472 5411 611 5468 Chronic.
637 5412 791 5467 Blevnov.
