4178 6196
904 340 1185 464 „336⁴-

231 572 398 651 'Rubin
432 587 593 649 Benno
630 586 1004 670 (Raigradiensis),

176 703 351 768 Olomucii
369 725 419 768 20.
433 705 522 769 Nou.
545 711 622 785 1723
640 707 799 770 honestis
815 727 862 769 ex
877 726 1005 788 paren-

174 827 270 890 tibus
286 826 506 910 progenitus
523 827 667 890 indutus
684 838 741 891 est
756 828 790 890 in
804 850 830 891 s.
843 830 1004 892 habitum

175 950 307 1013 ordinis
332 970 397 1031 per
422 950 616 1012 Antonium
643 970 765 1033 praep.
795 963 831 1016 et
857 961 1003 1034 peracto

173 1071 326 1134 tirocinii
351 1092 443 1134 anno
468 1071 503 1133 in
527 1073 685 1135 eiusdem
706 1094 831 1136 manus
856 1096 906 1153 ²9-
924 1074 1002 1138 Oct.

180 1215 255 1274 1741
285 1203 339 1258 est
364 1195 556 1276 professus
589 1194 725 1260 Studiis
749 1197 1003 1279 philosophicis

174 1325 210 1379 et
226 1317 449 1400 theologicis,
466 1317 537 1382 ΡΡ.
556 1319 750 1381 Τ1111111100
767 1330 803 1382 01
819 1320 1003 1383 Richardo

175 1439 426 1520 directoribus,
452 1440 636 1522 absolutiS,
663 1461 755 1503 anno
783 1461 859 1520 1747
887 1462 1002 1504 sacer-

174 1563 271 1624 dotio
285 1562 442 1624 initiatur
451 1574 486 1624 et
495 1562 645 1625 triennio
655 1574 737 1644 post
746 1564 1002 1646 philosophiae,

178 1705 258 1764 1749
280 1684 481 1766 theologiae
503 1685 684 1766 professor
705 1685 800 1747 domi
822 1686 1002 1749 constitui·

174 1817 240 1871 tur.
276 1806 456 1871 Summam
488 1808 555 1870 sibi
588 1809 739 1871 docendi
770 1810 937 1872 methodo
969 1820 1004 1871 et

174 1932 393 1992 alumnorum
417 1950 560 1993 suorum
582 1951 776 2014 progressu
799 1941 924 1994 nactus
948 1951 1004 1994 su·

174 2053 1003 2135 periorisapprobationemabAemilianoprae-

173 2176 291 2258 posito
308 2176 404 2257 prior
415 2175 690 2258 Raigradiensis
707 2187 742 2238 et
758 2181 1003 2257 praesescon-

174 2298 403 2362 ferentiarum
421 2297 581 2379 efficitur,
599 2309 655 2360 ast
671 2299 733 2361 vix
750 2319 879 2361 annum
897 2299 1003 2362 animi

174 2421 228 2482 sui
244 2421 463 2502 praeclaram
481 2422 633 2484 indolem
656 2442 749 2484 mors
774 2421 1003 2485 inexorabilis

174 2544 208 2605 in
222 2543 347 2606 officiis
360 2543 457 2606 hisce
470 2544 587 2606 lucere
600 2545 769 2626 permisit.
793 2545 898 2607 Diem
911 2544 1002 2606 enim
1027 2595 1029 2599 .

173 2687 375 2749 supremum
394 2672 443 2728 20.
462 2667 557 2749 Aug.
579 2672 659 2747 1750
676 2668 773 2731 obiit.

258 2824 442 2887 Praesidio
454 2824 635 2887 Bennonis
644 2825 767 2888 Rubin
778 2825 1003 2887 defendenda

174 2958 409 3029 susceperunt
426 2958 577 3008 asserta:

259 3112 281 3166 1.
306 3110 466 3166 Anselmus
491 3108 624 3166 Geramb
653 3123 682 3164 et
711 3108 878 3165 lldeionsus
902 3109 1004 3166 Christ

173 3214 317 3290 Raigrad.
350 3234 386 3270 011
415 3217 554 3270 universa
583 3214 776 3290 philosophia
804 3214 1002 3281 Thomistica,

172 3340 250 3396 quae
275 3340 340 3376 cum
367 3320 467 3394 effigie
491 3339 514 3375 s.
536 3318 689 3375 Benedicti
716 3319 783 3374 eod.
802 3338 879 3375 anno
901 3321 929 3374 in
951 3319 1001 3376 101.

173 3428 277 3481 maiori
287 3425 444 3499 Augustae
453 3423 569 3480 Vindel.
584 3423 663 3499 apud
681 3425 745 3480 loh.
758 3424 912 3480 Danielem
923 3424 1002 3481 Hera

1085 598 1164 641 tatus
1182 599 1243 642 tres
1261 588 1288 641 in
1306 594 1347 659 4⁰.
1374 587 1449 644 Cod.
1472 607 1542 664 pap.
1568 590 1633 645 sine
1652 609 1723 666 pag.
1748 592 1825 649 Msn.
1848 607 1918 666 190.

1084 688 1168 764 Sign.
1186 690 1259 769 BsK.
1277 693 1298 748 l.
1318 690 1346 747 1).
1365 709 1393 765 9.
1411 691 1483 748 bibl.
1498 694 1600 767 Raigr.

1170 795 1207 851 ll.
1236 796 1442 852 Institutiones
1472 797 1647 854 dialecticae
1675 818 1728 855 seu
1752 801 1917 858 summulae

1083 898 1121 955 ad
1137 914 1231 956 artem
1254 899 1331 957 bene
1352 901 1521 977 disputandi
1546 922 1599 959 scu
1624 905 1794 961 universam
1819 905 1917 981 philo-

1083 1006 1219 1080 sophiam
1243 1006 1442 1062 thomisticam
1463 1007 1590 1064 traditae
1614 1010 1643 1063 in
1664 1011 1791 1084 antiquo
1815 1007 1866 1066 lib.
1888 1024 1917 1066 et

1084 1124 1224 1186 exempto
1245 1130 1323 1167 mon.
1342 1112 1484 1186 Raigrad.
1508 1131 1536 1168 0.
1559 1132 1582 1169 s.
1606 1113 1638 1169 B.
1663 1115 1864 1190 compilatore
1885 1117 1915 1172 P.

1083 1215 1216 1271 eiusdem
1240 1216 1304 1272 ord.
1328 1228 1359 1272 ct
1381 1216 1439 1272 loci
1464 1216 1605 1293 professo
1628 1237 1674 1274 aa.
1698 1218 1727 1274 ll.
1753 1232 1784 1275 et
1808 1220 1915 1295 philos.

1083 1319 1161 1396 proi.
1179 1320 1243 1376 ord.
1260 1339 1339 1376 anno
1361 1335 1450 1395 1749.
1475 1322 1550 1378 Cod.
1568 1342 1638 1400 pap.
1656 1326 1684 1380 in
1701 1330 1744 1396 4⁰.
1763 1325 1829 1382 sine
1846 1345 1915 1401 pag.

1082 1426 1159 1482 Msn.
1178 1440 1250 1498 273.
1268 1423 1352 1500 Sign.
1371 1424 1452 1502 DJK.
1471 1427 1507 1483 ll.
1528 1438 1556 1484 2.
1575 1427 1604 1484 ό.

1168 1555 1333 1628 Riicker
1367 1566 1577 1630 Antonius
1618 1567 1916 1651 (Raigradiem

1059 1664 1062 1672 ⁴
1083 1684 1168 1764 sis),
1186 1683 1278 1746 filius
1292 1684 1494 1767 Christophi
1507 1663 1622 1748 coloni
1639 1697 1675 1748 et
1688 1686 1826 1748 Mariae
1839 1685 1915 1748 eius

1083 1807 1219 1888 uxoriS,
1240 1819 1346 1870 natae
1363 1808 1527 1891 Ludwig,
1552 1829 1571 1871 e
1594 1828 1692 1891 pago
1708 1806 1914 1871 Schiinwal-

1084 1930 1185 1991 densi
1201 1930 1236 1991 in
1253 1930 1426 2006 Bohemia
1443 1936 1493 1992 30.
1507 1931 1606 2013 Sept.
1624 1950 1704 2010 1794
1722 1931 1758 1992 111
1775 1951 1802 1995 5.
1816 1930 1915 1993 fonte

1083 2051 1298 2132 paroehialis
1321 2052 1494 2114 eeclesiae
1517 2053 1805 2115 Barnwaldensis
1820 2054 1915 2116 Iose-

1083 2176 1175 2255 phus
1191 2184 1348 2237 vocatur.
1372 2175 1436 2236 Pie
1453 2175 1548 2238 domi
1570 2176 1743 2239 educatus
1764 2186 1802 2239 et
1821 2176 1915 2258 prin·

1084 2296 1185 2377 cipiis
1207 2297 1434 2360 scientiarum
1455 2298 1490 2360 in
1512 2300 1632 2361 schola
1649 2298 1915 2361 Barnwaldensi
1992 2276 1998 2289 ’

1083 2421 1248 2502 imbutuS,
1273 2441 1366 2483 anno
1393 2426 1469 2483 1811
1495 2422 1632 2484 iuvenis
1654 2423 1754 2485 venit
1771 2421 1914 2486 Olomu-

1083 2542 1174 2606 cium
1188 2544 1233 2606 ad
1246 2544 1453 2606 humaniora
1467 2544 1668 2607 ediscenda.
1690 2545 1841 2606 Duobus
1855 2564 1914 2607 an·

1082 2667 1137 2728 nis
1154 2666 1285 2728 ibidem
1303 2666 1469 2729 eminenti
1488 2687 1567 2728 cum
1579 2686 1773 2749 progressu
1790 2686 1914 2748 perac-

1081 2788 1128 2850 tis
1149 2792 1227 2850 1813
1246 2789 1403 2850 ordinem
1421 2790 1618 2851 scholarum
1636 2788 1774 2870 piarum
1792 2800 1847 2853 est
1863 2791 1912 2851 in-

1081 2932 1226 2994 gressus
1238 2923 1273 2975 et
1286 2932 1413 2974 nomen
1424 2910 1610 2995 Glycerius
1620 2912 1770 2993 accepit.
1785 2913 1913 2975 Perac-

1082 3042 1118 3096 to
1134 3034 1309 3097 novitiatu
1322 3034 1472 3116 Lipnicii
1484 3035 1604 3116 ibique
1621 3055 1716 3096 more
1733 3035 1769 3096 in
1790 3033 1912 3096 ordine

1082 3167 1253 3218 consueto
1267 3156 1487 3218 catechetica
1500 3168 1536 3218 et
1548 3156 1777 3238 paedagogia
1790 3156 1911 3218 audita

1082 3298 1173 3341 anno
1189 3283 1267 3341 1815
1282 3279 1727 3361 mittiturNicolsburgum,
1742 3278 1801 3341 ubi
1814 3277 1911 3340 bien·

1081 3401 1139 3463 nio
1156 3402 1416 3482 praescriptum
1433 3402 1630 3464 studiorum
1650 3399 1911 3483 philosophico·

172 3548 235 3585 sen.
254 3527 487 3585 excudebantur.
512 3529 545 3584 In
563 3542 666 3584 nostra
682 3526 753 3585 bibl.
772 3527 828 3584 sub
840 3529 892 3584 Bn.
908 3529 1000 3586 2600.
1040 3510 1043 3627 j
1080 3543 1157 3585 rum
1175 3543 1313 3585 cursum
1331 3524 1468 3586 eunctis
1491 3522 1774 3604 adprobantibus
1795 3522 1910 3584 absol-

259 3659 296 3714 11.
320 3659 482 3714 Othmarus
504 3659 633 3725 Conrad,
656 3679 692 3716 ex
714 3661 867 3734 theologia
885 3660 1002 3717 schola·

172 3743 438 3837 atico-dogmatica
471 3779 495 3819 1.
522 3762 680 3820 Secundae
709 3764 837 3839 angelici
866 3766 1001 3821 doctoris

172 3892 197 3926 s.
207 3870 344 3925 Thomae
354 3869 521 3942 Aquinatis,
540 3871 619 3944 typis
633 3869 794 3924 haeredum
809 3871 867 3926 lac.
881 3871 999 3926 Maxim.

173 3973 328 4031 Svoboda.
347 3974 473 4038 Brunae‚
496 3988 585 4045 1752.
603 3980 644 4044 4⁰.
664 3973 681 4030 8
700 3973 779 4029 solia.
805 3973 878 4030 Bibl.
897 3975 998 4048 Raigr.

172 4080 229 4137 sub
245 4080 298 4135 Bn.
321 4093 431 4152 13705.

260 4212 311 4266 111.
329 4210 410 4265 Idem
427 4229 493 4266 cum
510 4209 683 4265 Friederico
701 4208 836 4265 Schmidt
857 4229 893 4265 ex
915 4210 1000 4265 theo·

173 4315 255 4390 logia
276 4313 673 4388 scholastico-dogmatica,
702 4333 779 4388 quae
808 4333 873 4369 cum
901 4313 1001 4387 efligie

172 4420 243 4476 boni
260 4422 392 4495 pastoris
410 4418 538 4493 August.
551 4418 666 4476 Vindel.
691 4420 712 4474 l.
731 4419 838 4473 Daniel
855 4419 943 4474 Hera.
970 4420 1000 4474 ln

173 4544 232 4580 uno
249 4522 299 4579 sol.
319 4525 386 4578 mai.
405 4522 574 4579 excutiebat
590 4542 667 4578 anno
688 4537 778 4595 1734.
805 4521 880 4578 Bibl.
898 4523 1000 4597 Raigr.

172 4627 228 4683 sub
245 4629 297 4683 Bn.
317 4625 409 4683 2620.

173 4886 353 4948 Bennonis
389 4886 500 4948 nostri
536 4906 642 4948 manu
677 4898 825 4949 exarata
861 4907 1002 4950 conser-

173 5019 315 5071 vantur:

259 5153 281 5209 1.
299 5154 472 5230 Theologia
495 5153 691 5229 dogmatico·
703 5155 893 5221 scholastica,
916 5174 1003 5230 quam

1080 3646 1141 3708 vit.
1166 3645 1257 3726 Quia
1284 3666 1368 3708 vero
1392 3645 1548 3708 ferendis
1571 3645 1752 3707 laboribus
1780 3644 1910 3707 ordinis

1080 3789 1106 3832 s.
1136 3767 1349 3831 Calasanctii
1378 3767 1560 3849 professus
1589 3778 1644 3828 est
1672 3787 1709 3828 se
1738 3768 1909 3848 imparem

1079 3910 1168 3971 esse,
1180 3893 1326 3952 obtento
1342 3891 1526 3972 praeclaro
1543 3890 1746 3952 testimonio
1770 3890 1910 3971 provin-

1081 4013 1180 4075 cialis
1196 4013 1294 4075 Petri
1311 4014 1495 4075 Bruckner
1512 4012 1700 4074 dimittitur
1716 4025 1753 4074 et
1769 4011 1912 4075 Olomu-

1082 4134 1126 4196 cii
1146 4135 1348 4218 theologiae
1373 4155 1437 4216 per
1461 4155 1568 4197 unum
1592 4144 1764 4197 semestre
1789 4134 1912 4196 sedulo

1082 4277 1227 4338 operam
1245 4261 1412 4322 navabat.
1437 4259 1506 4320 Ast
1520 4260 1646 4334 ductus
1661 4257 1850 4339 desiderio,
1864 4256 1913 4318 in·

1081 4391 1203 4443 ternae
1217 4401 1302 4443 suae
1315 4381 1493 4443 vocationi
1508 4381 1621 4463 magis
1639 4382 1914 4462 respondentem

1082 4504 1239 4566 ordinem
1253 4505 1476 4586 ingrediendi
1489 4505 1607 4566 libello
1622 4503 1776 4585 supplici
1789 4502 1914 4566 Calen-

1040 4643 1043 4749 ,
1083 4627 1136 4689 dis
1153 4627 1288 4708 Aprilis
1315 4632 1393 4706 1817
1418 4627 1541 4689 abbati
1561 4626 1819 4709 Raigradiensi
1841 4629 1914 4689 Au·

259 4763 356 4825 Inter
369 4764 610 4844 manuscripta
624 4764 707 4827 bibl,
718 4765 843 4847 migr,
858 4765 1003 4846 propria
1041 4760 1044 4841 4
1083 4750 1226 4832 gustino
1243 4751 1350 4812 Koch
1371 4762 1536 4831 porrecto
1562 4751 1607 4811 ad
1632 4761 1790 4812 nostrum
1811 4749 1915 4831 petiit

1084 4871 1217 4953 suscipi
1245 4873 1496 4935 monasterium
1521 4883 1556 4934 et
1580 4873 1758 4934 adnuente
1782 4874 1915 4935 abbate

1084 4999 1134 5056 31.
1153 4994 1231 5058 001.
1254 4995 1397 5057 indutus
1418 5015 1546 5057 nomen
1563 4994 1742 5057 Antonius
1764 4994 1914 5076 accepit

1084 5117 1167 5196 Ipso
1177 5115 1329 5178 tirocinii
1341 5137 1432 5179 anno
1447 5121 1493 5180 10.
1503 5117 1607 5179 Febr.
1623 5122 1701 5179 1818
1716 5117 1813 5179 chori
1825 5115 1915 5199 figu-

174 5259 255 5313 iuxta
268 5260 474 5315 inconcussam
489 5260 653 5316 doctrinam
669 5259 729 5315 diti
743 5259 880 5316 Thomae
893 5259 1002 5334 Aquin.
1042 5236 1044 5324 1
1084 5238 1802 5322 fflliSSUbfegenSdenominatusrhocque
1815 5239 1915 5303 finito

174 5363 203 5416 in
220 5377 360 5439 exempto
385 5362 478 5419 libero
497 5382 575 5419 mon.
594 5364 735 5439 Raigrad.
755 5363 883 5421 tradidit.
908 5364 1003 5421 Trac·
1042 5331 1045 5418 1
1085 5371 1120 5422 01
1138 5360 1305 5424 Calendis
1317 5362 1406 5423 Nov.
1424 5381 1525 5424 sacra
1539 5363 1669 5424 emissa
1682 5362 1913 5444 professione,
