4178 6196
906 444 1189 510 -412-

265 629 330 685 Vll.
356 630 568 704 Interpretatio
594 643 623 685 et
649 631 788 703 exegesis
811 631 944 706 psalterii
965 632 1010 686 in-

180 735 268 807 tegri,
286 733 323 789 de
339 752 418 790 anno
440 732 529 790 1816.
546 735 602 791 Ms.
621 753 690 810 pap.
709 737 737 790 in
754 753 814 791 uno
831 734 904 793 fasc.
922 738 951 792 in
972 750 1006 807 13

180 853 254 894 tern.
271 845 314 910 4⁰.
332 839 396 894 sine
409 857 480 914 pag.
497 839 573 894 Msn.
588 837 661 910 558.
679 835 851 916 SingsK.
866 837 1007 912 115126,

177 941 250 1001 bibl.

265 1048 345 1103 VIII.
360 1048 436 1103 Iuris
449 1048 585 1103 canonici
598 1066 669 1123 pars
682 1047 828 1103 secunda:
844 1049 877 1119 a)
889 1046 927 1103 de
939 1066 1008 1124 per-

176 1155 271 1219 sonis,
296 1152 327 1224 b)
351 1151 388 1207 de
412 1149 512 1218 rebus,
538 1154 566 1224 c)
585 1151 622 1207 de
643 1151 759 1207 iudiciis
782 1152 1007 1219 ecclesiasticis,

179 1275 296 1313 conscr.
311 1275 389 1313 anno
408 1255 498 1329 1817.
516 1257 572 1314 Ms.
586 1275 656 1332 pap.
679 1254 714 1312 16
732 1256 812 1332 plag.
829 1256 926 1313 insol.
944 1258 1008 1313 sine

178 1380 248 1436 pag.
266 1362 342 1417 Msn.
360 1375 432 1433 447.
450 1358 536 1434 Sign.
554 1362 627 1440 FJK.
644 1361 681 1416 II.
699 1379 725 1416 a.
748 1375 795 1427 11,
812 1358 884 1416 bibl.

265 1467 316 1521 IX.
334 1465 442 1522 Versio
459 1478 490 1521 et
506 1467 645 1540 exegesis
666 1463 732 1521 libri
754 1464 1006 1536 „Ecclesiastes“.

177 1571 234 1626 Ms.
256 1588 326 1646 pap.
352 1571 379 1624 in
400 1584 417 1641 3
443 1582 517 1625 tern.
543 1571 607 1625 sine
631 1588 700 1644 pag.
725 1570 803 1625 Msn.
824 1583 897 1642 457.
922 1568 1007 1643 Sign.

177 1675 254 1753 FsK.
272 1675 309 1730 II.
327 1694 354 1729 a.
374 1690 423 1741 21,
439 1671 512 1729 bibl.

263 1780 300 1834 X.
318 1778 504 1835 Introductio
522 1779 551 1833 in
567 1777 661 1834 libros
678 1779 712 1832 N.
731 1778 764 1833 F.
782 1776 890 1834 tradita
906 1795 923 1832 a
939 1778 1007 1833 Phi·

177 1884 259 1958 lippo
287 1882 400 1938 Nedele
427 1883 492 1939 ord.
521 1901 611 1938 erem.
640 1901 664 1937 s.
693 1880 853 1956 Augustini
880 1882 1007 1939 Vetero-

176 1989 294 2043 Brunae
316 1985 394 2062 prol.
413 1999 442 2043 et
464 1985 554 2042 studii
578 1985 650 2043 bibl.
672 1985 761 2062 prof„
786 2004 904 2042 conscr.
928 2004 1006 2041 anno

166 2091 270 2164 1817.
296 2092 352 2147 Ms.
370 2110 440 2166 pap.
464 2093 492 2146 in
515 2105 531 2163 5
550 2090 631 2165 plag.
648 2092 713 2147 sine
729 2109 799 2165 pag.
818 2092 905 2163 11140.
929 2091 1005 2147 Msn.

177 2195 249 2269 458.
267 2194 351 2269 Sign.
370 2196 393 2250 F
394 2197 448 2271 711.
466 2195 502 2251 Il.
520 2213 546 2251 a.
566 2209 615 2266 23,
632 2192 705 2251 bibl.

264 2300 315 2355 XI.
330 2300 582 2354 Hermeneuticae
594 2312 769 2374 praecepta,
786 2298 895 2354 tradita
907 2317 925 2354 a
937 2299 1006 2354 Phi·

177 2404 260 2480 lippo
273 2402 386 2459 Nedele
399 2422 427 2459 0.
437 2422 461 2458 s.
473 2402 552 2477 Aug.
565 2402 663 2459 deser.
677 2421 756 2459 anno
774 2401 865 2476 1817,
878 2405 907 2458 in
922 2405 1006 2459 cuius

177 2509 235 2564 stne
248 2521 332 2564 nota:
351 2506 435 2563 Obiit
449 2507 525 2563 idem
542 2508 577 2562 D.
593 2506 705 2563 Nedele
722 2523 772 2579 24.
783 2509 859 2563 Nov.
874 2506 930 2564 182
935 2521 1006 2580 5,ut

176 2615 260 2688 prior
276 2614 321 2667 sui
335 2629 413 2667 mon.
429 2623 588 2686 postquam
602 2630 680 2667 anno
698 2610 775 2667 1821
794 2630 812 2667 a
829 2610 1006 2687 professura

177 2730 295 2774 amotus
312 2716 410 2771 luerat
426 2714 466 2772 ob
482 2716 648 2772 doctrinam
666 2719 762 2773 minus
783 2729 905 2772 rectam.
930 2717 1005 2771 Num

177 2817 259 2877 iure?
276 2821 331 2876 Ms.
345 2839 415 2897 pap.
430 2822 458 2876 in
475 2834 510 2875 12
527 2820 606 2895 plag.
624 2826 667 2893 40.
681 2822 745 2875 sine
758 2839 828 2896 pag.
845 2821 921 2876 Msn.
932 2818 1004 2892 461.

178 2923 261 3000 Sign.
279 2922 357 3001 FJK.
375 2925 411 2980 11.
429 2944 456 2980 a.
475 2923 526 2991 26,
543 2923 615 2981 bibl.

262 3030 329 3085 XII.
348 3031 511 3086 Tractatus
527 3030 564 3086 de
582 3031 781 3097 restitutione,
803 3048 863 3104 qua
884 3028 1006 3105 supple-

176 3147 305 3191 mentum
334 3136 363 3189 in
391 3153 524 3190 mancam
553 3131 742 3207 Reibergerii
770 3133 916 3189 theoriam
943 3151 1004 3189 sec.

176 3238 398 3314 praelectiones
415 3237 594 3294 Povondrae
618 3237 716 3294 deser.
733 3256 812 3293 anno
833 3236 924 3310 1817.
948 3237 1004 3292 Ms.

176 3362 246 3418 pap.
261 3345 290 3398 in
303 3361 361 3398 uno
376 3342 448 3399 lasc.
467 3356 500 3414 15
517 3341 568 3398 lol.
585 3344 614 3398 in
627 3346 670 3414 40.
684 3344 748 3398 sine
760 3361 830 3417 pag.
845 3342 921 3397 Msu.
932 3356 1004 3414 527.

176 3447 260 3522 Sign.
278 3450 356 3522 FsK.
375 3449 412 3503 Il.
429 3447 458 3504 b.
477 3463 527 3520 27,
544 3446 616 3504 bibl.

263 3552 344 3607 XIII.
369 3552 522 3627 Excerpta
538 3553 621 3607 varia
644 3571 700 3627 pro
722 3551 821 3607 studio
841 3549 1003 3607 biblistico.

177 3656 232 3711 Ms.
250 3675 320 3731 pap.
339 3658 366 3710 in
384 3674 443 3711 uno
461 3668 532 3712 tom.
555 3659 619 3712 sine
636 3675 706 3731 pag.
728 3657 804 3712 Msn.
821 3654 894 3727 460.
919 3653 1004 3729 Sign.

175 3762 253 3833 FsK.
271 3761 309 3816 ll.
327 3779 353 3815 a.
373 3775 409 3832 25
430 3762 457 3815 in
474 3767 516 3832 4⁰.
538 3764 602 3816 sine
622 3779 701 3817 anno
724 3763 803 3816 circa
824 3759 914 3832 1817,
932 3757 1003 3815 bibl.

261 3882 341 3939 XIV.
358 3882 518 3938 Methodus
532 3882 650 3937 vivendi
669 3902 735 3938 cum
749 3881 962 3957 tranquillitate
975 3883 1003 3937 in

174 4004 265 4043 sacro
293 3986 425 4042 claustro
457 4005 517 4042 sec.
546 3986 625 4041 Max.
649 3985 858 4060 Wietrowsky
885 4003 1003 4042 conscr.

174 4093 239 4147 sine
255 4109 343 4146 ann0.
369 4091 425 4146 Ms.
448 4108 517 4165 pap.
543 4092 572 4145 in
594 4109 653 4146 uno
674 4089 747 4145 lasc.
773 4091 803 4145 in
826 4095 870 4162 4⁰.
898 4103 954 4160 123
973 4108 1002 4164 p.

176 4196 252 4251 Msn.
270 4209 342 4268 592.
360 4193 444 4268 Sign.
462 4192 544 4270 Ds'K.
562 4195 599 4249 Il.
617 4194 646 4251 b.
663 4208 715 4265 31,
731 4190 804 4250 bibl.

261 4316 326 4372 XV.
355 4316 484 4372 Radices
512 4316 632 4390 linguae
659 4314 798 4371 Graecae
825 4313 1002 4372 Schrevelii.

173 4421 229 4476 Ms.
247 4438 316 4495 pap.
334 4422 399 4476 sine
415 4439 494 4477 anno
512 4423 540 4476 in
557 4439 616 4476 uno
632 4418 706 4477 fasc.
731 4422 795 4475 sine
816 4438 886 4494 pag.
910 4421 938 4475 in
960 4418 1002 4475 8⁰.

174 4524 250 4579 Msn.
269 4522 341 4596 614.
359 4523 443 4598 Sign.
461 4521 537 4601 FsK.
554 4526 576 4581 I.
594 4522 622 4580 b.
647 4539 693 4596 13,
710 4523 782 4581 bibl.

260 4646 341 4701 XVI.
360 4645 491 4702 Annales
508 4665 586 4702 mon.
604 4645 747 4720 Raigrad.
769 4645 806 4701 ab
823 4665 901 4702 anno
923 4645 1000 4718 1832

173 4749 312 4823 -1854,
331 4752 386 4806 Ms.
400 4769 470 4826 pap.
488 4753 517 4806 in
533 4765 550 4821 3
567 4750 639 4807 Iasc.
658 4757 700 4823 4⁰.
719 4769 816 4825 comp.
835 4753 862 4806 in
879 4750 1002 4806 archivo

173 4851 231 4910 sub
247 4854 282 4909 F.
299 4843 336 4909 II.
354 4854 382 4910 d.
404 4869 493 4925 1—3.

261 4959 355 5016 XVII.
373 4960 502 5015 Curiosa
515 4978 551 5015 ex
565 4959 744 5016 collectione
757 4960 790 5015 P.
800 4959 932 5016 Victoris
944 4978 1004 5034 qua

174 5064 344 5119 archivarii.
361 5064 417 5119 Ms.
435 5081 504 5139 pap.
522 5064 546 5118 F
549 5081 611 5120 asc.
633 5078 658 5119 1.
676 5066 704 5118 in
722 5069 764 5135 4⁰.
781 5065 845 5119 sine
858 5081 929 5139 pag.
947 5062 1003 5119 sub

177 5168 213 5222 D.
230 5167 248 5222 l.
267 5164 285 5223 6
302 5167 425 5223 archivi.

262 5271 370 5327 XVIII.
392 5272 566 5346 Conceptus
587 5271 750 5328 litterarum
768 5282 798 5327 et
815 5274 1002 5328 concionum.

175 5373 231 5429 Ms.
245 5393 315 5449 pap.
329 5377 416 5431 Fasc.
430 5389 460 5446 3.
474 5383 516 5447 40.
530 5378 594 5432 sine
607 5395 677 5452 pag.
693 5374 748 5432 sub
763 5376 800 5432 D.
811 5376 828 5432 l.
842 5391 869 5449 7.
880 5377 1001 5449 011111.

1176 632 1257 687 XIX.
1276 632 1409 687 Diarium
1426 633 1569 690 Victoris.
1587 635 1643 690 Ms.
1661 653 1731 711 pap.
1750 636 1842 708 11140.
1860 637 1924 692 sine

1090 754 1159 809 pag.
1188 735 1256 791 inde
1283 735 1321 792 ab
1348 755 1426 792 anno
1458 736 1539 794 1820
1567 751 1625 795 etc.
1654 741 1682 794 in
1709 741 1837 797 archivo
1867 739 1922 797 sub

1090 840 1127 895 D.
1145 840 1162 895 l.
1185 854 1231 895 10.

1175 944 1241 999 XX.
1260 943 1433 1020 Rapsodiae
1454 958 1484 1001 et
1500 947 1584 1001 varia
1605 959 1750 1021 excerpta
1771 965 1809 1003 ex
1831 948 1921 1023 ephe·

1090 1045 1262 1104 meridibus.
1280 1049 1336 1105 Ms.
1354 1067 1424 1124 pap.
1442 1050 1530 1121 11140.
1548 1052 1613 1106 sine
1628 1068 1699 1125 pag.
1717 1049 1775 1106 sub
1791 1051 1831 1107 D.
1848 1051 1867 1108 l.
1884 1067 1916 1108 11

1089 1151 1212 1207 archivi.

1174 1254 1252 1311 Acta
1272 1256 1305 1311 P.
1322 1256 1476 1313 Victorem
1498 1261 1712 1313 concernentia
1728 1260 1857 1334 eiusque
1873 1278 1919 1316 re·

1088 1359 1187 1432 gimen
1201 1358 1379 1415 illustrantia
1392 1378 1515 1417 necnon
1529 1361 1695 1417 litterarum
1706 1364 1919 1419 commercium

1087 1464 1179 1518 variis
1201 1464 1230 1517 in
1252 1462 1325 1519 fasc.
1350 1463 1405 1520 sub
1423 1465 1460 1520 D.
1477 1467 1495 1520 i.
1518 1478 1672 1521 1—10et
1694 1465 1732 1522 D.
1749 1465 1780 1521 k.
1802 1481 1918 1535 1-22;

1088 1566 1126 1621 D.
1143 1566 1161 1622 l.
1184 1580 1274 1639 1—5,
1296 1567 1419 1625 12-18
1437 1570 1465 1623 in
1482 1569 1616 1624 archivio
1632 1568 1821 1626 adservatur.

1176 1729 1536 1825 Schluderpacher
1568 1745 1772 1807 Ernestus
1805 1743 1918 1828 (Sco-

1087 1858 1252 1940 tensis),
1278 1857 1479 1941 Oeniponte
1503 1861 1537 1922 in
1560 1860 1669 1923 Tiroli
1694 1872 1799 1925 natus
1826 1864 1859 1926 (1.
1888 1868 1916 1926 0.

1086 1980 1173 2042 Dec.
1192 1986 1271 2060 1728
1292 2003 1318 2043 s
1336 1982 1460 2044 habitu
1478 1983 1622 2045 indutus
1639 1994 1694 2047 est
1710 1987 1742 2047 d.
1759 1989 1806 2047 15.
1821 1985 1916 2068 Aug.

1092 2122 1183 2181 1747.
1208 2103 1311 2166 Votis
1328 2105 1558 2167 sollemnibus
1576 2106 1633 2168 dIe
1654 2111 1700 2168 15.
1719 2107 1816 2189 Aug.
1836 2111 1915 2186 1748

1087 2225 1224 2288 emissis
1240 2226 1501 2308 celebratisque
1512 2227 1677 2308 primitiis
1694 2229 1752 2290 die
1767 2233 1817 2292 25.
1831 2230 1916 2293 Dec.

1091 2351 1181 2429 1751,
1204 2360 1414 2428 cooperator
1429 2349 1558 2411 missus
1580 2359 1635 2412 est
1655 2349 1691 2412 in
1707 2350 1922 2434 Eggendorf

1086 2469 1121 2532 in
1145 2471 1247 2532 valle.
1277 2470 1382 2532 Unde
1410 2470 1445 2532 in
1472 2472 1725 2534 monasterium
1752 2493 1918 2536 reversus

1086 2590 1239 2653 officium
1251 2591 1388 2654 culinae
1402 2592 1576 2674 praefecti
1589 2595 1791 2674 perdecem
1804 2614 1916 2657 annos

1086 2722 1258 2775 executus
1283 2723 1347 2775 est.
1372 2715 1511 2776 Deinde
1532 2716 1738 2796 parochiam
1759 2716 1918 2799 suscepit

1085 2835 1121 2896 in
1137 2834 1246 2897 Ienoe
1262 2836 1297 2897 in
1313 2836 1501 2918 Hungaria
1521 2841 1698 2915 1766-70.
1723 2836 1803 2917 Quo
1819 2836 1916 2900 facto

1086 2977 1164 3019 cum
1180 2958 1306 3019 iterum
1323 2968 1512 3020 revocatus
1529 2968 1634 3041 esset,
1652 2959 1817 3022 asceterii
1834 2962 1916 3022 sub-

1085 3080 1183 3159 prior
1195 3089 1249 3142 est
1261 3080 1481 3162 designatus,
1496 3080 1653 3162 nihilque
1666 3081 1702 3143 in
1715 3100 1758 3143 eo
1771 3101 1916 3144 munere

1086 3220 1151 3281 per
1166 3220 1231 3262 sex
1247 3201 1358 3263 lustra
1374 3203 1533 3283 gerendo
1556 3200 1673 3283 officii,
1698 3201 1747 3264 nil
1768 3202 1915 3285 diligen·

1085 3322 1156 3384 tiae
1174 3321 1367 3383 desiderari
1385 3341 1513 3403 passus
1530 3333 1594 3384 est.
1619 3323 1746 3385 Letum
1763 3324 1916 3406 oppetiit

1086 3462 1197 3505 annos
1213 3454 1319 3505 natus
1337 3464 1375 3522 72
1394 3443 1451 3505 die
1469 3464 1519 3507 20.
1536 3444 1640 3506 Febr.
1662 3449 1753 3508 1800.

1171 3582 1284 3664 Typis
1301 3583 1413 3644 edidit
1429 3582 1626 3644 encomium
1639 3585 1915 3667 chronographi-

1085 3724 1174 3783 cum,
1187 3703 1349 3766 Bennoni
1361 3703 1484 3765 abbati
1498 3705 1675 3767 sacerdoti
1688 3705 1843 3769 iubilaeo
1856 3708 1915 3769 de·

1084 3825 1254 3888 dicatum:

1170 3951 1445 4019 Reverendissim0,
1474 3951 1636 4027 perillustri
1664 3970 1701 4008 ac
1728 3953 1915 4028 amplissimo

1083 4055 1214 4121 domin0‚
1239 4054 1361 4111 domino
1385 4056 1528 4123 Bennoni,
1554 4055 1641 4111 huius
1667 4058 1794 4113 nominis
1819 4060 1915 4132 primo

1084 4161 1256 4215 monasterii
1273 4157 1433 4216 Scotensis
1448 4158 1581 4215 Viennae
1605 4177 1642 4214 ac
1659 4159 1759 4216 Telkii
1781 4162 1810 4216 in
1832 4162 1916 4217 Hun-

1083 4265 1168 4338 garia
1184 4262 1297 4332 abbati,
1315 4265 1393 4339 patri
1411 4282 1479 4319 meo
1497 4266 1701 4320 amantissimo
1718 4265 1750 4321 P.
1768 4264 1805 4323 E.
1823 4266 1914 4323 Vien-

1083 4386 1149 4434 nae,
1171 4381 1262 4441 1795,
1280 4370 1360 4443 typis
1377 4369 1539 4424 Christiani
1557 4367 1699 4424 Grosser.

1171 4513 1914 4604 SchmettererModestus(as.Petro

1084 4641 1353 4725 Salisburgi),
1379 4644 1540 4707 Bavarus
1565 4664 1610 4707 ex
1633 4645 1784 4726 Metten‚
1810 4655 1914 4708 natus

1088 4784 1135 4844 17.
1149 4765 1254 4829 Mart.
1272 4771 1362 4847 1738,
1376 4767 1530 4829 novitius
1547 4789 1594 4831 11.
1609 4766 1708 4849 Sept.
1728 4773 1819 4850 1756,
1834 4788 1914 4849 pro·

1083 4884 1200 4948 fessus
1217 4889 1342 4949 eodem
1356 4887 1413 4950 die
1426 4889 1607 4969 sequentis
1622 4890 1714 4970 anni,
1728 4898 1914 4971 neomysta

1085 5028 1134 5084 20.
1159 5008 1263 5070 Mart.
1292 5013 1383 5088 1701,
1411 5010 1585 5072 absolutis
1609 5011 1735 5073 studiis
1757 5011 1914 5074 iuridicis

1088 5133 1135 5192 18.
1152 5129 1241 5192 Nov.
1260 5135 1339 5209 1766
1357 5151 1522 5213 suprema
1539 5133 1723 5214 utriusque
1741 5134 1826 5196 iuris
1841 5134 1913 5196 lau-

1083 5271 1145 5314 rea
1161 5253 1361 5334 decoratuS,
1386 5274 1407 5315 a
1432 5263 1570 5316 rectore
1591 5253 1781 5336 magnifico
1805 5276 1913 5337 expe-

1083 5374 1169 5436 titus
1186 5394 1307 5438 sacros
1323 5396 1477 5439 canones
1502 5377 1652 5458 primum
1672 5380 1914 5443 extraordina-
