4178 6196
968 432 1249 504 -272,

241 618 275 681 in
296 619 497 703 Homburg,
517 628 646 701 postea
665 619 877 682 secretarius
897 619 1068 702 principis

240 742 392 824 abbatis,
409 741 562 825 denique
579 762 792 807 oeconomus
808 742 843 805 in
859 741 1066 806 Dettensee.

239 865 362 928 Exivit
389 884 434 927 ex
460 865 527 928 hoc
554 865 686 928 mundo
714 865 771 928 die
802 865 947 930 11.Ian.
975 868 1065 944 1789.

240 988 465 1051 Adservatur
479 987 515 1050 in
530 986 663 1052 archiv.
679 984 928 1050 Mum-Gries:

326 1113 470 1171 Defensio
483 1115 655 1171 authentiae
666 1127 801 1170 actorum
814 1113 946 1170 Murena.
960 1126 990 1170 et
1001 1111 1067 1188 plu-

238 1238 288 1277 res
303 1220 360 1277 hac
375 1219 413 1276 de
428 1238 462 1275 re
474 1221 761 1277 communicationes
774 1237 840 1275 cum
854 1219 1000 1276 canonico
1009 1217 1067 1274 Ar·

239 1338 359 1400 gentor.
377 1323 568 1380 Grandidier.
585 1323 706 1381 Archiv.
723 1322 760 1379 A.
777 1323 800 1380 l.
818 1337 847 1380 2.

324 1434 473 1509 Laslof
494 1445 680 1509 Basilius
709 1444 1065 1528 (Mechitharista),

237 1564 305 1628 fuit
320 1585 410 1628 unus
423 1585 470 1628 ex
481 1564 680 1628 senioribus
695 1563 857 1647 patribus
869 1563 1065 1627 Mechitha·

184 1715 189 1725 ·
237 1688 343 1770 ristis,
366 1688 425 1771 qui
445 1707 538 1751 anno
558 1706 636 1767 1773
655 1686 817 1750 Venetiis
837 1685 1065 1768 transmigra·

237 1820 319 1874 runt
333 1811 518 1894 Tergeste.
541 1810 598 1873 De
614 1810 689 1873 eius
701 1809 776 1872 vita
792 1808 876 1872 nihil
892 1808 988 1871 aliud
1003 1827 1065 1870 no-

237 1943 311 1997 tum
324 1944 389 2016 est,
402 1933 470 1996 nisi
483 1935 577 2016 quod
587 1932 818 2015 Armenopoli
832 1933 967 2015 (vulgoz
981 1930 1064 1995 Sza·

237 2058 424 2139 mosujvar)
442 2058 478 2120 111
493 2056 741 2119 Transilvania
757 2055 803 2119 sit
819 2064 933 2119 natus.

323 2180 476 2242 Unicum
492 2198 583 2262 opus
599 2177 722 2242 existit
741 2180 788 2240 ab
810 2196 854 2240 eo
874 2196 919 2239 ex
936 2177 1063 2240 Latino

236 2314 339 2366 textu
355 2303 391 2365 in
405 2302 490 2385 ling.
507 2302 837 2365 Palae0·armenam
854 2300 1063 2363 translatum

237 2436 273 2490 et
288 2427 386 2511 typis
403 2425 552 2489 editum:

321 2553 490 2631 :metiar
527 2551 707 2629 aarum
739 2547 1063 2627 aurelianens

235 2661 254 2716 i.
264 2678 290 2715 e.
305 2656 441 2723 Haberti.
455 2656 672 2733 Compendium
684 2655 840 2712 doctrinae
852 2653 920 2710 srdei
936 2665 967 2710 et
978 2653 1064 2711 theo·

235 2764 336 2840 logiae
351 2762 483 2820 moralis.
507 2763 660 2836 Tergesti‚
677 2763 757 2837 typis
772 2760 914 2817 Mechith.
936 2772 1026 2832 1791.

320 2871 473 2947 LAszlb
501 2884 778 2946 Balthasa'rus
799 2880 981 2945 Michael
1002 2883 1063 2964 (de

235 3023 262 3067 s.
275 3002 415 3066 Monte
430 3001 697 3082 Pannoniae),
714 2999 958 3082 Kaposvarini
975 3018 1062 3064 com.

235 3125 404 3209 Somogy.
425 3123 460 3186 in
476 3123 661 3206 Hungaria
682 3122 739 3185 die
762 3127 790 3185 6.
807 3123 880 3187 Ian.
902 3125 982 3185 1850
1003 3142 1063 3184 na-

234 3259 302 3330 tus,
319 3249 376 3312 die
393 3253 422 3310 8.
436 3245 536 3329 Sept.
555 3249 634 3308 1868
652 3266 678 3308 s.
691 3245 816 3308 habitu
831 3245 985 3327 indutus,
1001 3247 1063 3308 ab·

234 3371 358 3435 solutis
374 3371 410 3433 in
426 3389 454 3434 S.
466 3377 584 3431 monte
602 3388 628 3430 s.
642 3367 844 3450 theologiae
861 3367 988 3431 studiis
1005 3367 1062 3431 die

238 3514 285 3557 ιο.
308 3495 403 3577 Aug.
430 3497 508 3572 1873
534 3500 619 3554 vota
642 3490 825 3553 sollemnia
848 3490 980 3571 emisit,
1004 3489 1061 3552 die

234 3636 319 3679 vero
340 3636 387 3696 17.
404 3616 562 3678 eiusdem
578 3613 709 3677 mensis
726 3623 763 3676 et
777 3613 860 3676 anni
872 3614 1063 3696 presbyter

235 3738 418 3802 ordinatus
438 3748 503 3801 est.
531 3741 698 3816 1873—74
718 3735 900 3817 professor
919 3735 1061 3817 Iaurini,

234 3881 280 3924 ex
296 3880 338 3922 eo
354 3860 477 3942 Papae
494 3860 619 3921 eodem
635 3856 796 3939 fungitur
813 3854 942 3920 officie.

321 3980 485 4064 Scripsit:

320 4108 445 4184 Europa
457 4102 591 4163 kedve26
605 4104 816 4180 eghajlatanak
827 4101 900 4162 l6bb
914 4101 1059 4181 tenyezdi.

234 4211 264 4294 (i.
281 4233 308 4271 e.
325 4215 371 4269 De
388 4212 560 4288 praecipuis
577 4211 676 4267 causis
697 4209 773 4266 caeli
795 4211 823 4264 iu
840 4209 966 4286 Europa
982 4209 1061 4266 salu·

234 4315 372 4395 britatis.J
396 4318 428 4373 111
448 4334 552 4393 progr.
572 4334 673 4390 gymn.
696 4315 841 4390 Papensis
867 4313 993 4389 1876j7.
1019 4314 1060 4372 80.

234 4443 263 4500 P·
280 4438 398 4496 3-31·

320 4532 775 4628 LebingerNorbertus
797 4538 1061 4625 (San-Paula-

233 4663 331 4744 nus).
348 4661 463 4724 Natus
479 4671 534 4724 est
550 4662 595 4722 ad
612 4681 638 4725 s.
655 4659 920 4723 Lambertinum
937 4661 972 4724 111
990 4660 1060 4725 Sti-

233 4785 284 4848 ria
305 4784 363 4847 die
385 4805 414 4863 9.
431 4783 495 4846 Iul.
522 4788 616 4856 18333
640 4801 667 4845 s,
688 4783 811 4845 habitu
835 4783 979 4846 indutus
1003 4784 1060 4847 die

237 4912 285 4971 18.
298 4905 376 4971 Oct.
395 4909 489 4974 1851:
506 4905 723 4969 sollemniter
738 4905 921 4987 professus
938 4906 995 4969 die
1013 4910 1058 4969 18.

234 5030 312 5094 Oct.
334 5032 430 5106 1854;
451 5028 652 5091 sacerdotio
674 5027 832 5091 initiatus
853 5028 911 5091 die
930 5049 979 5109 27·
996 5029 1059 5092 Iul.

237 5155 328 5215 1856.
352 5149 461 5213 Simul
476 5171 518 5212 ac
531 5151 649 5213 studia
661 5149 862 5233 theologica
874 5149 910 5212 in
923 5149 1060 5232 episco-

232 5273 305 5356 pali
316 5272 477 5336 instituto
488 5271 774 5354 Clagenfurtensi
786 5273 1000 5344 absolverat,
1014 5273 1059 5333 ad

231 5415 351 5458 curam
372 5396 566 5457 animarum
587 5397 780 5475 deputatus
795 5396 952 5476 parocho
969 5395 1014 5455 ad
1032 5413 1058 5457 s.

1135 619 1295 683 'Paulum
1319 633 1531 704 cooperatus
1554 633 1610 686 est
1632 642 1699 705 per
1722 642 1869 706 annum,
1893 622 1980 687 dein

1146 744 1286 807 duobus
1306 745 1407 807 annis
1428 745 1462 807 in
1478 745 1572 809 univ.
1581 744 1737 809 Vindob.
1752 745 1925 810 historiae
1941 754 1979 809 et

1146 865 1389 948 geographiae
1405 867 1524 930 studio
1539 886 1685 949 operam
1702 868 1811 950 dedit,
1832 867 1869 931 iu
1889 887 1977 932 exa·

1145 987 1238 1050 mine
1253 989 1425 1071 probatus
1442 998 1479 1052 et
1493 991 1642 1053 honeste
1655 992 1878 1072 approbatus
1893 1009 1976 1072 pro·

1145 1107 1261 1172 sessor
1276 1102 1431 1174 docebat
1450 1110 1633 1175 historiam
1657 1120 1694 1175 et
1716 1112 1976 1197 geographiam

1145 1232 1298 1314 primum
1313 1233 1349 1295 in
1365 1234 1554 1317 gymnasio
1571 1231 1832 1317 San-Paulan0,
1853 1236 1900 1297 ab
1916 1253 1976 1297 an-

1145 1373 1191 1418 no
1212 1358 1292 1417 1866
1308 1354 1344 1418 in
1361 1356 1549 1439 gymnasio
1566 1353 1855 1439 Clagenfurtensi
1870 1357 1975 1419 docet

1145 1484 1245 1540 tanta
1253 1475 1386 1560 ingenii
1398 1478 1623 1562 dexteritate,
1630 1487 1669 1541 ut
1678 1497 1865 1560 supremus
1874 1478 1975 1541 scho-

1144 1598 1256 1662 larum
1272 1609 1418 1663 senatus
1430 1599 1720 1663 Vindobonensis
1735 1599 1864 1663 litteris
1881 1618 1972 1663 anno

1148 1724 1228 1801 1878
1241 1724 1288 1784 ad
1297 1721 1508 1785 directorem
1516 1722 1694 1806 gymnasii
1703 1721 1974 1806 Clagenfurten·

1144 1842 1193 1907 sis
1210 1843 1303 1907 datis
1319 1845 1358 1908 P.
1372 1845 1539 1908 Norberti
1555 1845 1707 1908 docendi
1722 1845 1898 1909 rationem
1912 1864 1973 1927 ap-

1143 1966 1316 2029 tissimam
1347 1969 1625 2049 commendaret,
1657 1987 1761 2048 quarn
1793 1966 1973 2030 candidati

1143 2088 1326 2170 utriusque
1346 2089 1449 2152 huius
1470 2089 1677 2172 disciplinae
1700 2088 1768 2151 sibi
1790 2085 1969 2152 sumerent

1144 2213 1366 2274 servandam.
1390 2212 1538 2275 Praeter
1552 2213 1642 2275 haec
1658 2220 1757 2274 tenet
1772 2210 1973 2294 praefectu-

1143 2353 1218 2396 ram
1235 2335 1345 2396 cellae
1360 2333 1519 2396 vinariae
1541 2332 1576 2396 in
1596 2333 1748 2416 collegio
1765 2331 1973 2416 Clagenfur·

1143 2455 1246 2537 tensi,
1267 2475 1309 2518 ac
1325 2455 1463 2518 Musaei
1479 2454 1648 2518 historiae
1665 2453 1835 2518 naturalis
1852 2452 1973 2518 Carin-

1143 2577 1238 2641 thiae
1255 2587 1310 2641 est
1325 2578 1455 2641 sodalis
1469 2588 1505 2641 et
1517 2577 1700 2641 societatis
1713 2576 1906 2641 historicae
1919 2596 1973 2640 so-

1143 2699 1235 2763 dalis
1251 2710 1287 2764 et
1302 2702 1463 2765 delectus
1478 2703 1524 2763 ad
1541 2700 1820 2763 deliberandum.

1230 2820 1435 2904 Sequuntur
1443 2822 1519 2885 eius
1528 2822 1661 2904 scripta
1674 2821 1772 2905 typis
1783 2821 1973 2903 impressa:

1230 2950 1251 3007 Ι.
1273 2951 1330 3007 Die
1351 2949 1559 3006 Reformation
1581 2948 1642 3005 und
1664 2947 1972 3023 Gegenrelormation

1143 3056 1172 3111 in
1184 3054 1373 3130 Klagenlurt.
1390 3050 1419 3131 (i.
1433 3073 1459 3111 e.
1474 3055 1520 3110 De
1533 3053 1747 3115 reformatione
1763 3065 1793 3110 et
1810 3054 1973 3111 contrariis

1142 3158 1266 3216 ausibus
1278 3156 1431 3237 Virunae.)
1447 3161 1479 3231 a)
1491 3159 1549 3215 Die
1562 3158 1777 3214 Reformation.
1794 3158 1975 3232 Programm

1142 3264 1196 3321 des
1209 3264 1238 3321 k.
1247 3264 1277 3320 k.
1289 3263 1501 3339 Gymnasiums
1513 3265 1542 3319 111
1555 3260 1743 3337 Klagenlurt.
1761 3261 1817 3318 Am
1826 3261 1975 3319 Schlusse

1143 3369 1196 3425 des
1219 3367 1446 3443 Studienjahres
1474 3366 1564 3442 1867.
1590 3367 1695 3424 Druck
1717 3385 1777 3423 von
1799 3367 1825 3443 J.
1850 3366 1913 3424 und
1938 3368 1974 3425 F.

1141 3475 1228 3530 Leon
1245 3475 1273 3529 in
1287 3472 1475 3548 Klagenfurt.
1493 3493 1521 3548 p.
1541 3487 1652 3546 1-49.
1670 3470 1711 3529 8⁰.
1736 3471 1767 3545 b)
1779 3471 1836 3528 Die
1848 3471 1974 3547 Gegen·

1141 3576 1346 3635 reformation.
1363 3578 1538 3651 Programm
1555 3576 1608 3633 des
1624 3577 1654 3633 k.
1667 3576 1696 3632 k.
1710 3575 1925 3651 Gymnasiums
1937 3596 1975 3632 zu

1141 3682 1329 3757 Klagenlurt.
1342 3682 1398 3738 Am
1411 3681 1554 3739 Schlusse
1568 3681 1621 3737 des
1631 3680 1859 3754 Studienjahres
1877 3678 1972 3738 1868.

1141 3787 1246 3844 Druck
1261 3806 1321 3844 von
1336 3787 1361 3863 J.
1378 3786 1437 3843 und
1453 3787 1487 3843 F.
1505 3787 1591 3842 Leon
1607 3787 1636 3841 in
1652 3784 1842 3859 Klagenlurt.
1860 3804 1890 3861 p.
1912 3799 1975 3841 1—

1141 3907 1192 3965 55·
1211 3890 1253 3948 8⁰·

1227 3996 1264 4053 ΙΙ.
1280 3996 1509 4070 Mittheilungen
1524 4014 1578 4051 aus
1594 3995 1661 4051 dem
1677 3993 1893 4051 Stiftsarchive
1911 4012 1974 4051 von

1141 4101 1172 4159 S.
1189 4101 1270 4158 Paul.
1288 4098 1317 4178 (i.
1331 4119 1357 4157 e.
1372 4100 1544 4156 Relationes
1561 4119 1598 4155 ex
1613 4099 1760 4155 tabulario
1774 4095 1975 4176 s.·Paulano.)

1140 4205 1340 4282 Abgedruckt
1367 4207 1404 4261 im
1430 4205 1541 4261 Archiv
1570 4204 1616 4259 1111
1642 4202 1884 4259 vaterlandische
1909 4200 1976 4260 Ge·

1141 4313 1273 4369 schichte
1294 4310 1353 4366 und
1371 4309 1599 4384 Topographie.
1624 4306 1887 4382 Herausgegeben
1908 4325 1972 4365 von

1141 4418 1207 4474 dem
1229 4415 1429 4472 historischen
1444 4414 1573 4471 Vereine
1597 4413 1644 4469 1111
1663 4413 1807 4468 Karnten.
1834 4427 1863 4485 4.
1885 4412 1976 4488 Jahr-

1140 4541 1231 4598 gang.
1254 4519 1442 4594 Klageulurt,
1464 4516 1553 4591 1858.
1580 4517 1685 4573 Druck
1705 4535 1764 4573 von
1785 4515 1853 4592 Joh.
1870 4515 1973 4572 Leon.

1141 4647 1170 4703 p.
1188 4625 1303 4683 6—21.
1322 4623 1364 4681 8⁰.

1226 4772 1411 4846 Lehner‘t
1454 4780 1661 4845 Geraldus
1701 4781 1977 4864 (Admonten-

1140 4901 1224 4983 sis),
1248 4899 1389 4965 Graecii
1406 4902 1442 4964 in
1458 4901 1566 4966 Stiria
1582 4913 1687 4963 natus
1713 4920 1759 4962 10.
1776 4900 1852 4962 Iun.
1874 4903 1971 4982 1820,

1140 5035 1224 5086 vota
1245 5023 1361 5085 emisit
1377 5024 1559 5087 sollemnia
1579 5045 1626 5087 11.
1643 5023 1706 5086 Iul.
1728 5026 1819 5103 1844,
1842 5031 1878 5085 et
1899 5021 1972 5105 pri·

1140 5145 1257 5209 mitias
1273 5146 1467 5209 celebravit
1483 5167 1530 5208 ιι.
1546 5146 1638 5228 Aug.
1657 5149 1747 5223 1844.
1764 5143 1879 5208 Curae
1893 5144 1971 5208 ani-

1139 5289 1273 5332 marum
1304 5269 1501 5332 destinatus
1532 5279 1800 5351 cooperatorem
1831 5267 1908 5349 egit
1933 5266 1972 5330 111

1140 5390 1376 5476 Groebming,
1401 5392 1576 5456 Gaishorn
1599 5403 1635 5454 et
1658 5393 1827 5456 Kraubat
1852 5409 1972 5472 usque
