4178 6196
910 503 1191 587 *467-

175 726 323 788 quorum
345 705 479 786 primus
501 704 583 766 inde
607 704 653 766 ab
677 722 769 766 anno
797 707 1007 782 1799—1818
1089 713 1152 763 est.
1182 682 1524 766 Primissacerdotii
1549 704 1650 766 annis
1676 707 1862 768 catecheta
1886 706 1921 768 in

175 828 241 891 fuit
257 828 449 890 instructor
465 836 501 889 et
518 824 689 907 magister
705 836 781 888 arte
803 837 839 888 et
858 824 1008 887 scientia
1089 825 1209 886 schola
1225 826 1383 906 normali,
1408 827 1537 887 deinde
1558 827 1724 888 classium
1745 848 1920 909 gramma·

176 971 218 1012 ea
235 951 411 1030 excelluit,
429 960 467 1011 ut
483 948 578 1010 fama
598 967 663 1028 per
684 959 826 1010 exteras
843 946 1008 1028 regiones
1047 965 1050 1041 Ι
1089 947 1246 1010 ticalium
1268 960 1303 1010 et
1327 949 1556 1011 humanitatis
1577 949 1612 1010 in
1634 951 1821 1032 gymnasio
1839 950 1921 1013 Cre·

175 1073 282 1154 longe
298 1073 441 1152 lateque
455 1070 655 1132 celebratus
668 1068 774 1132 fuerit
788 1081 823 1131 et
837 1069 1008 1131 scientiae
1090 1070 1276 1132 mifanensi
1290 1070 1479 1151 professor,
1497 1083 1624 1150 postea
1636 1071 1793 1153 linguam
1809 1070 1919 1134 Grae-

174 1195 277 1257 huius
293 1205 454 1256 amantes
470 1205 506 1255 et
523 1192 673 1255 studiosi
694 1212 713 1253 e
734 1192 934 1273 peregrinis
954 1210 1008 1252 re·
1089 1213 1166 1254 cam
1192 1212 1261 1253 una
1286 1211 1364 1253 cum
1388 1192 1640 1255 mathematica
1665 1193 1801 1276 docuit,
1827 1214 1919 1257 anno

175 1317 341 1398 gionibus
357 1315 564 1396 frequentes
580 1314 626 1375 ad
644 1333 724 1374 eum
740 1312 913 1392 venirent,
935 1332 1008 1374 mo·
1047 1298 1050 1345 ²
1094 1319 1172 1376 1803
1183 1312 1402 1376 archivarius
1415 1314 1620 1376 monasterii
1634 1315 1847 1378 constitutus
1860 1336 1920 1378 an·

176 1440 259 1500 dum
268 1438 344 1499 eius
357 1458 436 1499 cum
450 1435 566 1497 surdis
579 1446 615 1497 et
627 1435 733 1497 mutis
743 1434 873 1515 agendi
887 1434 1007 1516 cogni·
1047 1352 1049 1489 i
1088 1436 1308 1517 tiquissimas
1324 1436 1528 1498 monasterii
1545 1436 1687 1499 tabulas
1708 1436 1744 1498 in
1760 1438 1919 1499 ordinem

175 1561 254 1625 turi.
278 1559 432 1639 Accidit,
450 1570 488 1621 ut
505 1558 709 1619 Berolinum
722 1558 870 1619 veniens
887 1557 1006 1638 ibique
1046 1640 1049 1657 Ι
1089 1559 1300 1620 curatiorem
1311 1559 1461 1641 redegit,
1472 1580 1536 1641 per
1549 1560 1805 1640 annosaliquot
1818 1562 1920 1623 simul

175 1683 374 1744 institutum
399 1680 707 1744 Surdo·mutorum
731 1679 902 1760 invisens,
929 1699 1006 1741 cum
1088 1680 1394 1762 bibliothecariuS,
1423 1683 1545 1744 ultimo
1573 1682 1669 1744 vitae
1697 1682 1840 1745 biennio
1868 1682 1919 1745 rei

174 1802 406 1865 surdo-mutis
435 1802 511 1883 ipse
535 1821 677 1882 quoque
701 1820 810 1883 agere
834 1801 1007 1881 incipiens
1088 1801 1280 1864 culinariae
1294 1803 1499 1883 praefectus
1511 1804 1598 1865 obiit
1613 1804 1669 1865 die
1683 1810 1711 1867 o.
1724 1805 1810 1886 Apr.
1827 1810 1918 1882 1814.

175 1945 295 1988 eorum
308 1924 540 1987 laetissimum
550 1924 761 2004 applausum
775 1934 811 1985 et
823 1943 1007 1985 assensum
1175 1942 1295 2004 Edidit
1311 1943 1455 2004 librum:
1831 1912 1834 1917 ’

174 2050 265 2110 adeo
283 2047 504 2128 excitaverit,
527 2059 565 2109 ut
585 2047 625 2128 is>
651 2046 710 2126 qni
728 2045 889 2108 instituto
905 2065 1008 2126 prae'
1046 2120 1048 2125 ·
1176 2087 1420 2142 Kremsmlinster
1432 2106 1485 2142 aus
1499 2089 1602 2142 seinen
1614 2076 1831 2162 Jahrbiichcrn.
1850 2087 1916 2165 (ie.

174 2181 250 2233 erat
267 2172 312 2232 ad
330 2191 409 2232 eum
426 2169 618 2232 accesserit
632 2186 806 2250 quaerens
820 2178 856 2230 et
869 2169 1006 2230 dicens:
1087 2190 1288 2245 (tremiranum
1306 2209 1342 2245 ex
1359 2191 1516 2247 annalibus
1532 2189 1616 2268 suis.)
1637 2206 1662 2247 1,
1680 2192 1738 2246 Th,
1756 2192 1798 2249 go·
1816 2191 1916 2267 Smyr,

173 2293 294 2372 Ipsum
321 2304 416 2355 certe
437 2291 616 2354 dominum
637 2289 767 2354 Stoehr
788 2290 1006 2372 Pragensem
1086 2293 1188 2350 Greis.
1206 2293 1295 2367 1809.
1310 2293 1373 2366 346
1384 2314 1412 2369 p.
1427 2291 1505 2371 (Alia
1519 2297 1702 2370 exemplaria
1715 2316 1821 2354 annum
1837 2298 1917 2354 1810

173 2417 273 2476 esse?
297 2414 401 2495 Quod
418 2415 476 2476 ille
491 2416 591 2476 vultu
606 2414 765 2476 arridens
782 2413 1005 2492 adprobavit.
1044 2364 1047 2473 i
1087 2397 1218 2477 habent.)
1242 2399 1376 2454 Alteram
1397 2402 1500 2474 operis
1524 2415 1639 2475 partem
1663 2403 1783 2476 scriptis
1800 2402 1916 2477 perfee-

1087 2516 1146 2558 tam
1163 2516 1318 2559 auctorem
1336 2506 1431 2579 ipsum
1449 2505 1509 2577 igni
1527 2505 1686 2561 tradidisse
1708 2520 1852 2562 constans
1873 2511 1916 2563 in-

262 2562 401 2636 Stsahl
430 2574 668 2654 ῙῖῑῙΡθΓῗῑῙ8
701 2574 1006 2655 (Bfevnffi'eno'
1088 2622 1133 2663 ter
1150 2606 1391 2663 Cremifanenses
1409 2608 1530 2664 traditio
1548 2623 1603 2664 est.

174 2692 464 2774 Braunensis),
497 2693 676 2754 Bohemus
707 2691 1005 2773 LitomericensiS,

1174 2771 1359 2846 Strasser
1375 2783 1547 2848 Gabriel
1563 2787 1607 2848 II.
1630 2787 1916 2868 (Cremifanen-

1088 2898 1167 2980 sis),
1176 2900 1675 2987 AustriacusWaldzellensis,
1686 2905 1743 2968 die
1758 2908 1914 2973 13.Febr.

1087 3021 1168 3082 anni
1198 3027 1276 3085 1823
1302 3034 1423 3106 natus,
1448 3024 1683 3106 frequentatis
1707 3048 1785 3090 curn
1810 3031 1914 3094 laude

172 2825 277 2875 natus
299 2835 345 2892 17.
364 2816 451 2901 Αρτ.
475 2818 565 2895 1755,
587 2834 724 2876 sacram
746 2812 1005 2894 professionem
1045 2834 1048 2891 7

173 2935 289 2999 emisit
306 2938 471 2999 Braunae
493 2942 569 3015 1751
591 2936 648 2997 die
662 2940 690 2998 3.
707 2935 790 3017 Ian,
808 2955 850 2997 ac
868 2939 914 2996 16.
926 2932 1005 2997 Oct.

177 3064 255 3137 1757
274 3060 442 3121 sacerdos
459 3059 642 3120 ordinatus
659 3066 723 3119 est.
748 3056 833 3138 Egit
856 3056 891 3118 in
908 3057 1007 3120 insti-

172 3192 249 3244 tuto
284 3181 487 3264 theologico
525 3180 730 3242 monasterii
766 3180 1005 3260 professorem
1087 3144 1217 3206 scholis
1239 3144 1563 3210 Cremifanensibus
1587 3169 1613 3211 s.
1634 3151 1760 3213 habitu
1784 3153 1841 3214 die
1867 3175 1913 3216 11.

172 3303 376 3385 theologiae
393 3322 538 3383 morum,
563 3313 691 3382 postea
711 3322 856 3364 munere
880 3302 1005 3384 funge,
1086 3263 1185 3346 Sept.
1205 3271 1284 3345 1844
1302 3267 1445 3331 indutus
1462 3270 1664 3353 theologiae
1678 3275 1795 3336 studia
1812 3275 1845 3337 in
1863 3278 1914 3359 ly·

171 3429 276 3487 batur
292 3425 487 3506 subprioris
506 3424 684 3502 Braunae,
698 3424 824 3486 Policii
840 3436 875 3487 et
892 3424 1003 3486 Biev·
1086 3409 1149 3450 ⁰³⁰
1165 3389 1343 3452 meoenffl
1363 3393 1526 3473 ³b⁵⁰lv¹t⁷
1551 3414 1757 3474 em¹⁸⁵¹⁵que
1783 3400 1839 3461 (¹¹⁶
1866 3405 1912 3462 ¹3·

171 3547 277 3628 novii,
300 3568 341 3610 ac
366 3550 508 3609 tandem
524 3548 692 3610 Braunae
715 3547 811 3628 prior
833 3547 900 3609 fuit
922 3567 1002 3609 con·
1042 3446 1045 3597 i
1085 3510 1159 3572 Iun·
1189 3515 1267 3589 ¹848
1292 3524 1384 3574 νοω
1408 3515 1637 3578 ⁵⁰nemn¹bu⁸
1665 3520 1722 3580 (he
1748 3540 1797 3581 ²⁰·
1823 3541 1914 3584 Μεθ’

172 3669 326 3732 stitutus.
352 3669 458 3731 Vitae
484 3669 670 3731 terminum
692 3669 812 3750 attigit
841 3673 919 3730 1803
944 3670 1002 3731 die
1084 3633 1225 3712 quentis
1257 3636 1388 3697 memis
1416 3637 1574 3701 eiUSdem
1601 3642 1683 3704 anni
1711 3644 1912 3706 sacerdotio

178 3813 222 3869 14·
242 3792 331 3855 NOV·
357 3791 521 3872 Scripsit,
1041 3778 1044 3931 1
1083 3756 1242 3819 initiatus
1252 3770 1315 3820 est.
1335 3762 1503 3836 1848-60
1512 3763 1701 3826 adiunctus
1711 3766 1916 3848 astronomi,

259 3920 417 3992 Digestum
436 3918 472 3974 de
490 3920 586 3974 sacris
608 3916 714 3973 ritibus
736 3920 765 3973 ln
786 3919 1002 3991 augustissimo
1041 3940 1044 4025 p
1088 3884 1916 3957 1860-Ῡόἢεῒΐοῃοῐῃυὸἶᾱθῑῃᾰθοῧὸθῖνᾶῗοῐῇ

171 4026 280 4080 missae
298 4023 448 4079 sacrificio
471 4022 679 4078 observandis.
704 4023 760 4078 Ms.
785 4025 814 4078 in
838 4029 881 4095 4⁰.
909 4023 1002 4079 Volu·
1083 4003 1325 4085 35t1'0ss0miCl7
1357 4006 1623 4088 meteorologici
1655 4019 1690 4071 et
1722 4008 1915 4090 magnetici

172 4131 249 4184 mina
266 4127 294 4192 6,
313 4147 391 4203 quae
409 4130 437 4182 in
450 4126 634 4184 bibliotheca
647 4124 787 4183 abbatiae
801 4128 1003 4183 Braunavien·
1041 4166 1044 4229 ,
1084 4125 1247 4208 director,
1269 4131 1436 4206 1852—78
1457 4129 1560 4191 simul
1581 4130 1852 4193 mathematicae
1879 4140 1916 4192 et

170 4236 212 4289 sis
229 4233 441 4289 adservantur.
460 4230 544 4305 Sigss·
562 4233 595 4287 Β·
613 4232 635 4287 Ῑ·
654 4246 682 4286 2·
1041 4280 1043 4285 ·
1083 4250 1255 4330 physicae
1268 4249 1303 4312 in
1316 4251 1505 4332 gymnasio
1518 4251 1713 4331 professor:
1728 4269 1755 4311 c.
1765 4271 1790 4311 r.
1805 4270 1916 4313 aurea

258 4360 443 4433 Strasser
467 4370 640 4433 Gabriel
656 4371 682 4435 Ι.
708 4369 1003 4452 (Cremifanen-
1083 4390 1163 4432 cum
1181 4392 1311 4434 corona
1331 4392 1437 4434 cruce
1460 4391 1525 4453 pro
1550 4372 1622 4433 suis
1646 4370 1780 4433 meritis
1805 4371 1915 4455 insig-

171 4489 251 4569 sis),
274 4500 381 4550 antea
404 4487 592 4570 Georgius,
609 4489 822 4552 Austriacus
838 4487 1003 4553 Steinba·
1083 4492 1188 4556 nitus,

171 4610 296 4690 censis,
315 4621 421 4672 natus
442 4615 488 4672 15.
507 4610 610 4672 Febr.
634 4616 724 4692 1752,
746 4612 865 4673 studia
881 4612 1002 4673 huma·
1171 4613 1314 4695 Scripta
1331 4615 1406 4676 eius
1422 4625 1503 4677 sunt
1520 4615 1721 4696 sequentia:

169 4732 291 4793 nitatis
314 4743 350 4794 et
366 4732 612 4814 philosophica
628 4732 663 4793 in
680 4732 869 4814 gymnasio
893 4742 929 4795 et
950 4733 1002 4814 ly·
1169 4741 1191 4796 1.
1215 4740 1531 4814 Kegelschnittslinien
1553 4742 1629 4798 nach
1646 4742 1703 4797 den
1721 4743 1913 4816 wichtigsten

170 4874 234 4915 ceo
256 4853 512 4916 cremifanensi
535 4854 720 4935 percurrit,
745 4855 890 4936 expleto
919 4854 1001 4918 tiro.
1083 4843 1245 4900 Methoden
1262 4847 1314 4901 mit
1327 4845 1493 4901 Riicksicht
1504 4846 1557 4902 der
1569 4847 1824 4920 geschichtlichen
1839 4848 1912 4903 Ent-

170 4975 361 5038 ciniianno
379 4977 515 5056 eadem,
538 4996 608 5056 qua
624 4986 811 5057 natusest,
838 4976 895 5038 die
921 4982 1000 5056 1770
1040 4910 1043 5043 i
1083 4948 1263 5024 wickelung.
1281 4947 1310 5026 (i.
1329 4968 1354 5005 e.
1373 4950 1556 5006 Dissertatio
1573 4951 1610 5007 de
1627 4950 1812 5008 sectionibus
1830 4955 1912 5008 coni-

1040 5066 1042 5085 ¹
1082 5050 1148 5129 cis)
1165 5052 1514 5129 Gymnasialprogramm
1533 5052 1623 5126 1863.
1638 5056 1721 5121 Lim,
1737 5056 1840 5111 Druck
1852 5075 1913 5112 von

1081 5157 1105 5231 J.
1124 5157 1333 5231 Feichtingers
1351 5157 1463 5213 Erben.
1485 5164 1527 5230 4⁰.
1552 5157 1591 5231 69
1609 5178 1637 5234 p.
1661 5159 1773 5233 Verlag
1789 5159 1843 5215 der
1861 5161 1913 5216 Di-

1082 5273 1208 5317 l‘CCthss.

170 5342 443 5403 sollemnitatem
456 5340 641 5404 millenarii
652 5339 926 5404 Cremifanensis
940 5362 1000 5404 no·
1168 5366 1205 5421 11,
1217 5363 1749 5441 Sternschnuppenbeobachtungen.
1767 5365 1796 5445 (i.
1809 5387 1835 5424 e·
1848 5367 1913 5424 Ob.

170 5098 376 5160 sollemnem
393 5108 556 5161 votorum
572 5097 788 5178 regularium
809 5097 1001 5178 professio·

169 5238 250 5281 nem
267 5219 379 5282 edidit
396 5228 432 5281 et
448 5219 667 5300 insequentis
684 5219 766 5281 anni
783 5219 839 5281 die
859 5238 886 5298 7.
900 5219 999 5300 Sept.

170 5482 235 5524 vus
252 5464 299 5524 ad
315 5483 412 5525 aram
434 5464 602 5525 sacerdos
623 5465 771 5526 adstans
793 5463 1000 5544 auspicatus
1080 5472 1270 5526 servationes
1286 5471 1493 5526 traiectionum
1514 5468 1690 5547 stellarum.)
1712 5471 1913 5548 Abgedruckt

1654 5573 1705 5634 59*
