4178 6196
894 442 1126 514 „5-

222 619 968 712 AuboeckUdalricus(Cremifanem

133 748 217 829 sis),
233 758 339 811 antea
356 745 576 829 Guilielmus,
594 747 651 810 die
668 770 714 827 19.
728 749 815 812 Maii
836 755 914 828 1827
932 749 968 812 in

133 893 234 958 pago
263 870 434 934 Austriae
467 869 658 952 superioris
689 870 969 934 Voecklamarkt

136 1008 254 1076 natus,
271 992 388 1056 studia
400 992 608 1055 humaniora
620 992 655 1054 in
668 993 856 1075 gymnasio
869 1002 905 1056 et
917 993 969 1076 ly-

138 1138 204 1182 ceo
221 1115 476 1180 Cremifanensi
498 1115 660 1178 alumnus
683 1134 712 1177 c.
733 1135 760 1177 r.
785 1105 969 1178 convictus

136 1239 301 1305 absolvit.
330 1237 367 1302 S.
392 1238 525 1301 ordinis
555 1237 667 1301 nostri
694 1246 795 1300 veste
825 1237 969 1300 indutus

141 1385 191 1426 11.
204 1362 305 1444 Sept.
323 1365 414 1441 1847,
432 1360 651 1443 theologicas
669 1360 875 1442 disciplinas
888 1360 970 1422 Lin-

137 1487 184 1550 011
208 1484 331 1548 didicit
355 1492 392 1546 et
419 1482 476 1545 die
501 1488 551 1545 25.
576 1483 670 1566 Aug.
699 1487 775 1545 1851
807 1483 842 1545 in
865 1502 970 1565 regu-

137 1612 208 1672 lam
224 1627 251 1669 s.
264 1628 298 1689 p.
309 1606 496 1669 Benedicti
509 1606 724 1668 sollemniter
740 1605 877 1669 iuravit.
901 1603 970 1666 Die

139 1753 191 1795 22.
205 1730 304 1812 Sept.
322 1733 401 1791 1852
416 1729 615 1791 sacerdotio
628 1727 786 1809 initiatus
803 1731 968 1791 1852-53

137 1855 174 1917 in
192 1851 384 1940 Thalheim,
410 1855 489 1913 1853
512 1869 625 1931 usque
645 1852 693 1913 ad
716 1870 872 1913 mensem
890 1850 968 1915 Oct.

137 1978 174 2040 in
201 1974 437 2057 Sipbachzell,
469 1973 597 2035 deinde
625 1993 737 2054 usque
764 1974 810 2036 ad
839 1993 970 2035 annum

143 2102 223 2162 1868
245 2098 280 2160 in
300 2095 469 2178 parochia
486 2093 741 2157 Cremifanensi
763 2104 970 2176 cooperato-

137 2242 213 2285 rem
225 2221 398 2302 simulque
412 2218 633 2281 catechetam
646 2216 680 2280 in
693 2218 856 2298 Kriihub,
870 2218 970 2280 scho-

137 2345 173 2407 la
188 2342 327 2423 triviali,
345 2341 434 2423 egit;
458 2342 504 2402 ab
521 2359 614 2402 anno
635 2343 714 2402 1868
732 2340 785 2402 sui
797 2339 882 2401 iuris
897 2339 970 2402 fac-

138 2476 196 2529 tus
208 2463 399 2547 parochiae
410 2462 445 2523 111
454 2471 574 2524 monte
583 2481 610 2522 5.
619 2461 858 2544 Magdalenae
868 2483 970 2544 prae-

137 2588 216 2668 fuit,
233 2586 448 2649 zelosissime
465 2586 500 2647 in
516 2584 622 2648 vinea
633 2584 775 2647 Domini
792 2586 971 2648 desudans

137 2711 228 2775 obiit
244 2710 301 2773 die
323 2713 369 2771 13.
386 2708 490 2771 Febr.
513 2711 603 2787 1870.
626 2706 762 2770 Edidit:

227 2854 285 2910 Ein
298 2854 387 2910 Wort
405 2852 451 2909 fiir
464 2854 597 2909 Priester
609 2851 669 2908 und
679 2851 767 2910 Volk.
785 2851 908 2926 Predigt
920 2871 973 2907 zur

138 2958 322 3017 Primizfeier
343 2958 397 3014 des
414 2957 542 3013 Hochw.
559 2958 660 3013 Herrn
676 2956 815 3033 Leopold
831 2956 927 3012 Rendl
944 2958 973 3012 in

139 3065 193 3120 der
210 3063 326 3118 Markt·
342 3061 401 3118 und
418 3061 609 3119 Psarrkirche
624 3081 661 3117 zu
673 3061 911 3119 Voecklamarkt
926 3080 973 3117 am

139 3185 168 3243 9.
182 3167 302 3242 August
320 3165 409 3240 1865.
428 3182 457 3223 2.
470 3167 548 3223 Auli.
567 3164 657 3238 1865.
676 3166 781 3222 Druck
793 3185 854 3222 von
867 3167 973 3223 Feich-

138 3276 255 3348 tingers
278 3271 392 3335 Erben,
417 3271 503 3327 Linz.
530 3271 679 3346 Verleger
702 3270 841 3347 Leopold
865 3270 972 3327 Rendl.

140 3375 170 3457 (i.
181 3397 208 3433 e.
216 3377 323 3434 Oratio
333 3395 357 3433 s.
368 3373 470 3432 habita
482 3374 520 3430 ad
533 3375 763 3432 sollemnitatem
779 3364 866 3452 primi
879 3377 973 3432 sacri-

139 3483 198 3539 ficii
216 3479 366 3556 Leopoldi
382 3475 501 3558 Rendl.)

226 3662 430 3759 Avagian‚
459 3674 498 3736 P.
527 3675 778 3738 Adeodatus
807 3675 971 3756 (Mechi-

139 3792 351 3874 tharista),
368 3792 403 3854 in
420 3792 552 3875 oppido
568 3793 695 3874 Lysiec
711 3793 746 3856 in
761 3791 897 3857 Galicia
914 3794 972 3856 die

141 3937 169 3996 7.
194 3915 299 3977 Febr.
329 3918 408 3976 1816
433 3924 554 3995 natus,
579 3914 739 3977 Viennae
767 3915 802 3978 in
826 3916 972 3978 Austria
1005 3968 1008 3976 .

138 4039 264 4103 habitu
288 4056 315 4098 s.
340 4037 397 4099 die
429 4056 475 4115 14.
503 4035 588 4098 Maii
621 4041 698 4115 1842
727 4037 881 4121 indutus,
915 4039 972 4100 die

141 4182 191 4225 21.
208 4160 298 4224 Nov.
320 4164 399 4238 1843
421 4168 506 4221 vota
527 4159 656 4240 emisit,
681 4168 717 4222 et
740 4159 797 4221 die
823 4165 869 4223 13.
892 4160 970 4224 001.

144 4288 226 4346 1850
251 4290 480 4346 consecratus
496 4290 552 4343 est
566 4283 764 4364 presbyter.
789 4282 830 4345 In
852 4303 972 4346 mona-

140 4406 249 4471 sterio
261 4405 328 4468 fuit
344 4425 409 4488 per
420 4403 556 4485 aliquot
571 4423 683 4466 annos
695 4402 876 4484 professor
887 4425 972 4488 geo-

139 4529 313 4612 graphiae
330 4537 366 4590 et
381 4525 550 4589 historiae
565 4525 744 4588 naturalis
754 4563 797 4571 —
807 4527 866 4611 Ab
880 4546 972 4590 anno

145 4656 221 4715 1861
244 4650 409 4733 Tergesti
429 4650 464 4712 in
477 4648 673 4733 gymnasio
688 4648 972 4712 Mechitharista-

142 4792 216 4835 rum
236 4770 491 4833 Viennensium
519 4769 587 4832 fuit
612 4769 794 4850 professor
820 4791 972 4854 geogra-

139 4893 254 4976 phiae,
262 4891 432 4954 historiae
445 4891 615 4955 naturalis
626 4900 662 4954 et
671 4893 851 4976 physicae.
865 4894 972 4956 Anno

144 5020 223 5097 1874
234 5014 488 5078 demandatum
499 5024 553 5077 est
564 5014 679 5076 eidem
691 5015 728 5078 in
737 5017 861 5078 eodem
870 5035 971 5098 gym-

139 5139 238 5204 nasio
253 5156 381 5203 munus
398 5137 592 5200 directoris.

224 5279 347 5363 Opera
371 5277 446 5340 eius
469 5276 505 5340 in
527 5275 611 5360 ling.
629 5264 851 5340 Neoarmena
873 5277 970 5359 typis

139 5403 248 5466 edita:

1135 632 1159 688 1.
1190 626 1419 711 ,temeram
1445 633 1766 708 ,taquamquam
1801 635 1819 690 i.
1856 653 1883 690 e.

1049 734 1255 792 Amoenitates
1281 737 1424 793 historiae
1450 738 1601 794 1111111115.
1630 739 1779 807 Viennae,
1804 741 1884 815 typis

1048 839 1191 896 Mechith.
1213 839 1303 913 1857.

1135 945 1172 1000 H.
1189 944 1307 1020 uentum
1327 947 1402 1020 qoud*
1420 944 1652 1026 ωζρωμςωῧῃθ,
1672 947 1689 1002 i.
1707 965 1734 1003 e.
1749 945 1836 1005 Atlas
1854 947 1882 1002 h.

1049 1067 1075 1104 e.
1096 1047 1264 1105 tabularum
1280 1051 1554 1126 geographicarum
1577 1050 1727 1118 volumen,
1746 1051 1775 1106 in
1797 1070 1882 1107 usum

1048 1153 1220 1210 scholarum
1241 1155 1443 1212 nationalium.
1468 1156 1617 1222 Viennae,
1643 1157 1722 1231 typis
1739 1155 1881 1212 Mechith.

1058 1256 1149 1331 1857.

1136 1364 1190 1419 111.
1218 1363 1375 1440 llivefws
1400 1363 1620 1439 lllfrfflrffrn
1651 1363 1882 1439 ...amynta

1051 1467 1068 1522 i.
1087 1486 1113 1523 e.
1131 1464 1643 1545 Η1510111(1·1111)Μ1111ε8111111,
1665 1470 1790 1543 reginae
1807 1466 1883 1524 Sco·

1051 1572 1120 1628 tiae.
1137 1572 1281 1639 Viennae,
1299 1575 1379 1648 typis
1395 1573 1537 1630 Mechith.
1559 1572 1649 1630 1861.

1137 1718 1348 1813 Avgerian
1369 1733 1421 1813 (=
1442 1733 1596 1814 Auker)
1618 1733 1657 1795 P.
1678 1732 1883 1796 Nicolaus

1052 1844 1408 1930 (Mechitharista),
1432 1847 1605 1932 Smyrnae
1629 1851 1686 1912 die
1712 1855 1763 1913 28.
1783 1848 1883 1933 Sept.

1054 1974 1133 2031 1831
1156 1979 1271 2052 1111115,
1292 1970 1454 2034 Viennae
1479 1972 1514 2035 in
1537 1973 1685 2036 Austria
1708 1957 1833 2036 habitu
1856 1993 1882 2035 5.

1050 2091 1108 2153 die
1125 2096 1153 2153 8.
1168 2092 1255 2175 Apr.
1273 2096 1355 2154 1850
1371 2094 1524 2176 indutuS,
1542 2095 1599 2157 die
1620 2102 1667 2159 15.
1681 2095 1781 2178 Sept.
1803 2099 1880 2158 1851

1050 2222 1136 2276 vota
1152 2215 1278 2298 emisit,
1296 2228 1332 2280 et
1348 2217 1405 2279 die
1424 2239 1473 2296 14.
1493 2218 1580 2281 Dec.
1602 2222 1682 2298 1854
1699 2237 1882 2281 consecra-

1049 2344 1107 2398 tus
1124 2346 1178 2398 est
1193 2340 1392 2421 presbyter.
1413 2340 1454 2403 In
1476 2341 1690 2404 monasterio
1711 2340 1778 2403 fuit
1801 2342 1882 2402 sub-

1050 2457 1254 2539 praefectus
1278 2461 1500 2544 novitiorum,
1526 2472 1599 2526 tum
1624 2462 1804 2544 professor
1820 2463 1883 2524 hu·

1051 2580 1246 2643 maniorum
1258 2583 1453 2646 studiorum
1467 2594 1503 2647 et
1519 2585 1773 2667 philosophiae,
1790 2602 1883 2646 anno

1056 2706 1136 2764 1856
1150 2704 1270 2766 docuit
1283 2705 1499 2789 theologiam
1511 2707 1759 2790 dogmaticam.
1776 2707 1883 2768 Anno

1057 2827 1137 2903 1859
1150 2805 1337 2908 Smyrnam
1350 2829 1487 2909 111155115,
1504 2829 1540 2891 in
1552 2830 1702 2912 collegio
1714 2828 1881 2891 Mechith.

1052 2945 1307 3010 Viennensium
1337 2949 1405 3012 fuit
1431 2949 1582 3032 primurn
1609 2951 1789 3032 professor
1820 2951 1883 3012 hu-

1052 3069 1246 3132 maniorum
1268 3072 1474 3156 studiorum,
1496 3073 1625 3136 deinde
1643 3072 1806 3152 director,
1824 3072 1883 3132 de·

1053 3210 1146 3253 mum
1162 3193 1324 3274 superior
1340 3194 1442 3257 simul
1459 3204 1494 3257 et
1511 3195 1673 3257 director.

1140 3313 1241 3397 Opus
1268 3315 1343 3378 eius
1370 3317 1405 3379 in
1432 3317 1516 3400 ling.
1537 3317 1760 3380 Neoarmena
1786 3315 1883 3399 typis

1053 3435 1202 3499 editum:

1138 3564 1329 3651 Ιζῖιφςωῖιηιμ
1345 3566 1578 3642 ψωιῦιιρρἀ,
1593 3569 1610 3623 i.
1628 3587 1654 3624 e.
1670 3568 1804 3623 Historia
1819 3566 1884 3622 uni·

1052 3669 1178 3724 versalis
1200 3671 1228 3725 in
1245 3690 1329 3726 usum
1347 3673 1534 3746 superiorum
1556 3672 1726 3728 scholarum
1748 3673 1883 3728 nationa-

1053 3771 1132 3829 lium.
1157 3773 1225 3830 Vol.
1243 3775 1265 3830 1.
1283 3775 1425 3843 Viennae,
1443 3778 1523 3853 typis
1538 3777 1680 3833 Mechith.
1702 3775 1792 3833 1861.

1139 3917 1356 4014 Aydinian,
1399 3934 1438 3996 P.
1476 3933 1681 3996 Arsenius
1722 3932 1884 4015 (Mechi-

1051 4046 1253 4130 tharista),
1268 4047 1573 4133 Constantinopoli
1586 4053 1643 4113 die
1656 4057 1703 4114 18.
1715 4052 1787 4114 Ian.
1803 4055 1881 4112 1825

1052 4177 1171 4250 natus,
1196 4169 1357 4234 Viennae
1384 4173 1419 4234 in
1447 4173 1593 4237 Austria
1620 4174 1743 4236 habitu
1771 4193 1797 4236 s,
1826 4173 1883 4235 die

1053 4293 1082 4352 3.
1095 4289 1185 4354 Νον.
1203 4296 1284 4371 1840
1300 4293 1453 4376 indutus,
1470 4296 1527 4359 die
1544 4317 1591 4375 14.
1604 4294 1690 4357 Maii
1707 4300 1784 4372 1842
1798 4304 1884 4356 vota

1053 4413 1178 4496 emisit,
1201 4426 1237 4479 et
1257 4417 1314 4479 die
1336 4439 1360 4479 1.
1377 4418 1466 4480 Nov.
1488 4423 1567 4498 1845
1585 4427 1812 4481 consecratus
1828 4426 1883 4480 est

1052 4540 1251 4621 presbyter.
1283 4540 1324 4603 In
1344 4543 1557 4605 monasterio
1573 4541 1640 4604 fuit
1656 4539 1883 4622 subpraefec·

1052 4670 1110 4723 tus
1133 4662 1344 4725 novitiorum
1373 4674 1409 4726 et
1433 4664 1615 4745 professor
1639 4662 1883 4725 humaniorum

1052 4784 1259 4847 studiorum.
1269 4823 1308 4830 -
1323 4785 1385 4848 Bis
1398 4788 1501 4867 (anno
1517 4790 1593 4849 1851
1607 4795 1643 4848 et
1656 4788 1748 4864 1855)
1762 4783 1883 4867 Smyr-

1052 4924 1133 4968 nam
1156 4907 1298 4989 missus,
1326 4928 1392 4990 per
1414 4909 1548 4990 aliquot
1570 4928 1682 4971 annos
1705 4908 1882 4970 incumbe-

1051 5031 1115 5093 bat
1137 5029 1288 5113 primum
1312 5028 1429 5093 officio
1454 5030 1662 5092 missionarii
1686 5031 1882 5111 apostolici,

1051 5152 1180 5215 deinde
1207 5152 1418 5233 professoris
1426 5201 1435 5234 ,
1466 5153 1606 5215 demum
1635 5152 1819 5215 directoris
1847 5153 1883 5215 in

1051 5274 1200 5357 collegio
1231 5273 1398 5336 Mechith.
1429 5274 1694 5337 Viennensium.
1729 5271 1883 5357 Smyrna

1050 5397 1392 5478 Constantinopolim
1403 5396 1542 5479 missus,
1551 5416 1617 5479 per
1624 5398 1759 5479 aliquot
1771 5415 1884 5458 annos
