4178 6196
938 467 1145 529 *11-

172 716 293 787 solum
320 713 435 787 silvas
461 712 703 786 densissimas
731 711 975 807 exstirpasse,
999 712 1256 808 regionesque
1280 711 1440 785 incultas
1466 711 1501 782 in
1526 736 1644 808 agros
1664 711 1912 783 fertilissimos

171 888 400 973 immutasse,
430 887 501 958 sed
529 886 642 959 etiam
671 885 924 958 doctrinarum
952 885 1163 981 artiumque
1192 885 1328 958 lumine
1358 911 1525 972 errorum
1560 888 1739 959 tenebras
1769 885 1930 968 discus:

172 1061 267 1135 sisse
295 1076 412 1156 atque
440 1059 612 1132 homines
639 1060 743 1132 feros
770 1075 887 1154 atque
915 1059 1095 1131 immanes
1128 1063 1179 1131 ad
1206 1058 1476 1131 humanitatem
1514 1073 1552 1131 et
1586 1059 1911 1131 mansuetudinem

171 1260 377 1308 revocasse
406 1250 444 1307 et
473 1235 610 1306 multos
638 1235 836 1329 praeclara
865 1234 1060 1307 doctrinae
1094 1250 1133 1306 et
1166 1231 1371 1305 industriae
1399 1232 1564 1328 vestigia
1597 1247 1636 1304 et
1669 1248 1910 1304 monumenta

172 1409 380 1504 reliquisse,
411 1408 494 1503 quis
523 1422 582 1480 est
610 1407 672 1502 qui
701 1407 869 1479 nesciat?

303 1583 404 1675 Quid
432 1582 491 1654 hic
520 1583 617 1653 ordo
646 1580 680 1651 in
709 1580 915 1652 litterarum
941 1580 1086 1667 studiis,
1117 1580 1206 1675 quid
1226 1581 1261 1653 in
1281 1580 1394 1652 variis
1414 1579 1548 1651 artium
1567 1578 1774 1651 liberalium
1794 1604 1911 1674 gene-

171 1756 275 1830 ribus
303 1759 353 1827 ab
381 1755 482 1827 initio
511 1780 633 1849 usque
663 1756 712 1826 ad
741 1753 947 1849 superioris
975 1755 1117 1827 saeculi
1146 1754 1334 1827 dimidiam
1363 1770 1509 1850 partem
1529 1753 1762 1848 praestiterit
1782 1779 1910 1825 monu-

173 1929 383 2023 mentisque
412 1928 559 2024 scriptis
587 1927 791 2002 memoriae
820 1928 1040 2023 prodiderit,
1076 1928 1274 2001 maximam
1306 1945 1454 2024 partem
1488 1952 1710 2022 expressum
1738 1926 1910 1998 videmus

173 2104 208 2175 in
241 2102 303 2174 illo
333 2127 469 2197 opere,
503 2103 607 2196 quod
640 2100 870 2173 inscribitur:
912 2101 1103 2189 „Historia
1131 2101 1184 2174 rei
1213 2101 1418 2174 litterariae
1448 2100 1588 2173 ordinis
1617 2127 1645 2173 S.
1676 2099 1908 2184 Benedicti“,

174 2303 198 2349 a
225 2274 471 2348 Benedictino
499 2275 540 2346 P.
571 2275 808 2369 Magnoaldo
838 2274 1090 2369 Ziegelbauer
1127 2274 1342 2370 conscripto
1381 2290 1419 2346 et
1453 2289 1542 2370 post
1579 2274 1660 2345 eius
1694 2289 1852 2345 mortem
1887 2298 1910 2343 a

174 2452 215 2522 Ρ.
246 2447 414 2522 Oliverio
442 2446 674 2543 Legipontio
703 2448 908 2543 Augustae
937 2447 1218 2520 Vindelicorum
1252 2469 1347 2540 1754
1382 2448 1504 2531 edito,
1543 2472 1619 2542 quo
1655 2447 1690 2518 in
1724 2471 1842 2541 opere
1874 2445 1910 2516 in

174 2638 304 2719 partes
332 2636 512 2718 quattuor
540 2621 660 2693 diviso
690 2646 752 2693 res
779 2620 831 2693 ita
855 2621 935 2694 fere
956 2622 1139 2717 disposita
1169 2638 1238 2707 est,
1269 2636 1310 2693 ut
1339 2620 1545 2716 disputatio
1576 2622 1624 2691 de
1653 2619 1786 2692 studiis
1813 2619 1909 2691 litte-

173 2820 298 2868 rarum
326 2795 360 2866 in
388 2795 461 2866 hoc
497 2793 629 2865 ordine
667 2819 736 2889 per
772 2794 954 2867 tredecim
991 2795 1146 2867 saecula
1178 2794 1397 2891 vigentibus
1432 2809 1470 2867 et
1506 2795 1661 2868 historia
1698 2796 1909 2868 scholarum

175 2968 544 3063 academiarumque,
575 2992 675 3063 quae
704 2968 945 3064 singulariter
973 2972 1189 3054 floruerunt,
1218 2969 1492 3064 praemittatur,
1523 2968 1660 3041 deinde
1679 2969 1781 3041 vitae
1800 2993 1910 3063 prae-

175 3143 369 3239 cipuorum
389 3144 655 3214 hlaecenatum
681 3166 702 3214 e
727 3167 883 3213 numero
904 3143 1085 3213 abbatum
1107 3157 1145 3214 et
1164 3141 1297 3214 itinera
1317 3141 1620 3214 doctissimorum
1641 3142 1908 3213 monachorum

176 3319 226 3390 ad
254 3315 524 3390 celeberrimos
557 3315 870 3387 bibliothecarum
908 3329 947 3387 et
980 3314 1252 3387 tabulariorum
1289 3316 1490 3387 thesauros
1527 3317 1817 3399 adumbrentur,
1856 3314 1911 3386 his

176 3488 340 3584 denique
368 3489 574 3561 litterarum
603 3486 779 3573 historia,
814 3487 916 3559 vitae
944 3488 1215 3559 monachorum
1248 3487 1460 3560 eruditione
1493 3487 1783 3584 praestantium,
1823 3513 1911 3559 enu-

175 3662 332 3735 meratio
362 3686 520 3757 operum
550 3663 600 3733 ab
628 3659 671 3731 iis
700 3675 942 3732 exaratorum
971 3662 1236 3757 adiungantur.

305 3836 370 3906 Ab
400 3833 567 3906 editione
595 3834 704 3906 huius
732 3833 813 3906 libri
841 3860 938 3907 nunc
966 3836 1051 3931 plus
1084 3862 1196 3907 unum
1225 3836 1417 3908 saeculum
1450 3834 1656 3930 praeteriit.
1704 3835 1791 3906 Hoc
1819 3833 1910 3905 inte-

174 4009 240 4082 rim
278 4008 402 4104 spatio
440 4032 540 4101 quae
577 4007 906 4080 Benedictinorum
944 4011 1040 4081 ordo
1078 4009 1248 4104 quamvis
1286 4008 1518 4105 gravissimis
1554 4009 1699 4080 interea
1736 4006 1911 4079 adfectus
1968 3986 1970 3993 Ι

175 4181 314 4254 iniuriis
342 4181 378 4252 in
406 4179 539 4252 litteris
566 4180 781 4276 profecerit,
812 4196 853 4254 ut
881 4181 1015 4276 aliquis
1034 4181 1298 4279 Ziegelbaueri
1322 4206 1523 4254 successor
1543 4181 1753 4276 conligeret
1772 4195 1811 4252 et
1829 4205 1912 4274 per-

175 4355 359 4428 scriberet
387 4356 586 4427 multorum
614 4380 733 4451 saepe
761 4355 861 4428 votis
890 4355 1097 4451 expetitum
1127 4371 1205 4440 est,
1242 4380 1311 4427 nec
1349 4354 1569 4440 defuerunt,
1609 4353 1672 4448 qui
1706 4355 1801 4426 hanc
1834 4378 1911 4425 rem

174 4531 332 4603 arduam
366 4528 561 4624 suscipere
595 4529 677 4602 ausi
711 4528 795 4602 sint.
844 4529 931 4620 Quo
965 4529 1000 4602 in
1033 4555 1188 4602 numero
1218 4545 1300 4602 erat
1328 4528 1568 4601 doctissimus
1597 4530 1638 4600 P.
1670 4528 1802 4599 Gallus
1829 4527 1911 4598 Mo-

174 4704 288 4777 relius
316 4702 597 4790 Einsiedlensis,
628 4702 701 4797 qui,
732 4717 773 4775 ut
800 4702 917 4776 refert
944 4705 985 4776 P.
1015 4705 1145 4776 Benno
1174 4705 1328 4790 Kiihne,
1363 4702 1426 4798 qui
1455 4702 1568 4775 vitam
1602 4703 1683 4774 eius
1716 4700 1911 4797 scripsit¹)‚

176 4900 353 4972 magnam
380 4875 588 4947 litterarum
618 4874 758 4947 ordinis
786 4899 816 4947 s.
846 4875 1041 4948 Benedicti
1069 4875 1263 4948 materiam
1291 4875 1499 4971 congessit.
1547 4875 1627 4947 Sed
1654 4889 1774 4946 morte
1803 4898 1912 4968 prae-

175 5063 324 5122 matura
350 5051 506 5122 labores
534 5047 615 5120 eius
643 5047 839 5143 interrupti
867 5061 964 5122 sunt.

182 5276 487 5283 ..—....-——--

306 5413 328 5494 ¹)
351 5418 383 5473 P.
408 5415 487 5472 Gall.
512 5417 618 5473 Morel.
643 5416 701 5472 Ein
724 5413 941 5472 Mouchsleben
965 5434 1019 5472 aus
1042 5413 1109 5471 dem
1132 5416 1215 5472 XIX.
1238 5414 1449 5491 Jahrhundert.
1474 5414 1657 5482 Einsiedeln,
1686 5413 1776 5488 1875.
