4178 6196
845 435 892 498 ‘-
937 451 1064 514 LXIX
1111 491 1152 498 -

129 679 345 742 Franciscus
362 677 587 761 gymnasium
604 698 632 741 s.
645 677 773 740 Annae
797 677 944 740 tradidit
960 675 1078 741 Scotis
1091 677 1442 758 Vindobonensibus,
1468 678 1528 760 qui
1544 699 1629 741 cura
1646 690 1681 742 et
1697 680 1871 743 industria

131 819 337 899 effecerunt,
373 829 412 882 ut
441 816 667 901 gymnasium
699 815 872 881 Scotense
907 816 999 879 inter
1034 816 1265 879 celeberrima
1297 817 1486 899 gymnasia
1517 818 1655 901 imperii
1687 819 1868 882 Austriaci

132 968 336 1022 numeretur
352 958 384 1038 Ι).
431 957 537 1019 Anno
565 961 646 1034 1814
669 957 791 1019 schola
822 956 1081 1018 monasterialis
1106 954 1415 1020 Seitenstettensis
1446 976 1510 1039 per
1538 961 1705 1021 abbatem
1730 957 1869 1022 Colum·

132 1102 263 1161 banum
288 1096 483 1159 Zechenter
508 1096 746 1177 (1814—1838)
776 1094 1001 1176 imperatoris
1027 1096 1241 1158 auctoritate
1274 1106 1410 1157 mutata
1442 1069 1561 1158 estin
1594 1098 1738 1178 plenum
1768 1119 1870 1180 gym-

131 1238 269 1300 nasium
292 1236 474 1318 publicum
488 1237 522 1316 ²).
569 1235 610 1297 In
633 1233 849 1297 monasterio
873 1189 1377 1319 Gottvicensi,ba11Q9{nsi,
1404 1235 1695 1318 Altenburgensi,
1724 1238 1868 1301 scholae

130 1376 411 1456 monasteriales,
435 1395 527 1456 quae
551 1385 658 1438 antea
680 1373 830 1456 fuerant,
855 1374 1042 1436 restitutae
1066 1385 1158 1438 sunt.

262 1515 336 1578 Nec
360 1514 473 1576 minor
497 1522 574 1576 erat
602 1513 638 1576 in
662 1511 770 1577 Stiria
802 1525 837 1575 et
865 1510 1046 1575 Carinthia
1075 1512 1388 1575 Benedictinorum
1419 1512 1602 1577 industria.
1643 1514 1869 1578 Benedictini

132 1654 395 1718 Admontenses
434 1673 526 1715 anno
569 1657 648 1715 1808
688 1652 913 1735 gymnasium
947 1650 1162 1714 Liubinense
1202 1663 1430 1735 receperunt,
1471 1672 1584 1733 eoque
1619 1653 1655 1715 in
1694 1655 1865 1736 oppidum
1911 1727 1914 1734 Ι

131 1795 427 1876 Iudenburgense
450 1792 622 1854 translato
646 1790 831 1853 Admontii
864 1789 1041 1872 privatum
1073 1790 1307 1853 condiderunt
1338 1791 1580 1873 gymnasium,
1613 1793 1708 1872 quod
1738 1813 1868 1876 magno

132 1932 387 2013 discipulorum
412 1949 557 1993 numero
580 1928 875 2010 frequentabatur
888 1929 923 2008 ³).
970 1927 1164 1991 Praeterea
1186 1948 1279 1991 anno
1300 1933 1378 1991 1802
1397 1930 1624 2012 gymnasium
1641 1930 1867 2015 Graeciense,

132 2072 191 2134 cui
215 2072 400 2134 convictus
423 2079 499 2134 erat
523 2070 725 2149 adiunctus,
748 2069 795 2129 ab
818 2066 1033 2147 imperatore
1057 2066 1086 2128 F
1088 2065 1249 2129 rancisco
1273 2079 1488 2148 acceperunt
1503 2070 1537 2148 ⁴).
1584 2068 1625 2131 In
1654 2071 1869 2135 monasterio

131 2233 160 2274 s.
185 2210 376 2291 Lamberti,
400 2219 590 2292 postquam
614 2206 838 2290 imperatoris
855 2225 991 2267 summa
1006 2206 1124 2288 gratia
1139 2207 1342 2269 restitutum
1360 2217 1424 2287 est,
1448 2208 1626 2290 privatum
1643 2209 1869 2292 gymnasium

132 2350 315 2413 conditum
339 2359 394 2412 est
418 2348 672 2429 discipulorum
696 2367 842 2411 numero
865 2348 953 2410 satis
977 2348 1118 2410 celebre
1133 2349 1168 2427 ⁵).

264 2487 490 2552 Benedictini
520 2507 548 2551 s.
572 2485 700 2568 Blasii,
732 2507 812 2549 cum
842 2486 967 2548 relicto
998 2486 1032 2548 in
1061 2487 1217 2548 Abnoba
1248 2497 1366 2550 monte
1398 2488 1612 2551 monasterio
1644 2489 1868 2569 imperatoris

132 2629 253 2713 gratia
275 2648 367 2691 anno
396 2633 473 2705 1807
503 2626 756 2690 monasterium
785 2627 831 2688 ad
855 2626 1013 2708 Pyrnum
1041 2635 1195 2687 montem
1225 2635 1334 2706 atque
1365 2627 1503 2688 duobus
1534 2628 1635 2689 annis
1666 2639 1748 2709 post
1778 2629 1868 2706 antif

132 2768 342 2849 quissimum
373 2766 627 2829 monasterium
659 2786 686 2830 s.
718 2765 822 2828 Pauli
854 2765 890 2828 in
921 2764 1104 2828 Carinthia
1134 2766 1376 2845 accepissent,
1409 2764 1647 2849 Clagenfurti,
1679 2768 1714 2830 in
1749 2768 1867 2848 capite

131 2906 346 2988 Carinthiae,
370 2905 548 2989 gymnasii
572 2915 608 2968 et
630 2903 724 2987 lycei
747 2924 866 2967 curam
889 2916 1124 2986 susceperunt
1155 2913 1262 2985 atque
1294 2904 1328 2965 in
1360 2904 1439 2984 ipso
1466 2906 1681 2968 monasterio
1709 2906 1867 2968 scholam

130 3055 350 3127 aperuerunt
364 3045 399 3125 ⁶).

265 3185 305 3246 In
319 3184 447 3266 Tirole,
464 3204 544 3247 cum
559 3184 810 3247 monasterium
828 3183 1300 3246 Mariae-Montanumanno
1320 3188 1398 3262 1807
1416 3203 1481 3265 per
1497 3184 1671 3247 Bavarios
1687 3186 1866 3248 sublatum

131 3334 238 3404 esset,
262 3324 487 3407 gymnasium
510 3324 721 3387 Meranense
745 3323 859 3405 primo
883 3343 953 3386 una
976 3324 1164 3404 sublatum,
1189 3323 1317 3385 deinde
1341 3324 1545 3387 restitutum
1560 3332 1669 3406 atque
1685 3325 1731 3387 ad
1748 3325 1867 3387 Bava-

131 3464 241 3526 ricam
266 3464 462 3526 studiorum
485 3464 658 3526 rationem
675 3464 944 3526 accomodatum
961 3472 1026 3527 est.
1058 3464 1099 3525 Id
1123 3464 1289 3554 restituto
1311 3463 1525 3526 monasterio
1541 3463 1866 3527 Mariae-Montano

132 3602 357 3666 Benedictini
381 3612 595 3683 receperunt
618 3612 654 3665 et
678 3621 761 3664 mox
783 3601 969 3684 pristinam
994 3603 1070 3664 eius
1093 3601 1223 3665 famam
1247 3613 1506 3664 revocaverunt
1520 3604 1553 3681 ⁷).

261 3743 302 3805 In
326 3744 457 3804 ducatu
482 3740 748 3824 Salisburgensi
772 3761 886 3823 aeque
911 3762 952 3804 ac
975 3741 1011 3803 in
1033 3742 1151 3804 Tirole
1174 3742 1348 3803 bellorum
1371 3743 1497 3804 turbae
1521 3741 1639 3804 studia
1661 3742 1866 3806 Benedicti-

131 3901 254 3944 norum
278 3881 519 3944 cohibuerant.
551 3882 747 3963 Postquam
771 3883 921 3943 ducatus
945 3900 1038 3943 anno
1066 3885 1146 3943 1810
1169 3880 1317 3961 imperio
1333 3880 1525 3943 Austriaco
1542 3882 1659 3943 denuo
1676 3881 1864 3946 adiunctus

132 4031 240 4103 atque
263 4030 464 4103 temporum
486 4021 737 4102 opportunitas
761 4030 952 4083 consecuta
977 4029 1046 4101 est,
1071 4019 1296 4082 Benedictini
1327 4021 1619 4083 monasteriorum
1650 4042 1676 4084 s,
1700 4021 1797 4083 Petri
1829 4031 1865 4084 et

129 4161 413 4224 Michaelburani
443 4161 667 4245 gymnasium
696 4159 989 4243 Salisburgense,
1022 4160 1079 4222 cui
1108 4160 1248 4242 lyceum
1279 4160 1439 4222 additum
1469 4169 1561 4240 erat,
1593 4159 1629 4222 in
1653 4179 1723 4241 quo
1750 4160 1864 4240 philo·

128 4301 299 4382 sophicae
323 4302 531 4384 disciplinae
556 4303 786 4380 docebantur,
810 4311 1026 4382 acceperunt
1043 4318 1280 4382 magnamque
1304 4300 1336 4363 ei
1360 4298 1491 4362 famam
1516 4298 1863 4380 circumdederuntss).

259 4623 281 4704 ¹)
305 4625 489 4683 Geschichte
513 4626 566 4682 des
591 4626 804 4700 Gymnasiums
828 4647 864 4683 zu
888 4625 945 4682 den
970 4624 1117 4683 Schotten
1142 4628 1171 4682 in
1195 4626 1294 4682 Wien.

258 4737 281 4818 2)
306 4739 490 4797 Geschichte
514 4738 568 4797 des
592 4739 806 4815 Gymnasiums
830 4761 865 4796 zu
891 4738 1118 4797 Seitenstetten.

256 4850 281 4931 ³)
304 4854 328 4909 F
331 4853 414 4920 uchs‚
437 4853 571 4911 Admont
595 4855 612 4911 1.
637 4873 663 4911 c.

258 4963 282 5044 ⁴)
306 4965 490 5023 Geschichte
514 4967 568 5024 des
592 4966 805 5042 Gymnasiums
830 4987 865 5023 zu
889 4966 979 5023 Graz.

259 5077 282 5158 ⁵)
306 5080 419 5148 Friess,
443 5077 569 5136 Studien
592 5080 610 5137 l.
636 5100 661 5137 c.
687 5079 722 5136 V.

258 5186 282 5271 ⁶)
306 5193 459 5250 Carinthia
485 5193 502 5250 Ι.
528 5213 554 5249 c.

256 5302 279 5384 ⁷)
303 5304 488 5363 Geschichte
511 5304 565 5362 des
588 5303 804 5380 Gymnasiums
828 5324 887 5361 von
912 5305 1025 5362 Meran.

162 5463 168 5475 .
256 5412 280 5496 Β)
305 5417 489 5475 Geschichte
513 5418 567 5475 des
591 5418 803 5493 Gymnasiums
827 5439 862 5474 zu
886 5416 1044 5491 Salzburg.
