4178 6196
908 409 1080 513 -’0111
1127 486 1167 496 -

170 677 383 757 florentium,
416 675 578 757 quamvis
607 675 703 738 haud
734 675 827 738 levia
855 675 1038 738 consecuti
1060 675 1140 756 sint,
1170 685 1289 738 tamen
1321 678 1366 738 ab
1395 676 1447 756 iis,
1479 676 1539 756 qui
1567 675 1709 738 saeculo
1733 682 1905 757 sequente

169 817 324 897 fuerunt,
353 835 433 878 cum
456 834 602 878 numero
633 825 707 877 tum
738 815 853 895 pretio
884 814 1095 896 scriptorum
1126 816 1232 897 longe
1264 817 1454 877 obscurata
1485 825 1549 876 est.
1596 814 1731 876 Horum
1763 832 1904 897 quoque

170 955 368 1018 studiorum
383 954 604 1035 praeclarum
622 955 834 1035 exemplum,
852 955 946 1035 quod
963 955 1196 1036 congregatio
1217 975 1244 1017 s.
1261 953 1376 1016 Mauri
1394 951 1532 1016 Gallica
1548 974 1617 1016 non
1635 956 1748 1017 solum
1772 955 1905 1017 ordinis

171 1094 355 1157 sodalibus
385 1094 450 1155 sed
481 1092 645 1155 omnibus
674 1092 874 1155 hominibus
898 1092 1012 1154 doctis
1036 1094 1267 1173 praebuerat,
1300 1112 1422 1153 ansam
1454 1091 1561 1154 dedit.
1600 1092 1679 1173 Quo
1707 1094 1742 1154 in
1773 1113 1905 1175 genere

172 1232 232 1315 qui
255 1232 410 1295 maxime
434 1232 644 1311 enituerunt,
668 1241 767 1294 sunt:
799 1232 973 1313 Iosephus
997 1231 1142 1313 Mezger
1170 1233 1216 1293 ad
1241 1253 1267 1294 s.
1291 1232 1437 1294 Petrum
1463 1231 1680 1314 Salisburgi,
1715 1232 1774 1314 qui
1807 1243 1903 1314 post·

173 1392 279 1453 quam
295 1371 564 1434 dissertatione:
590 1369 837 1454 „Praeiudium
860 1372 905 1432 de
929 1370 1140 1452 antiquitate
1157 1371 1330 1434 ecclesiae
1347 1371 1631 1454 salisburgensis
1648 1381 1684 1435 et
1699 1372 1904 1435 monasterii

172 1530 200 1572 s.
224 1510 341 1572 Petri“
367 1519 490 1571 contra
513 1508 646 1571 ordinis
670 1509 804 1571 socium
827 1508 1072 1572 Mabillonium
1103 1510 1262 1572 defendit
1289 1510 1492 1573 memoriam
1522 1509 1832 1595 Salisburgensem
1861 1515 1906 1575 de

173 1669 201 1710 s.
225 1648 381 1730 Ruperti
404 1649 561 1710 adventu
586 1647 801 1729 „Historiam
825 1645 1149 1730 Salisburgensem,
1173 1649 1240 1711 hoc
1264 1659 1319 1711 est
1341 1649 1435 1712 vitas
1459 1649 1707 1733 episcoporum
1736 1662 1771 1715 et
1794 1653 1907 1716 archi-

173 1786 423 1869 episcoporum
448 1785 772 1868 Salisburgensium
795 1805 837 1847 ae
862 1805 953 1868 quae
977 1805 1042 1866 per
1064 1786 1144 1848 illos
1172 1788 1218 1848 ab
1247 1807 1339 1849 anno
1370 1791 1448 1851 1582
1473 1808 1586 1870 usque
1614 1792 1659 1852 ad
1691 1795 1768 1869 1687
1803 1802 1907 1874 gesta

172 1925 345 2006 fuerunt“,
370 1927 594 1988 conscribere
615 1925 742 2007 coepit.
782 1925 861 2005 Quo
877 1924 992 1988 minus
1009 1945 1087 1988 eam
1103 1926 1315 2006 absolveret,
1339 1937 1452 1989 morte
1475 1927 1667 2009 impeditus
1691 1938 1756 1992 est.
1795 1930 1905 1993 Fran·

171 2065 287 2127 ciscus
311 2075 347 2127 et
363 2065 496 2127 Paulus
516 2064 644 2128 fratres
668 2085 747 2128 eam
770 2067 815 2127 ad
831 2064 935 2128 finem
952 2067 1195 2146 perduxerunt
1212 2066 1250 2145 ¹);
1277 2067 1468 2129 Anselmus
1485 2066 1657 2131 Schramb
1675 2069 1902 2149 Mellicensis‚

174 2204 235 2287 qui
258 2205 358 2285 libro,
390 2206 485 2286 quod
519 2204 728 2289 „chronicon
758 2205 985 2268 Mellicense“
1017 2205 1235 2287 inscribitur,
1264 2227 1333 2268 non
1358 2207 1470 2268 solum
1494 2206 1549 2267 sui
1572 2207 1776 2269 monasterii
1799 2208 1907 2271 histo·

172 2343 260 2406 riam
283 2346 347 2406 sed
372 2344 479 2406 etiam
502 2363 559 2405 res
582 2354 704 2426 gestas
725 2344 975 2407 archiducatus
992 2345 1161 2407 Austriae
1185 2344 1332 2426 eiusque
1355 2345 1553 2426 principum
1576 2346 1783 2426 complexus
1808 2357 1863 2408 est
1873 2349 1906 2427 2).

173 2483 336 2546 Anselmi
359 2482 503 2562 sodalis,
526 2482 744 2545 Philibertus
767 2483 922 2563 Hueber,
955 2483 1054 2556 cuius
1087 2482 1254 2565 ,Austria
1285 2503 1331 2544 ex
1359 2483 1511 2545 archivis
1534 2485 1800 2547 Mellicensibus
1831 2486 1907 2547 illu·

173 2626 305 2686 strata‘
330 2623 521 2685 hodiedum
538 2622 665 2703 cuique
682 2641 798 2684 rerum
815 2623 1085 2685 Austriacarum
1102 2623 1312 2703 explicatori
1330 2633 1384 2685 est
1401 2625 1617 2685 consulenda
1631 2628 1665 2704 ³).
1705 2625 1908 2688 Bernardus

175 2762 256 2842 Pez,
282 2762 382 2825 cuius
404 2761 531 2823 librum
555 2781 625 2823 non
649 2760 763 2823 minus
787 2763 833 2822 ab
856 2761 1033 2823 historicis
1058 2781 1162 2842 quam
1186 2781 1207 2822 a
1230 2760 1407 2843 theologis
1423 2762 1543 2843 magni
1559 2763 1783 2825 aestimatum
1800 2783 1910 2846 supra

176 2900 329 2962 diximus
343 2901 366 2981 4)
375 2949 384 2979 ,
417 2910 453 2961 et
482 2900 593 2963 frater
624 2900 700 2962 eius
730 2900 985 2983 HieronymuS,
1017 2901 1077 2982 qui
1108 2901 1213 2983 libr0,
1249 2901 1309 2982 qui
1340 2911 1394 2962 est
1425 2902 1469 2962 de
1501 2900 1763 2983 ,Scriptoribus
1794 2923 1908 2966 rerum

177 3039 465 3102 Austriacarum“
491 3039 625 3120 primus
648 3039 742 3101 viam
765 3038 967 3120 inquirendi
990 3039 1026 3101 in
1049 3039 1229 3102 historiam
1254 3039 1405 3121 patriam
1434 3050 1506 3102 tam
1535 3043 1717 3121 praeclare
1741 3042 1908 3123 ostendit,

176 3190 214 3241 ut
238 3199 330 3241 nunc
354 3197 506 3260 quoque,
532 3177 693 3259 quamvis
716 3181 863 3241 annales
880 3179 1061 3242 Austriaci
1084 3201 1105 3241 a
1122 3179 1398 3242 Wattenbachio
1423 3181 1457 3242 in
1483 3180 1741 3261 ,Monumentis
1764 3180 1909 3245 Germa·

176 3317 284 3381 nicis“
310 3317 397 3380 editi
420 3320 526 3400 longe
549 3327 743 3399 praestent,
767 3339 788 3380 a
812 3320 907 3381 nullo
931 3339 1047 3380 rerum
1071 3319 1339 3381 Austriacarum
1364 3319 1536 3402 scriptore
1567 3321 1711 3404 neglegi
1739 3322 1852 3402 possit
1867 3323 1908 3405 ⁵);

307 3599 329 3678 ι)
352 3600 442 3657 Edita
466 3598 633 3674 Salisburgi
657 3619 736 3657 anno
764 3599 854 3674 1692.

307 3712 329 3792 2)
354 3712 437 3771 Obiit
463 3729 512 3770 20.
538 3714 612 3769 Dec.
642 3727 731 3786 1720.
757 3714 929 3770 Chronicon
957 3727 1035 3786 1702
1061 3712 1260 3770 Vindobonae
1284 3713 1394 3770 editum
1419 3728 1448 3770 et
1471 3715 1630 3791 Leopoldo
1655 3716 1688 3782 1.,
1717 3718 1843 3793 principi
1873 3716 1910 3773 de

178 3827 284 3883 litteris
307 3826 385 3883 bene
408 3829 516 3883 merito
540 3825 708 3884 dedicatum
733 3841 788 3883 est.
821 3828 849 3882 ls
873 3828 1002 3884 lectione
1026 3827 1112 3883 huius
1136 3827 1280 3883 historiae
1296 3846 1405 3901 magno
1422 3845 1515 3904 opere
1531 3828 1696 3885 delectatus
1721 3842 1776 3884 est.
1812 3829 1909 3885 Etiam

178 3954 248 4017 post
272 3954 397 3997 mortem
423 3953 544 4016 reperta
567 3952 615 3998 est
638 3940 760 3997 evoluta
784 3942 812 3996 in
836 3941 962 4016 pulpito.
988 3939 1165 4015 Keiblinger
1188 3941 1205 3997 1.
1232 3961 1256 3997 c.
1282 3942 1303 3996 l.

306 4050 330 4130 ³)
353 4051 534 4109 Philibertus
557 4051 681 4109 Hueber
703 4051 778 4109 obiit
803 4068 852 4126 24.
876 4053 956 4128 Aug.
985 4067 1074 4127 1725.
1106 4054 1266 4110 Praeterea
1295 4052 1430 4109 studiose
1454 4048 1594 4128 collegit:
1626 4055 1694 4125 „lus
1718 4055 1910 4111 consuetudi·

178 4169 292 4223 narium
306 4166 559 4242 Emphiteuticum
572 4186 637 4222 cum
652 4167 787 4224 materiis
803 4166 898 4223 eidem
916 4168 1061 4223 connexis
1077 4169 1158 4222 iuxta
1174 4166 1347 4222 modernam
1356 4164 1498 4222 Austriae
1514 4165 1663 4222 inferioris
1676 4168 1823 4243 praxim“,
1838 4186 1874 4223 m.
1886 4187 1910 4223 s.

307 4277 330 4357 1)
354 4279 457 4355 Opera
480 4278 624 4335 Bernardi
647 4280 790 4336 historica
813 4278 887 4334 alia:
916 4279 981 4349 „De
1005 4280 1170 4353 irruptione
1195 4279 1340 4335 Bavarica
1362 4280 1391 4334 in
1414 4279 1541 4335 Tirolim
1565 4298 1591 4335 a.
1614 4292 1690 4352 1703
1717 4297 1734 4333 a
1758 4278 1853 4335 Gallis
1879 4292 1910 4335 et

179 4393 303 4448 bavaris
327 4391 407 4447 sacta
430 4390 496 4448 libri
521 4392 593 4447 III.“
620 4388 774 4467 (Viennae,
791 4389 893 4470 1709).
927 4389 990 4447 Sub
1014 4392 1133 4447 nomine
1149 4390 1292 4447 Bernardi
1316 4392 1499 4467 lsipontani:
1527 4392 1729 4467 „Triumphus
1753 4393 1910 4459 castitatis,

179 4524 232 4562 seu
254 4518 324 4561 acta
346 4517 377 4560 et
399 4505 462 4559 vita
484 4522 585 4560 vener.
603 4502 770 4577 Wilburgis
794 4506 918 4578 virginis
939 4503 1075 4559 reclusae
1092 4501 1194 4561 Sanct.
1212 4504 1432 4560 Florianensis“
1459 4501 1626 4582 (Augustae
1642 4503 1786 4561 Vindelio
1805 4502 1908 4582 1716),

184 4617 357 4694 „Epistolae
380 4617 593 4692 apologeticae
616 4634 673 4691 pro
689 4616 794 4673 ordine
810 4636 834 4672 s.
854 4616 1006 4673 Benedicti
1022 4616 1168 4673 adversus
1184 4617 1373 4692 Anonymum
1391 4618 1590 4675 Viennensem
1615 4637 1631 4673 e
1655 4601 1802 4673 societate
1818 4618 1905 4674 lesu“

180 4727 387 4807 (Campoduni,
420 4726 529 4806 1716),
563 4729 652 4800 ,Vita
682 4741 712 4785 et
743 4730 943 4785 revelationes
974 4747 1075 4784 vener.
1099 4731 1176 4802 virg.
1200 4729 1328 4803 Agnetis
1359 4728 1592 4786 Planbessinae“
1626 4728 1778 4807 (Viennae,
1807 4726 1909 4808 1731),

184 4842 340 4918 „Epistola
367 4843 404 4898 ad
434 4842 545 4898 clarum
574 4841 606 4897 P.
630 4841 763 4897 Marcum
788 4842 960 4897 Hansicium
984 4840 1015 4897 S.
1041 4842 1063 4896 I.
1087 4842 1223 4916 aliosque
1247 4844 1347 4898 viros“
1375 4839 1527 4919 (Viennae,
1556 4841 1657 4920 1731),
1690 4842 1847 4918 „Epistola
1870 4843 1908 4900 de

182 4955 290 5030 Etymo
314 4932 443 5010 nominis
464 4952 670 5028 Habsburgici
694 4965 724 5009 ct
748 4954 874 5029 Origine
898 4954 1004 5011 domus
1027 4952 1455 5029 Habsburgico·Austriacae“
1483 4952 1636 5031 (Viennae,
1666 4952 1767 5032 1731),
1799 4957 1909 5027 „Fran-

180 5070 251 5125 cisci
268 5067 359 5142 Tagii
383 5067 503 5142 Physici
527 5081 557 5123 et
580 5066 699 5141 Equitis
721 5067 885 5143 descriptio
909 5086 962 5123 seu
990 5065 1066 5123 liber
1088 5068 1125 5123 de
1149 5066 1306 5124 obsidione
1329 5065 1412 5123 urbis
1436 5068 1594 5142 Papiensis
1618 5082 1648 5123 et
1670 5066 1707 5122 de
1731 5069 1908 5143 captivitate

180 5181 331 5237 Francisci
355 5179 378 5235 Ι.
403 5180 497 5254 Regis
521 5178 657 5235 Galliae“
684 5175 923 5256 (Norimbergae,
953 5177 1053 5258 1736).
1079 5179 1180 5254 Kropl
1200 5180 1218 5235 1.
1243 5199 1268 5235 e.

309 5290 332 5370 5)
356 5293 558 5367 Hieronymus
582 5293 650 5359 Pez‚
674 5291 762 5349 lbsae
785 5293 833 5349 die
858 5307 908 5365 24.
924 5290 1014 5349 Febr.
1037 5290 1114 5365 1685
1133 5298 1230 5358 natus,
1255 5289 1401 5347 absolutis
1417 5290 1578 5349 Cremisani
1595 5293 1784 5350 humanitatis
1801 5291 1910 5349 studiis

185 5419 264 5478 1702
288 5407 318 5461 in
341 5406 525 5461 monasterio
541 5404 705 5462 Mellicensi
729 5408 826 5462 emisit
848 5419 921 5462 vota
943 5387 1115 5471 sollemnia;
1145 5419 1221 5477 1711
1241 5403 1414 5461 sacerdotio
1438 5406 1570 5462 initiatus
1593 5385 1779 5482 antiquitatis
1803 5408 1910 5462 critico
