4208 6194
917 451 1198 521 „501-

187 643 224 695 et
239 653 331 695 anno
353 640 430 714 1732
453 656 499 698 11.
517 635 607 700 Nov.
628 636 662 698 in
678 657 803 699 manus
819 636 1015 720 praepositi

186 756 334 819 Antonii
350 758 532 820 sollemnia
545 758 661 820 emisit
673 768 766 821 vota.
791 757 927 822 Studiis
939 759 1015 841 phi·

185 877 378 959 losophicis
408 889 444 942 et
474 880 686 962 theologicis
716 880 889 945 absolutis
920 880 1016 943 domi

186 1000 386 1062 sacerdotio
403 1001 571 1082 initiatur,
593 1023 639 1064 ro.
657 1003 720 1065 Iul.
743 1021 823 1081 1740
842 1001 1015 1084 primitias

186 1122 344 1183 celebrat
360 1131 397 1184 et
411 1123 532 1185 statim
555 1124 783 1187 constituitur
805 1126 851 1186 ad
873 1133 1014 1205 tempus

186 1243 362 1323 ostiarius,
379 1243 589 1307 infirmarius
605 1255 641 1308 et
653 1245 858 1327 praefectus
875 1245 1014 1308 culinae

185 1375 221 1426 et
245 1367 290 1426 ad
313 1363 418 1426 finem
442 1378 614 1449 vergente
638 1386 731 1430 anno
754 1369 865 1431 hocce
888 1368 1014 1431 biblio-

185 1486 380 1567 thecarius,
405 1489 501 1568 quod
524 1508 661 1569 munus,
682 1489 858 1552 interdum
874 1490 1014 1552 concio·

185 1609 302 1669 nando
326 1608 451 1670 diebus
475 1607 593 1692 festis,
618 1630 683 1691 per
707 1612 876 1674 tredecim
901 1632 1013 1674 annos

185 1729 307 1791 obivit.
343 1728 480 1809 Quibus
507 1731 543 1792 in
570 1732 725 1814 negotiis
753 1752 845 1795 anno
874 1733 1013 1812 17531n

184 1851 399 1913 monasterio
426 1872 453 1916 S.
480 1853 622 1915 Ioannis
647 1857 713 1915 sub
737 1874 825 1936 rupe
849 1865 1012 1919 versatus

184 1973 243 2054 sit,
264 1974 425 2055 ignotum
441 1985 510 2048 est;
533 1975 660 2039 litteris
683 1977 728 2037 de
752 1977 808 2039 die
833 1982 883 2039 25.
906 1978 1010 2041 Mart.

184 2097 215 2157 h.
226 2115 319 2158 anno
332 2096 462 2158 citatus
471 2096 711 2160 Blevnovium
726 2099 792 2179 „ob
800 2099 1012 2180 gravissima

186 2217 391 2279 monasterii
403 2216 577 2299 Raigrad.
594 2219 738 2300 negotia
754 2239 793 2281 se
810 2219 1011 2283 adfuturum

183 2338 387 2420 promittit“.
416 2337 727 2402 Verosimillimum
751 2351 821 2421 est,
845 2344 1012 2405 abbatem

183 2460 486 2523 Breunoviensem
496 2480 542 2522 ex
551 2480 593 2523 eo
603 2470 695 2525 teste
705 2464 846 2525 oculato
858 2463 892 2525 in
905 2483 1012 2526 causa

183 2600 306 2662 praep.
319 2581 594 2663 Raigradiensis
615 2584 789 2664 quaedam
812 2584 935 2646 audire
951 2605 1012 2647 vo-

181 2703 300 2765 luisse.
329 2703 434 2766 Anno
457 2705 622 2784 sequenti
650 2710 729 2784 1754
754 2725 874 2767 mense
895 2706 1012 2787 Aprili

181 2825 419 2906 Raigradium
450 2825 640 2888 remittitur
667 2825 819 2909 Cyrillus
850 2839 886 2889 et
915 2826 1012 2907 prior

183 2947 308 3008 domus
326 2946 541 3008 constitutus
557 2955 621 3027 est,
646 2956 685 3009 ut
708 2947 917 3028 disciplinae
941 2949 1011 3010 col-

181 3069 305 3148 lapsae
318 3077 402 3130 tunc
415 3067 671 3149 aliquantulum
681 3071 890 3131 mederetur.
907 3071 1010 3132 Post-

181 3210 286 3271 quam
309 3208 430 3270 praep.
448 3189 671 3251 Aemilianus
695 3193 740 3252 ob
760 3191 871 3253 vitam
896 3192 1009 3254 minus

181 3313 365 3374 honestam
379 3320 452 3372 tam
464 3310 500 3372 in
512 3311 767 3393 temporalibus
776 3332 882 3393 quam
890 3313 925 3375 in
938 3315 1008 3395 spi·

180 3434 366 3496 ritualibus
383 3452 578 3513 suspensus
594 3433 671 3514 fuit,
694 3432 846 3515 Cyrlllus
862 3435 1009 3497 admini-

181 3565 311 3619 strator
325 3554 531 3617 monasterii
547 3564 602 3617 est
615 3555 828 3618 constitutus
845 3561 936 3637 1756,
949 3557 1009 3638 qui

180 3697 266 3740 vero
289 3677 461 3758 impedire
485 3697 554 3739 non
578 3686 737 3758 poterat,
765 3677 951 3759 quominus
975 3679 1010 3740 in

181 3820 316 3862 summa
332 3809 415 3862 tunc
431 3818 546 3860 rerum
565 3799 771 3861 confusione
788 3819 952 3881 agrorum
974 3809 1010 3862 et

180 3931 364 4003 pratorum
389 3940 472 4002 pars
499 3930 555 3982 sat
582 3940 730 4002 magna,
758 3920 858 3982 cuius
885 3921 1009 3984 titulus

180 4042 416 4125 possessionis
433 4062 551 4105 coram
568 4042 814 4105 commissione
834 4042 1007 4106 rectifica-

180 4165 476 4226 tionislaneorum
486 4163 659 4226 declarari
668 4183 738 4225 non
747 4173 898 4246 poterat,
908 4164 1009 4227 amit·

180 4295 323 4348 teretur.
333 4285 467 4347 Ultima
475 4285 562 4347 Maii
574 4289 653 4363 1756
663 4285 878 4348 neo-electus
886 4304 1009 4366 praep.

147 4409 433 4493 'Bonaventura
458 4406 557 4468 Piter
583 4406 776 4487 capitulum
804 4406 1008 4488 celebravit,

180 4530 215 4591 in
232 4550 301 4611 quo
311 4528 464 4611 Cyrlllus
476 4537 597 4590 noster
609 4549 630 4589 a
642 4529 801 4610 prioratu
813 4529 1008 4610 absolutus,

180 4654 359 4715 Braunam
375 4651 411 4713 in
424 4650 606 4713 Boemiam
623 4650 786 4732 dirigitur
801 4650 837 4713 in
854 4651 1008 4731 exilium,

179 4775 339 4838 favorem
354 4773 502 4834 fratrum
518 4783 679 4852 tempore
695 4771 1010 4835 administrationis

183 4895 407 4977 deperditum
444 4896 661 4974 plancturus.
701 4891 891 4956 Subsecuti
925 4903 1009 4955 tunc

180 5036 336 5079 rumores
361 5026 398 5078 et
420 5025 574 5078 terrores
599 5014 788 5095 Borussici,
813 4997 1010 5095 dequibus

181 5159 227 5200 ex
243 5123 442 5200 Braunensi
467 5157 558 5200 mon.
579 5137 688 5199 refert
709 5136 914 5217 praeposito
935 5155 1009 5217 suo,

180 5280 245 5322 nec
263 5277 333 5320 non
350 5260 394 5321 de
411 5279 539 5342 magno
556 5258 650 5320 illius
665 5256 830 5320 asceterii
846 5256 1010 5319 incendio

180 5400 301 5444 mense
318 5380 434 5462 Aprili
456 5385 547 5462 1757,
571 5381 670 5442 cuius
694 5388 876 5461 spectator
894 5377 1011 5441 fuerat

1094 644 1130 696 et
1146 635 1259 700 testis.
1284 636 1446 700 Aestatis
1462 647 1621 719 tempore
1643 641 1689 702 ad
1705 650 1855 722 penates
1871 662 1925 705 re-

1094 775 1219 818 versus
1236 756 1313 819 dies
1329 777 1422 840 suos,
1444 758 1542 822 varie
1563 772 1768 844 occupatus,
1789 764 1925 843 praeci-

1094 896 1164 958 pue
1182 879 1425 942 concionando
1442 892 1478 943 et
1491 882 1732 946 confessiones
1745 886 1923 948 audiendo

1094 1018 1207 1080 usque
1224 1001 1270 1063 ad
1288 1020 1337 1079 72.
1355 1003 1484 1065 aetatis
1501 1024 1631 1067 annum
1648 1005 1835 1088 protraxit,
1853 1027 1923 1088 quo

1094 1120 1212 1183 senior
1228 1123 1353 1184 domus
1370 1104 1536 1205 migravit
1560 1126 1606 1188 ad
1630 1126 1809 1189 dominum
1831 1148 1923 1191 anno

1098 1245 1176 1318 1782
1204 1264 1251 1320 14.
1268 1244 1363 1325 Aug.
1387 1243 1511 1308 Sermo
1527 1246 1710 1328 bucusque
1727 1248 1763 1310 in
1780 1260 1921 1312 nostrae

1094 1363 1219 1424 domus
1244 1363 1400 1447 historia,
1425 1366 1464 1428 P.
1482 1367 1651 1449 Cyrlllum
1674 1367 1785 1432 fuisse
1808 1371 1921 1433 virum

1092 1482 1205 1545 forma
1213 1504 1298 1547 vere
1308 1486 1475 1550 herculea
1487 1487 1591 1551 immo
1604 1489 1843 1572 imperatoria,
1855 1493 1922 1553 sub

1093 1624 1163 1685 qua
1178 1624 1264 1668 vero
1285 1608 1489 1671 occultabat
1509 1620 1666 1674 ascetam
1689 1614 1920 1694 praeclarum,

1091 1734 1131 1787 ut
1146 1738 1298 1808 apparet
1315 1748 1361 1791 ex
1377 1730 1546 1810 operibus
1562 1732 1638 1794 eius
1658 1733 1694 1795 in
1710 1753 1772 1796 ms.
1790 1734 1922 1797 relictis

1092 1856 1128 1909 et
1145 1850 1241 1929 apud
1257 1869 1321 1911 nos
1337 1852 1551 1914 adservatis:

1178 1994 1201 2049 1.
1225 1994 1377 2051 Institutio
1401 1996 1554 2071 religiosa,
1579 1998 1708 2072 qualiter
1731 2001 1849 2056 noviter
1869 2018 1921 2056 ve·

1091 2096 1177 2152 niens
1200 2098 1238 2153 ad
1260 2102 1489 2156 conversionem
1511 2119 1544 2157 se
1564 2120 1672 2175 gerere
1689 2102 1798 2159 debeat
1813 2121 1921 2160 secun·

1091 2198 1159 2255 dum
1183 2202 1318 2275 regulam
1342 2221 1366 2259 s.
1385 2205 1416 2260 P.
1433 2204 1468 2260 N.
1491 2218 1521 2260 et
1541 2218 1654 2261 statuta
1675 2208 1921 2280 congregationis

1092 2317 1223 2361 nostrae.
1247 2306 1321 2362 eod.
1339 2326 1408 2383 pap.
1427 2308 1515 2365 Tom.
1534 2309 1556 2365 1.
1578 2311 1642 2365 sine
1658 2328 1728 2385 pag.
1746 2312 1776 2365 in
1792 2317 1834 2382 4⁰.
1857 2312 1921 2367 sine

1092 2426 1190 2484 comp.
1207 2410 1283 2466 Msn.
1302 2426 1340 2484 45
1359 2406 1405 2489 (Ι).
1423 2410 1509 2485 Sign.
1524 2412 1602 2484 BlK.
1619 2412 1642 2468 l.
1661 2422 1689 2469 2.
1707 2429 1736 2485 4.

1179 2531 1216 2586 11.
1248 2530 1451 2607 Antiphonale
1484 2530 1706 2590 benedictinum
1742 2533 1920 2610 dispositum

1092 2635 1173 2690 iuxta
1194 2632 1377 2692 breviarium
1402 2638 1574 2693 monasterii
1600 2656 1679 2694 mon.
1703 2656 1759 2714 pro
1783 2636 1921 2695 omnibus

1091 2737 1148 2794 sub
1164 2740 1269 2813 regula
1284 2759 1309 2795 s.
1323 2741 1354 2796 P.
1369 2740 1521 2796 Benedicti
1534 2740 1742 2809 militantibus;
1756 2740 1850 2797 sinivit
1862 2743 1920 2797 hoc

1091 2842 1267 2917 opusculum
1285 2845 1316 2900 P.
1335 2844 1465 2918 Cyrillus
1481 2844 1619 2918 Wagner
1634 2846 1736 2901 senior
1752 2857 1919 2901 conventus

1090 2964 1168 3002 anno
1189 2960 1248 3003 aet.
1270 2945 1321 3003 68.
1352 2947 1442 3021 1778.
1467 2949 1540 3024 Pap.
1564 2948 1622 3004 Ms.
1645 2950 1673 3004 in
1692 2948 1742 3005 fol.
1760 2967 1829 3024 pag.
1846 2947 1919 3021 496.

1090 3050 1145 3104 Ne.
1164 3047 1223 3122 643
1244 3053 1272 3106 in
1289 3052 1362 3108 eccl.
1380 3052 1503 3108 claustr.
1519 3053 1720 3109 adservatum.

1177 3173 1229 3229 111.
1243 3173 1420 3229 Psalterium
1432 3173 1655 3229 benedictinum
1670 3192 1724 3249 per
1736 3173 1827 3229 boras
1840 3172 1920 3228 diur-

1089 3295 1143 3333 nas
1160 3277 1338 3352 dispositum
1354 3294 1413 3333 a..
1429 3319 1435 3333 .
1453 3279 1573 3333 seniore
1591 3291 1756 3333 conventus
1769 3289 1827 3333 aet.
1841 3295 1919 3332 anno

1092 3395 1141 3454 70.
1156 3400 1274 3439 conscr.
1297 3380 1386 3454 1780.
1404 3381 1477 3456 Pap.
1491 3382 1546 3437 Ms.
1560 3382 1616 3436 N0.
1627 3379 1689 3454 646
1703 3380 1794 3438 insol.
1812 3381 1918 3457 Comp.

1089 3506 1154 3544 cor.
1172 3486 1244 3542 lolia
1265 3498 1333 3556 113.
1350 3484 1384 3540 ln
1400 3486 1535 3540 oratorio
1551 3484 1732 3560 depositum.

1177 3622 1369 3684 Hortorum
1406 3621 1564 3682 culturae
1600 3631 1743 3702 praeter
1777 3629 1919 3683 caetera

1090 3762 1314 3824 summopere
1341 3743 1510 3805 studebat
1534 3740 1687 3823 Cyrillus
1711 3750 1849 3822 noster,
1873 3743 1919 3803 ob

1090 3867 1190 3930 cuius
1207 3884 1361 3927 amorem
1378 3863 1528 3926 eundem
1545 3864 1699 3925 societas
1712 3862 1853 3943 privata
1868 3863 1919 3924 rei

1089 3986 1303 4051 hortulariae
1328 3986 1470 4047 Brunae
1497 3985 1656 4047 existens
1684 3982 1831 4065 speciali
1859 3983 1918 4044 de-

1090 4120 1187 4173 creto
1216 4108 1404 4191 legalitato
1431 4107 1523 4169 inter
1550 4125 1633 4168 suos
1659 4103 1817 4184 suscepit
1840 4123 1919 4165 cum

1090 4231 1298 4314 praedicato
1313 4229 1460 4313 „nobilis
1474 4226 1703 4291 deTricolor“
1718 4245 1810 4288 anno
1827 4230 1918 4304 1768.

1090 4354 1253 4437 Sigillum
1281 4353 1426 4414 decreto
1455 4368 1652 4431 appensum
1675 4347 1918 4429 circumscrip-

1089 4465 1221 4538 tionem
1244 4474 1339 4536 circa
1359 4469 1510 4553 figuram
1531 4470 1658 4532 Florae
1682 4469 1840 4532 sedentis
1864 4487 1918 4531 se·

1090 4606 1256 4679 quentem
1267 4595 1392 4656 babet:
1404 4590 1586 4675 „Sigillum
1593 4590 1916 4672 lariophilistarum‚

1088 4720 1156 4781 boc
1171 4717 1258 4779 flore
1276 4714 1364 4777 nibil
1379 4710 1588 4796 pulchrius.“

1175 4885 1369 4978 Wagner
1398 4890 1677 4954 Laurentius
1707 4890 1917 4969 Iosephus

1090 5014 1149 5095 (de
1172 5032 1199 5074 s.
1215 5012 1357 5075 Monte
1374 5009 1637 5090 Pannoniae),
1662 5027 1689 5070 s.
1714 5007 1917 5089 theologiae

1088 5135 1302 5216 licentiatus
1329 5131 1542 5195 secretarius
1562 5130 1608 5194 111.
1631 5148 1672 5192 ac
1693 5149 1765 5193 rev.
1787 5129 1918 5191 domini

1090 5255 1349 5337 archiabbatis‚
1381 5251 1547 5336 Sopronii
1578 5250 1736 5313 eiusdem
1766 5269 1854 5312 com.
1882 5249 1918 5311 in

1090 5376 1276 5459 Hungaria
1300 5376 1357 5438 die
1384 5397 1408 5438 1.
1425 5374 1529 5436 Mart.
1551 5377 1627 5451 1841
1655 5381 1769 5452 natuS,
1793 5371 1918 5433 habitu
