4178 6196
914 466 1172 534 „„..

175 657 271 731 1824;
292 671 319 716 s.
335 651 460 714 habitu
476 650 620 714 indutus
638 649 695 712 die
719 670 769 729 24·
786 647 886 731 Sept.
908 653 1002 728 1845;

172 773 388 837 sollemniter
414 772 596 854 professus
624 770 681 833 die
710 775 760 836 26.
782 771 877 854 Aug.
907 775 1002 849 1849;

172 896 339 958 sacerdos
351 894 535 957 ordinatus
552 893 609 956 die
627 898 677 958 25.
687 893 750 957 Iul.
768 897 859 956 1850.
876 890 1003 956 Studio

172 1017 373 1098 theologiae
389 1015 425 1078 in
440 1016 542 1099 lyceo
555 1014 841 1099 Clagenfurtensi
857 1033 1002 1095 operam

172 1139 272 1201 dedit
292 1148 329 1201 et
349 1138 503 1200 absolvit
523 1157 616 1200 anno
644 1140 734 1218 1850,
759 1156 805 1199 ex
826 1155 896 1217 quo
916 1135 1003 1198 assi-

173 1262 242 1323 due
260 1260 447 1323 laborabat
467 1259 503 1322 in
521 1279 605 1322 cura
623 1259 818 1322 animarum
834 1276 1002 1318 exercen-

173 1383 234 1462 da,
260 1400 456 1463 cooperans
480 1383 636 1464 parocho
657 1381 702 1443 ad
723 1400 750 1444 s.
771 1379 930 1460 Paulum,
955 1379 1001 1440 ad

172 1522 200 1567 s.
225 1501 433 1585 Georgium,
462 1512 498 1564 et
521 1503 557 1564 in
580 1501 663 1565 fano
687 1521 714 1565 S.
736 1500 838 1564 Pauli
866 1499 1000 1582 minori,

173 1625 268 1706 quod
291 1622 387 1687 facta
414 1624 507 1687 inter
532 1623 767 1705 parochianos
794 1620 1001 1685 collectione

172 1745 358 1808 renovavit
378 1753 415 1808 et
437 1764 530 1807 novo
550 1763 685 1828 organo
701 1743 883 1818 instruxit;
901 1763 1002 1825 prae-

173 1867 278 1949 cipuo
315 1867 434 1929 studio
470 1866 692 1949 praedicavit
729 1868 877 1929 verbum
915 1864 1002 1927 divi-

172 2010 266 2054 num.
289 1989 418 2052 Tribus
438 1989 540 2051 annis
563 1989 600 2051 in
620 1988 852 2052 universitate
868 1988 1002 2050 Vindo-

172 2111 320 2174 bonensi
350 2111 480 2193 linguis
508 2109 664 2191 antiquis
690 2110 846 2172 classicis
869 2128 1002 2173 vacans

172 2234 265 2295 bene
285 2242 431 2313 paratus
455 2239 491 2294 et
514 2231 678 2294 examine
702 2233 932 2313 approbatus,
956 2232 1002 2293 ab

172 2373 264 2417 anno
282 2358 361 2417 1855
378 2353 558 2436 professor
574 2362 651 2417 erat
666 2354 702 2417 in
714 2354 901 2436 gymnasio
913 2351 1002 2417 San-

172 2476 346 2558 Paulano,
373 2486 471 2539 recte
495 2478 627 2539 docens
650 2477 807 2559 linguam
828 2476 1000 2561 Latinam,

173 2598 346 2662 Graecam
367 2606 404 2661 et
426 2596 681 2679 Germanicam,
706 2599 806 2660 etde
828 2597 1002 2671 studioso-

172 2741 248 2783 rum
264 2740 401 2784 morum
424 2720 560 2782 cultura
585 2719 757 2803 cogitans.
780 2719 859 2782 Res
882 2729 1000 2782 autem

173 2843 205 2904 ei
221 2842 427 2905 charissima
443 2849 529 2923 erat,
553 2841 762 2922 praedicare
777 2843 926 2903 verbum
950 2841 1001 2903 di-

171 2963 307 3045 vinum,
331 2963 591 3045 concionesque
614 2983 733 3027 sacras
753 2964 871 3027 studio
893 2973 929 3026 et
950 2963 1001 3027 111-ι

172 3084 308 3148 dustria
324 3085 531 3166 composuit.
555 3086 610 3148 Ita
623 3086 847 3169 negotiorum
864 3087 1000 3168 plenuS,

173 3207 336 3271 omnibus
356 3207 591 3270 confratribus
611 3208 747 3290 charus,
769 3208 825 3271 die
847 3229 897 3287 ²4·
915 3206 1001 3270 Maii

177 3333 258 3408 1870
273 3328 466 3431 apoplexia
485 3338 602 3392 tactus
618 3331 794 3394 occubuit.

258 3449 363 3514 Prelo
380 3450 567 3514 commisit:

257 3577 381 3651 Predigt
405 3577 547 3652 gehalten
570 3595 616 3632 am
639 3591 689 3633 20.
705 3577 771 3653 Juni
797 3575 875 3651 1852
899 3579 929 3632 in
948 3576 1003 3633 der

170 3680 363 3738 Psarrkirche
379 3701 415 3737 zu
428 3679 723 3751 Klein-Sanct-Paul,
740 3680 789 3738 bei
803 3681 1003 3756 Gelcgenheit

171 3786 225 3842 der
241 3786 440 3862 Einweihung
461 3789 545 3844 einer
564 3806 659 3843 neuen
680 3787 786 3862 Orgel.
811 3787 1000 3861 Klagenfurt.

172 3890 329 3948 Gedruckt
342 3889 392 3947 bei
407 3891 473 3967 Joh.
490 3892 587 3948 Leon.
609 3890 699 3964 1852.
721 3906 755 3947 12
774 3910 804 3967 p.
821 3890 863 3948 8⁰.

257 4027 383 4090 Plures
400 4027 588 4091 conciones
604 4047 725 4090 sacras
736 4028 834 4110 typis
850 4027 1001 4109 imprimi

172 4149 310 4213 curavit
325 4149 361 4211 in
377 4168 495 4232 opere,
513 4150 608 4231 quod
623 4149 763 4213 titulum
778 4150 902 4213 habet:

256 4292 404 4367 Prediger
418 4293 478 4349 und
495 4294 654 4350 Katechet.
672 4293 748 4350 Eine
760 4294 934 4370 praktische
947 4294 1001 4349 ka·

171 4396 318 4454 tholische
334 4397 553 4455 Monatschrift.
569 4398 830 4473 Herausgegeben
846 4417 907 4454 von
919 4397 1001 4454 Lud-

171 4503 231 4577 wig
246 4502 362 4580 Mehlir.
380 4502 589 4577 Regensburg.
611 4503 718 4561 Druck
738 4503 796 4559 und
812 4503 925 4577 Verlag
941 4521 1002 4559 von

171 4605 277 4680 Georg
292 4607 389 4662 Manz.
412 4640 455 4647 —
483 4603 530 4663 16.
549 4607 652 4683 Jahrg.
677 4605 767 4675 1866,
788 4624 807 4680 4
829 4606 1001 4681 Predigten.

176 4724 222 4784 17.
237 4711 340 4786 Jahrg.
362 4709 453 4784 1867,
475 4724 509 4784 17
528 4711 699 4786 Predigten.
722 4710 769 4769 18.
785 4712 888 4788 Jahrg.
909 4708 1001 4777 1868,

172 4811 382 4889 6Predigten.
415 4830 461 4889 19.
477 4815 632 4891 Jahrgang
655 4813 746 4889 1869,
776 4830 813 4871 10
828 4815 1001 4890 Predigten.

1083 657 1203 731 natus,
1226 648 1388 711 Viennae
1416 647 1452 710 in
1478 646 1625 710 Austria
1651 645 1776 710 habitu
1804 665 1831 710 s.
1857 647 1914 710 die

1083 791 1135 838 20.
1151 770 1237 834 Maii
1258 774 1337 833 1838
1354 769 1509 850 indutus,
1526 768 1583 830 die
1596 772 1626 832 8.
1636 767 1722 831 Dec.
1736 772 1816 847 1839
1829 777 1915 832 vota

1083 892 1209 973 emisit,
1226 901 1263 955 et
1279 892 1336 954 die
1352 896 1382 955 8.
1400 889 1499 973 Sept.
1517 894 1598 969 1844
1615 898 1843 954 consecratus
1860 899 1915 954 est

1082 1016 1281 1098 presbyter.
1308 1014 1349 1076 In
1371 1012 1586 1075 monasterio
1607 1012 1675 1074 fuit
1695 1031 1760 1093 per
1779 1013 1915 1093 aliquot

1082 1156 1194 1200 annos
1211 1136 1392 1218 professor
1407 1136 1619 1199 matheseos.
1643 1134 1703 1196 Ab
1718 1152 1811 1196 anno
1832 1137 1912 1196 1855

1083 1256 1389 1338 Constantinopoli
1420 1255 1579 1338 fungitur
1605 1273 1750 1317 munere
1778 1255 1914 1318 missio·

1082 1379 1170 1443 narii
1185 1378 1383 1461 apostolici.

1169 1502 1270 1583 Opus
1287 1501 1362 1564 eius
1377 1501 1414 1564 in
1429 1500 1550 1583 lingua
1562 1500 1801 1563 Neo-armena
1817 1498 1915 1580 typis

1082 1625 1231 1687 editum:

1168 1750 1211 1840 1(
1220 1749 1346 1824 ίιὶιρρυῤ
1358 1753 1458 1828 ‹qu
1465 1746 1685 1824 nmnffaffltta,
1696 1750 1714 1805 i.
1724 1766 1750 1804 e.
1758 1747 1915 1804 Elementa

1082 1856 1157 1911 artis
1174 1854 1400 1910 mathematicae
1416 1871 1520 1928 purae.
1537 1853 1645 1909 Versio
1658 1853 1861 1908 Neo-armena
1877 1870 1914 1909 ex

1083 1977 1177 2036 opere
1193 1957 1390 2014 Germanico:
1412 1954 1763 2013 Elementar-Lehrbuch
1782 1956 1836 2012 der
1857 1959 1914 2013 rei·

1083 2081 1140 2119 nen
1152 2062 1355 2119 Mathematik.
1369 2061 1437 2119 Von
1449 2059 1556 2117 Ludw.
1567 2059 1667 2116 Thilo.
1677 2060 1819 2128 Viennae,
1834 2063 1914 2135 typis

1083 2167 1223 2224 Mechith.
1245 2165 1336 2224 1868.

1168 2348 1330 2442 Burger
1353 2357 1565 2421 Honorius
1590 2359 1915 2444 (Altenburgen-

1082 2475 1164 2562 sis),
1182 2476 1325 2539 Hornae
1341 2476 1377 2539 in
1394 2476 1541 2540 Austria
1558 2477 1656 2540 infer.
1674 2479 1731 2542 die
1755 2501 1805 2543 22.
1822 2480 1913 2546 Nov.

1086 2603 1166 2679 1788
1190 2608 1305 2680 natus,
1329 2618 1356 2661 s.
1377 2599 1500 2661 habitu
1525 2600 1582 2661 die
1607 2622 1635 2679 9.
1655 2599 1733 2665 Oct.
1760 2606 1838 2681 1807
1862 2602 1913 2665 in·

1082 2722 1202 2802 dutuS,
1234 2729 1318 2783 vota
1348 2720 1530 2783 sollemnia
1557 2721 1614 2783 die
1646 2743 1692 2800 14.
1721 2721 1800 2786 Oct.
1832 2728 1913 2787 1810

1081 2845 1207 2909 emisit.
1235 2843 1420 2907 Absolutis
1443 2843 1479 2905 in
1504 2843 1595 2906 alma
1618 2844 1813 2907 Viennensi
1837 2845 1913 2908 uni-

1081 2967 1252 3030 versitate
1268 2986 1295 3030 S.
1312 2965 1513 3047 theologiae
1529 2965 1665 3046 studiis,
1690 2965 1748 3027 die
1765 2970 1793 3028 8.
1810 2963 1912 3047 Sept.

1085 3094 1164 3152 1812
1183 3088 1382 3152 sacerdotio
1402 3088 1645 3170 inauguratus,
1667 3086 1725 3147 die
1745 3089 1792 3148 13.
1810 3084 1911 3168 Sept.

1086 3217 1164 3275 1812
1190 3212 1340 3293 primum
1362 3211 1493 3273 missae
1520 3208 1730 3271 sacrificium
1757 3208 1911 3271 celebra·

1082 3334 1143 3397 vit.
1179 3332 1296 3395 Variis
1327 3329 1465 3413 officiis,
1497 3340 1640 3411 utpote:
1669 3329 1911 3411 cooperatoris

1081 3477 1163 3520 aux.
1181 3474 1246 3536 per
1265 3464 1337 3517 tres
1354 3473 1465 3516 annos
1481 3453 1518 3515 in
1534 3452 1710 3534 parochiis
1722 3452 1910 3515 saeculari-
1988 3466 1989 3469 ’

1081 3580 1148 3640 bus
1169 3575 1272 3657 Gars,
1296 3573 1501 3640 Sitzendorf
1520 3584 1556 3637 et
1576 3573 1804 3654 Tautendorf,
1830 3578 1909 3636 1815

1082 3709 1118 3762 et
1134 3718 1232 3781 seqq.
1249 3696 1490 3779 cooperatoris
1502 3696 1538 3758 in
1550 3697 1637 3757 urbe
1650 3695 1759 3776 Hom,
1781 3701 1862 3758 1820
1875 3707 1912 3759 et

1081 3841 1180 3902 seqq.
1197 3819 1342 3902 parochi
1364 3818 1400 3880 in
1420 3815 1721 3897 Dietmannsdorf‚
1748 3821 1827 3879 1823
1849 3838 1911 3898 pa-

1080 3943 1177 4005 rochi
1193 3942 1229 4004 in
1245 3939 1411 4024 Striigen,
1437 3944 1517 4018 1824
1539 3948 1575 4001 et
1595 3957 1693 4019 seqq.
1710 3939 1855 4019 parochi
1876 3939 1911 4001 in

1080 4065 1211 4148 Aigen,
1237 4068 1316 4126 1828
1338 4073 1374 4124 et
1395 4081 1494 4143 seqq.
1511 4059 1694 4123 camerarii
1715 4069 1751 4122 et
1774 4061 1911 4123 cancel·

1080 4187 1189 4249 lariae
1199 4183 1427 4249 directorisin
1436 4182 1660 4262 monasterio,
1676 4184 1755 4242 1833
1767 4191 1911 4262 etseqq.

1080 4307 1224 4391 parochi
1241 4307 1277 4369 in
1292 4308 1379 4368 urbe
1392 4305 1502 4385 Horn,
1519 4305 1671 4385 denique
1689 4308 1768 4382 1839
1785 4303 1912 4365 iterum

1081 4430 1263 4494 camerarii
1280 4438 1316 4491 et
1333 4426 1564 4490 cancellariae
1581 4425 1766 4488 directoris
1786 4425 1822 4487 in
1838 4443 1910 4486 mo-

1080 4552 1235 4617 nasterio
1262 4570 1398 4612 summa
1430 4568 1509 4610 cum
1541 4548 1645 4609 laude
1677 4546 1819 4608 iunctus
1846 4554 1910 4610 est.

1081 4674 1187 4737 Anno
1208 4677 1286 4750 1842
1309 4672 1366 4733 die
1388 4676 1440 4734 31.
1457 4671 1552 4753 Aug.
1574 4670 1687 4732 abbas
1707 4661 1910 4730 monasterii

1082 4795 1251 4858 canonice
1279 4795 1412 4857 electus
1436 4802 1500 4856 est.
1535 4791 1618 4854 Fuit
1641 4790 1695 4851 vir
1722 4789 1767 4851 de
1793 4809 1911 4853 mona·

173 4919 340 4995 20.Jahrg.
362 4914 452 4992 187'0,
474 4917 694 4994 16Predigten.
709 4953 752 4960 —
767 4920 842 4976 Post
857 4923 920 4976 eius
936 4917 1002 4976 obi·
1039 4949 1043 5014 ,
1082 4918 1189 4980 sterio
1224 4916 1357 4998 optime
1386 4915 1542 4977 meritus.
1586 4911 1841 4975 Monasterium
1876 4919 1912 4974 et

172 5034 245 5080 tum:
271 5023 440 5099 21.Jal1rg.
466 5022 557 5096 1871,
583 5038 599 5079 2
624 5022 797 5097 Predigten.
827 5038 876 5080 22.
899 5025 1001 5101 Jahrg.

176 5126 265 5202 1872,
282 5127 485 5203 3Predigten.
503 5141 553 5200 23.
565 5128 667 5204 Jahrg.
690 5126 780 5201 1873,
799 5127 1000 5202 2Predigten.

256 5273 584 5348 Bulbuldschian
596 5285 748 5347 Petrus
762 5285 1001 5367 (Mechitha-

170 5403 304 5486 rista),
329 5401 636 5486 Constantinopoli
664 5404 721 5466 die
745 5426 775 5482 4.
796 5405 891 5487 Aug.
920 5409 996 5467 1821

1082 5037 1267 5102 ecclesiam
1291 5036 1532 5116 claustralem,
1562 5032 1664 5095 sicuti
1693 5032 1799 5094 etiam
1826 5053 1911 5096 non·

1081 5161 1195 5224 nullas
1223 5157 1393 5223 ecclesias
1416 5156 1660 5237 incorporatas
1688 5163 1723 5216 et
1750 5152 1911 5217 aedificia

1081 5280 1297 5364 parochialia
1318 5277 1511 5341 restaurari
1531 5276 1677 5358 curavit,
1699 5295 1836 5338 sacram
1856 5296 1911 5338 su-

1081 5404 1293 5486 pellectilem
1314 5401 1416 5466 novis
1435 5400 1617 5484 argenteis
1633 5399 1730 5463 vasis
1746 5409 1782 5462 et
1798 5399 1911 5461 omnis

1687 5516 1700 5569 5
