4178 6196
862 441 1144 510 -117,

136 633 236 714 Opus
260 632 328 695 hoc
353 631 426 693 suis
450 631 617 712 auspiciis
641 640 807 712 coeptum
828 639 864 691 et
883 648 963 710 per·
1001 626 1005 715 1
1043 647 1113 708 cra,
1122 625 1204 688 dein
1215 624 1358 689 officina
1369 627 1708 693 medicamentorum
1720 640 1757 694 et
1768 640 1873 714 typo-

136 755 267 818 fectum
294 763 349 817 est
368 754 405 817 in
421 753 544 835 primis
565 773 675 836 opera
690 752 794 816 Pauli
809 753 963 815 Ketten-

135 878 241 940 acker
258 885 294 938 et
310 876 456 939 consilio
472 876 650 938 seniorum
665 886 807 957 patrum
826 895 848 937 a
868 874 964 955 capi-

135 1001 208 1062 tulo
229 998 483 1080 delegatorum.
508 997 555 1059 Et
574 997 661 1060 istas
682 997 980 1078 constitutiones,

135 1120 357 1203 praefatione
381 1140 403 1182 a
422 1139 460 1182 se
482 1120 616 1201 scripta
636 1119 789 1183 munitas
813 1129 849 1182 et
872 1119 964 1181 iuste

135 1245 393 1326 promulgatas,
416 1252 456 1305 ut
479 1262 601 1305 omnes
624 1242 812 1305 reverendi
832 1250 963 1324 patres,

134 1366 262 1429 fratres
278 1365 397 1428 clerici
414 1374 450 1427 et
465 1365 594 1428 fratres
607 1365 770 1428 conversi
784 1367 877 1427 bene
892 1384 965 1425 ser-

135 1497 271 1569 varent,
295 1497 370 1550 tum
391 1508 455 1569 per
476 1489 649 1550 decanum
671 1497 867 1551 conventus
891 1497 965 1548 turn

135 1611 212 1692 ipse
234 1621 379 1672 strenue
400 1609 543 1692 quidem
567 1611 630 1673 sed
652 1619 802 1691 paterno
825 1629 966 1691 semper

134 1732 264 1795 affectu
280 1734 436 1803 curabat.
450 1733 562 1795 Porro
576 1732 852 1795 haereditarium
865 1752 965 1795 acce·

136 1865 239 1938 perat
262 1876 430 1938 magnum
454 1876 516 1919 aes
539 1856 706 1930 alienum;
731 1858 844 1918 abbas
868 1856 966 1918 nimi-

136 1999 211 2041 rum
244 1977 467 2041 Coelestinus
497 1990 571 2041 tum
604 1988 752 2061 propter
786 1979 870 2040 belli
906 1998 967 2040 ex-

135 2102 311 2184 actiones,
336 2102 583 2164 rebellantium
607 2102 966 2164 Hauensteinensium

138 2225 318 2305 tumultus,
335 2232 408 2285 tum
425 2223 460 2285 in
477 2244 608 2286 novum
624 2224 876 2286 monasterium
892 2245 913 2286 a
928 2244 967 2286 se

138 2355 358 2408 exstructum
375 2346 516 2427 aliaque
534 2346 817 2409 extraordinaria
834 2366 968 2428 expen-

139 2488 178 2530 sa
199 2487 307 2548 supra
329 2468 449 2530 decies
466 2477 616 2530 centena
632 2468 740 2530 millia
756 2466 967 2530 florenorum

137 2591 342 2671 expendere
356 2591 521 2652 debebat.
539 2590 665 2652 Abbas
677 2590 852 2653 Martinus
869 2600 967 2652 ante-

137 2733 317 2775 cessorum
340 2712 464 2775 honori
494 2722 530 2775 et
556 2713 607 2774 rei
630 2712 847 2775 domesticae
873 2714 967 2774 bono

137 2837 321 2898 consulere
342 2836 476 2918 volens,
498 2835 622 2917 primis
645 2836 765 2898 statim
786 2835 968 2918 regiminis

136 2958 238 3021 annis
255 2978 362 3040 supra
380 2959 561 3021 dimidium
574 2959 665 3021 aeris
678 2959 784 3021 alieni
797 2958 967 3038 dissolvit,

137 3090 172 3143 et
184 3092 304 3143 tamen
313 3082 428 3144 adhuc
441 3081 622 3164 ingentem
635 3081 864 3163 pecuniarum
876 3100 968 3143 sum-

137 3224 230 3267 mam
246 3204 282 3266 in
298 3223 391 3266 nova
405 3203 566 3266 aedificia
580 3205 798 3266 exstruenda
809 3205 967 3267 contulit.

136 3326 270 3388 Verum
287 3325 363 3387 dies
381 3330 430 3387 23.
447 3326 510 3389 Iul.
533 3345 625 3388 anno
647 3330 726 3405 1708
748 3326 920 3389 coenobio
941 3346 967 3389 s

136 3449 247 3511 Blasii
278 3448 509 3529 irreparabile
539 3448 614 3510 fere
643 3449 808 3510 damnum
835 3449 966 3522 intulit;

135 3580 219 3653 post
234 3572 355 3633 horam
372 3571 504 3652 quippe
521 3570 742 3633 undecimam
756 3571 813 3633 die
826 3573 968 3635 sabbati

136 3693 173 3755 in
188 3713 301 3775 parva
316 3693 403 3755 turri
427 3696 551 3756 aulaeo
574 3705 770 3758 conventus
791 3695 966 3778 imposita,

135 3827 286 3896 repente
301 3815 395 3898 ignis
411 3816 583 3898 prorupit,
604 3826 640 3878 et
655 3816 763 3880 flante
780 3827 901 3880 austro
916 3818 967 3880 in-

139 3938 300 4000 credibili
318 3938 499 4001 celeritate
515 3948 611 4001 tecta
628 3939 738 4001 totius
753 3940 966 4021 monasterii,

137 4059 311 4121 ecclesiae
328 4070 364 4122 et
382 4060 549 4125 abbatiae
565 4060 615 4123 ita
632 4061 835 4143 consumsit,
857 4073 896 4123 ut
917 4063 967 4124 in-

138 4193 193 4245 tra
208 4191 282 4244 tres
298 4184 344 4244 ad
361 4202 533 4245 summum
554 4184 660 4252 horas
680 4203 751 4246 non
775 4184 844 4246 ista
863 4204 968 4266 gran-

139 4304 198 4367 dia
213 4313 352 4367 tantum
368 4303 540 4387 aedificia,
561 4307 625 4368 sed
650 4315 686 4368 et
705 4306 902 4390 pistrinum,
919 4309 969 4371 la-

138 4427 244 4489 niena
271 4439 307 4489 et
330 4424 533 4490 officialium
565 4429 635 4490 duo
661 4428 865 4492 habitacula
894 4430 969 4512 igni

138 4549 295 4629 praedae
314 4524 492 4611 cederent.
522 4549 563 4611 In
583 4549 726 4612 tertium
742 4571 854 4632 usque
876 4552 968 4615 diem

139 4670 371 4754 conflagratio
383 4672 600 4754 perduravit,
618 4672 806 4754 omniaque
823 4674 889 4736 sibi
907 4676 968 4736 ob-

138 4793 198 4856 via
219 4795 448 4877 consumpsit,
466 4814 557 4876 quae
574 4815 644 4858 non
660 4797 765 4858 celeri
786 4796 873 4879 fuga
894 4797 969 4859 eius

138 4914 248 4977 furori
279 4917 440 4979 subtrahi
476 4925 652 4998 poterant.
690 4918 749 4980 Ad
780 4937 969 4999 vesperam

138 5038 241 5101 huius
269 5039 338 5101 diei
366 5040 527 5121 lugubris
554 5041 735 5103 monachis
764 5061 830 5104 nec
856 5042 969 5104 lectus

139 5180 204 5223 nec
221 5170 355 5223 tectum
376 5161 560 5244 superfuit,
584 5162 654 5224 imo
675 5183 740 5225 nec
760 5163 874 5245 paniS,
899 5183 969 5244 quo

137 5282 269 5345 famem
281 5283 457 5346 sedarent.
482 5282 752 5348 Sanctissimum
764 5286 834 5349 cito
850 5306 970 5349 serva-

138 5417 228 5480 tum;
246 5417 389 5470 servata
406 5407 513 5471 etiam
526 5419 608 5471 sunt
620 5409 802 5491 complura
816 5427 900 5471 vasa
914 5427 969 5470 sa·
1008 5446 1012 5464 .
1049 5407 1128 5470 rint.
1144 5407 1235 5469 Illud
1247 5426 1334 5470 vero
1349 5406 1486 5472 aerario
1498 5406 1755 5474 San-Blasiano
1766 5429 1879 5493 grave

1043 749 1203 830 graphia,
1219 749 1393 812 aerarium
1405 752 1558 834 abbatia,
1570 753 1762 836 archivum,
1775 774 1873 816 nurn-

1043 873 1313 954 mophylaceum
1335 883 1371 936 et
1391 874 1628 938 bibliothecae
1649 875 1711 938 vix
1735 876 1873 939 decima

1044 1014 1137 1075 pars,
1151 1004 1294 1057 caetera
1306 995 1424 1057 omnia
1435 994 1584 1059 flammis
1598 1000 1770 1060 absumta.
1788 997 1873 1059 Ter-

1043 1136 1122 1179 rore
1150 1115 1275 1178 animis
1302 1136 1469 1200 excusso,
1497 1119 1698 1200 superiores
1723 1119 1873 1200 primurn

1045 1239 1232 1321 agitabant
1247 1249 1376 1321 mente,
1394 1240 1454 1320 qui
1467 1243 1611 1304 tandem
1626 1252 1681 1306 tot
1692 1243 1876 1306 confratri-

1045 1363 1112 1424 bus
1127 1361 1282 1442 hospitia
1297 1362 1536 1444 providerent.
1554 1363 1641 1427 Cum
1657 1365 1875 1447 sapientissi-

1045 1505 1139 1547 mum
1170 1484 1311 1546 abbatis
1343 1485 1541 1568 consilium,
1573 1506 1619 1549 ex
1651 1508 1720 1569 quo
1751 1488 1876 1551 saltem

1047 1606 1232 1669 duodecim
1259 1608 1460 1690 presbyteri
1483 1609 1641 1691 Blasiani
1668 1630 1747 1673 curn
1772 1630 1878 1692 supe-

1046 1729 1137 1791 riore
1164 1729 1200 1792 in
1226 1730 1400 1793 asceterio
1424 1732 1566 1814 Augiae
1594 1732 1715 1796 divitis
1738 1736 1877 1817 regula-

1045 1871 1119 1914 rem
1134 1852 1245 1914 vitam
1262 1853 1308 1913 ad
1324 1873 1439 1915 mores
1455 1854 1641 1918 Blasianos
1663 1857 1876 1920 adcomoda-

1046 1984 1119 2037 tam
1142 1975 1404 2057 continuarent,
1432 1976 1602 2058 episcopo
1626 1978 1779 2060 quidem,
1807 1999 1876 2042 non

1048 2105 1167 2158 autem
1178 2097 1296 2159 curiae
1309 2096 1571 2161 Constantien‘si
1583 2101 1765 2184 placuerit,
1783 2122 1874 2183 quae

1047 2218 1168 2281 nescio
1181 2219 1265 2299 quid
1278 2221 1322 2281 de
1336 2220 1507 2283 eiusmodi
1520 2222 1766 2285 Blasianorum
1782 2225 1875 2286 colo-

1047 2342 1105 2403 nia
1122 2341 1280 2423 timebat,
1298 2353 1465 2423 quattuor
1481 2354 1618 2408 tantum
1633 2347 1714 2409 illuc
1732 2347 1874 2429 dimissi,

1047 2465 1166 2546 plures
1190 2465 1225 2527 in
1245 2467 1468 2530 monasteriis
1483 2468 1766 2553 Rhenaugiensi,
1790 2472 1877 2534 Zwi-

1046 2587 1213 2670 fuldensi,
1242 2586 1514 2671 San-Gallensi,
1543 2590 1794 2675 Einsiedlensi,
1821 2594 1878 2655 Fi·

1047 2710 1250 2792 schingensi
1271 2720 1307 2773 et
1327 2730 1353 2772 s.
1376 2710 1474 2774 Petri
1496 2710 1760 2796 Salisburgensi
1781 2716 1875 2779 omni

1047 2833 1205 2896 caritatis
1222 2831 1338 2895 officio
1356 2834 1499 2915 excepti
1515 2844 1606 2898 sunt.
1631 2834 1798 2900 Seniores
1814 2858 1877 2919 pa-

1047 2966 1121 3018 tres
1145 2965 1184 3018 et
1206 2955 1334 3017 fratres
1358 2957 1520 3019 conversi
1543 2958 1723 3021 meliorem
1746 2971 1877 3025 sortem

1048 3079 1143 3142 nacti
1164 3087 1255 3161 sunt,
1280 3079 1315 3141 in
1336 3080 1592 3160 praeposituris
1612 3101 1639 3144 s.
1656 3082 1767 3145 Blasii
1783 3085 1877 3146 aliis·

1049 3222 1117 3283 que
1142 3202 1303 3264 domibus
1328 3204 1509 3266 extraneis
1525 3217 1792 3270 commorantes
1817 3208 1876 3271 Ad

1047 3327 1176 3388 rudera
1196 3344 1222 3386 s.
1245 3324 1354 3388 Blasii
1377 3345 1489 3407 penes
1515 3327 1747 3391 celsissimum
1767 3331 1876 3392 abba-

1047 3455 1119 3509 tem
1143 3424 1388 3510 subsistebant
1407 3448 1448 3512 P.
1475 3449 1645 3531 decanus,
1671 3451 1876 3513 cellerarius

1048 3570 1202 3652 Magnus
1223 3571 1353 3653 aliique
1375 3572 1490 3653 pauci,
1512 3572 1571 3652 qui
1595 3573 1818 3653 parochianis
1841 3574 1877 3637 in

1047 3695 1178 3756 sacello
1201 3713 1227 3756 s.
1250 3694 1436 3757 Michaelis
1460 3704 1563 3756 extra
1590 3715 1707 3757 muros
1730 3698 1788 3759 vel
1811 3699 1877 3759 sub

1048 3817 1105 3878 dio
1121 3816 1379 3897 praedicabant
1391 3826 1427 3878 et
1440 3816 1596 3879 divinum
1608 3816 1763 3882 officium
1775 3839 1877 3900 pera·

1046 3939 1190 4020 gebant.
1215 3937 1438 4000 Habitabant
1453 3939 1489 4001 in
1505 3940 1609 4002 domo
1625 3941 1825 4004 cancellarii
1842 3951 1878 4005 et

1048 4057 1248 4122 officialium
1266 4060 1479 4123 monasterii.

1135 4183 1187 4245 At
1214 4201 1297 4244 mox
1323 4183 1477 4245 animum
1506 4184 1636 4247 adiecit
1663 4184 1877 4248 celsissimus

1049 4303 1217 4386 princeps
1242 4306 1288 4367 ad
1313 4305 1551 4388 instauranda,
1576 4305 1786 4388 quantocius
1801 4305 1876 4368 fieri

1049 4437 1185 4508 posset,
1211 4428 1400 4490 devastata
1421 4426 1596 4503 aedificia;
1621 4428 1776 4491 consiliis
1797 4448 1878 4491 con-

1048 4550 1130 4612 latis
1153 4569 1231 4611 cum
1255 4550 1458 4612 architectis
1483 4561 1519 4613 et
1542 4549 1626 4612 viris
1648 4569 1765 4612 rerum
1787 4551 1878 4632 peri·

1049 4672 1104 4752 tis,
1126 4681 1302 4753 auctoque
1322 4672 1564 4754 operariorum
1583 4692 1728 4735 numero
1744 4672 1877 4735 factum

1049 4802 1118 4874 est,
1152 4803 1191 4855 ut
1221 4795 1387 4857 abbatiae
1425 4804 1461 4857 et
1492 4795 1654 4857 coenobii
1684 4797 1795 4859 moles
1827 4796 1878 4859 in-

1050 4926 1104 4976 tra
1129 4925 1279 4996 quatuor
1299 4936 1410 4979 annos
1431 4937 1524 4979 novo
1544 4918 1734 4998 splendore
1755 4938 1878 4983 exsur-

1049 5046 1161 5120 geret,
1171 5048 1208 5101 et
1217 5040 1329 5101 abbas
1342 5039 1411 5101 iam
1423 5049 1613 5103 auctumno
1625 5040 1708 5103 anni
1724 5062 1802 5122 1771
1817 5043 1879 5105 ab·

1049 5161 1182 5223 batiam
1216 5161 1432 5243 inhabitare,
1464 5171 1500 5224 et
1530 5163 1692 5226 monachi
1727 5164 1878 5246 dispersi

1049 5294 1239 5347 auctumno
1257 5281 1392 5369 1772fad
1404 5285 1514 5347 aedes
1531 5304 1613 5348 suas
1626 5285 1742 5349 redire
1755 5296 1880 5368 potue-
