4178 6196
861 445 1146 494 -121—

134 633 295 697 sollerter
310 651 356 693 an
372 630 606 713 neglegenter
622 627 857 701 administret;
868 647 962 689 ‘num

134 754 314 819 solvendis
328 751 520 816 contractis
533 750 663 813 debitis
672 770 738 831 par
746 769 825 812 esse
841 758 962 831 queat;

134 900 215 942 num
230 887 308 940 tuto
324 877 375 939 illi
391 876 561 956 deinceps
577 873 729 954 pecunia
742 892 806 954 pro
818 873 963 935 foenore

135 1002 229 1064 credi
245 999 369 1083 possit,
386 998 536 1079 aliaque.
561 996 662 1077 Quae
683 996 825 1077 quidem
847 994 964 1057 omnia

136 1124 275 1204 domini,
297 1123 518 1184 subditorum
536 1128 572 1182 et
588 1118 849 1181 foeneratorum
870 1136 963 1179 corn-

135 1249 238 1309 modo
266 1254 368 1308 erant
392 1244 483 1306 adeo
508 1241 682 1323 evidenti,
707 1251 746 1303 ut
768 1239 963 1302 vicinorum

135 1369 331 1451 principum
344 1365 477 1429 subditi
490 1384 612 1446 parem
626 1361 886 1445 providentiam
896 1361 964 1424 sibi

135 1492 264 1555 frustra
294 1498 536 1570 peroptarent.
572 1486 728 1548 Paterna
758 1485 839 1546 dein
871 1502 964 1546 com·

135 1614 359 1677 miseratione
383 1631 470 1694 erga
495 1609 658 1692 pupillos,
684 1626 832 1689 quorum
856 1606 964 1688 patri-

136 1737 287 1799 monium
314 1734 522 1815 saepissime
548 1730 681 1794 incuria
706 1740 859 1793 tutorum
884 1747 964 1811 pes-

137 1859 250 1939 sumit,
274 1857 333 1939 pie
357 1855 486 1936 sanxit,
511 1864 551 1917 ut
571 1856 665 1916 bona
688 1852 901 1934 pupillorum
928 1850 964 1912 in

89 1976 103 1994 ‘
136 1981 256 2044 fiscum
270 1978 451 2061 publicum
466 1996 530 2057 pro
543 1976 689 2038 foenore
703 1976 884 2037 elocentur
898 1974 964 2035 sub

136 2103 245 2166 tutela
259 2099 459 2182 quaestoris
472 2098 630 2160 Blasiani
643 2098 678 2160 in
691 2096 884 2179 Bonndorf,
902 2097 964 2158 do·

136 2245 198 2288 nec
216 2223 341 2307 pupilli
363 2221 594 2301 adoleverint,
616 2231 651 2282 et
674 2221 781 2281 rebus
801 2219 874 2281 suis
894 2219 963 2300 ipsi

137 2348 340 2430 prospicere
375 2344 524 2428 possint.
563 2341 732 2407 Similiter
768 2341 888 2403 sanxit
919 2342 963 2402 de

134 2470 236 2533 bonis
252 2466 498 2532 haereditariis
516 2464 768 2527 miserabilium
785 2475 820 2525 et
836 2466 964 2526 absen-

135 2595 230 2674 tium,
248 2603 287 2654 ut
298 2610 383 2654 vere
396 2598 493 2652 tutor
505 2597 541 2651 et
553 2598 656 2670 pater
668 2587 882 2669 pupillorum
895 2585 964 2647 dici

136 2714 300 2795 potuerit.
313 2712 509 2774 Maximum
522 2730 607 2773 vero
620 2730 711 2791 opus
724 2709 870 2790 pietatis
883 2709 963 2770 cha-

136 2837 298 2899 ritatisve
315 2853 508 2917 aggressus
526 2844 590 2914 est,
608 2833 802 2913 condend0,
816 2850 963 2894 venera·

135 2959 196 3021 bili
209 2957 366 3039 capitulo
379 2955 637 3021 San-Blasiano
650 2955 878 3035 assentiente,
891 2974 964 3015 am·

135 3082 230 3162 plum
245 3079 423 3161 hospitale
440 3078 475 3140 in
491 3076 684 3159 Bonndorf,
706 3079 751 3139 ad
768 3075 868 3139 cuius
884 3095 963 3157 per-

136 3212 279 3284 petuam
295 3200 591 3264 sustentationem
613 3205 719 3262 80000
740 3197 893 3261 florenos
918 3218 964 3261 ex

136 3347 160 3388 s.
182 3324 293 3387 Blasii
317 3323 551 3405 proventibus
575 3324 787 3403 devovebat,
811 3320 963 3384 subditis

135 3457 270 3510 tantum
291 3467 376 3526 9000
392 3445 671 3509 conferentibus:
687 3445 795 3526 idque
812 3464 858 3506 ex
875 3447 962 3526 dup-

135 3571 216 3653 plici
231 3569 312 3651 fine,
329 3579 368 3632 ut
381 3568 513 3631 subditi
526 3577 655 3649 aetate,
669 3567 892 3650 aegritudine
905 3567 963 3628 vel

134 3694 253 3776 inopia
277 3693 401 3773 pressi,
430 3701 491 3753 aut
518 3692 753 3753 membrorum
776 3700 874 3752 recto
898 3709 964 3751 usu

1042 628 1193 692 aedificii
1220 628 1376 711 lapidem
1403 628 1533 710 posuit.
1567 630 1656 692 Post
1684 627 1874 692 triennium

1043 753 1209 833 aedibus,
1241 751 1452 814 utensilibus
1482 752 1632 833 aliisque
1663 751 1873 814 necessariis

1042 877 1109 938 rite
1130 875 1312 958 dispositis
1336 875 1393 936 die
1422 897 1469 954 14.
1486 875 1576 939 Nov.
1597 879 1677 954 1784
1699 874 1873 955 primitias
1921 866 1930 885 '

1042 998 1092 1080 pii
1116 997 1278 1078 instituti,
1306 998 1429 1060 decern
1452 1016 1630 1079 pauperes
1655 1006 1691 1059 et
1715 998 1874 1079 miseros,

1043 1121 1187 1202 publica
1208 1119 1435 1201 processione
1459 1139 1479 1181 e
1502 1119 1697 1201 parochiali
1721 1118 1874 1182 ecclesia

1044 1262 1086 1304 eo
1102 1242 1309 1324 introduxit,
1333 1242 1436 1304 simul
1458 1243 1626 1304 sacellum
1649 1242 1874 1304 inhonorem

1043 1385 1070 1427 s
1087 1364 1267 1427 Laurentii
1284 1365 1372 1428 diac.
1390 1374 1425 1427 et
1441 1374 1541 1428 mart.
1559 1365 1791 1446 consecravit,
1813 1385 1873 1426 an-

1044 1507 1115 1549 nua
1134 1487 1280 1569 insuper
1299 1488 1581 1550 remuneratione
1601 1488 1641 1549 P.
1658 1487 1698 1551 P.
1715 1487 1874 1549 Paulinis

1044 1610 1229 1691 promissa,
1253 1619 1292 1672 ut
1315 1631 1405 1672 unus
1429 1629 1550 1672 eorum
1573 1609 1722 1693 singulis
1747 1609 1874 1672 diebus

1044 1733 1228 1795 dominicis
1246 1744 1282 1796 et
1296 1733 1436 1796 festivis
1452 1734 1487 1796 in
1504 1734 1636 1795 sacello
1657 1753 1759 1795 sacra
1778 1733 1874 1795 face·

1043 1865 1108 1937 ret,
1129 1866 1165 1918 et
1185 1856 1358 1939 praelecti
1382 1855 1580 1938 evangelici
1603 1856 1778 1938 segmenti
1801 1875 1874 1918 mo-

1042 1978 1108 2040 rali
1125 1978 1364 2061 explicatione
1380 1978 1515 2041 incolas
1531 1978 1638 2040 rudes
1654 1979 1873 2059 plerumque,

1043 2101 1134 2162 male
1151 2101 1332 2181 educatos,
1348 2100 1489 2164 infimae
1501 2102 1616 2182 plebis
1628 2101 1799 2182 homines,
1813 2100 1873 2182 qui

1044 2224 1230 2286 ecclesiam
1247 2224 1486 2306 parochialem
1503 2224 1601 2286 adire
1622 2243 1693 2286 non
1714 2234 1872 2305 possent,

1042 2347 1242 2427 instrueret,
1270 2355 1306 2408 et
1332 2347 1378 2408 ad
1403 2347 1613 2408 servandam
1637 2346 1872 2428 concordiam,

1043 2469 1251 2551 patientiam
1264 2468 1424 2549 aliasque
1435 2468 1586 2530 virtutes
1600 2469 1767 2530 colendas
1781 2487 1874 2531 com·

1043 2602 1213 2671 moneret,
1239 2610 1331 2672 quae
1350 2592 1417 2652 hoc
1438 2590 1618 2652 hominum
1640 2610 1753 2673 genus
1770 2591 1873 2653 dece-

1042 2723 1131 2777 rent.
1155 2713 1331 2775 Numerus
1348 2713 1541 2774 incolarum
1561 2712 1666 2774 huius
1686 2712 1873 2794 hospitalis

1043 2837 1079 2897 in
1106 2836 1183 2897 dies
1207 2836 1415 2918 augebatur.
1445 2833 1570 2916 (Grata
1595 2835 1787 2916 posteritas
1811 2837 1873 2897 ab·

1042 2960 1162 3019 batem
1178 2956 1368 3019 Martinum
1385 2977 1478 3019 anno
1499 2960 1579 3018 1856
1599 2956 1731 3039 insigni
1751 2975 1872 3018 monu-

1042 3092 1159 3143 mento
1175 3082 1211 3143 in
1228 3080 1303 3142 eius
1319 3079 1522 3143 memoriam
1542 3079 1579 3141 in
1595 3058 1783 3141 Bonndorf
1801 3079 1872 3140 col-

1042 3207 1160 3268 locato
1176 3205 1283 3287 digne
1299 3203 1501 3276 honoravit;
1524 3212 1560 3265 et
1580 3222 1672 3265 anno
1694 3206 1772 3263 1808
1795 3210 1872 3263 tota

1043 3327 1170 3390 civitas
1186 3325 1466 3389 Bonndorfensis
1483 3327 1609 3388 eodem
1630 3336 1735 3407 grato
1755 3324 1872 3386 animo

1043 3449 1259 3511 sollemniter
1294 3448 1489 3510 celebravit
1518 3447 1710 3531 benignam
1742 3465 1871 3528 curam,

1043 3591 1114 3654 qua
1129 3580 1212 3634 ante
1229 3583 1371 3634 centum
1387 3590 1499 3632 annos
1515 3569 1639 3632 fiscum
1663 3570 1698 3631 in
1720 3568 1872 3651 gratiam

1041 3694 1254 3778 pupillorum
1280 3693 1516 3775 fundaverat.)
1547 3693 1659 3754 Porro
1691 3692 1797 3754 etiam
1828 3692 1872 3753 de

134 3814 303 3896 destituti,
326 3816 488 3895 adeoque
509 3813 593 3895 pani
617 3813 786 3874 lucrando
810 3812 964 3892 impares
1002 3806 1004 3883 i
1042 3817 1231 3899 abigendis
1254 3816 1463 3896 perniciosis
1483 3814 1709 3897 vagabundis
1732 3834 1751 3876 e
1773 3814 1873 3877 terri-

133 3939 282 3999 honeste
295 3945 589 4016 sustentarentur,
606 3944 642 3997 et
658 3947 697 3997 ut
713 3936 811 3997 locus
829 3934 896 3997 iste
913 3934 963 3996 in·
1002 3904 1005 4049 ξ
1042 3938 1134 4001 torio
1158 3958 1236 4020 su0,
1265 3939 1310 4000 de
1334 3938 1553 4019 inquirendis
1580 3946 1616 3999 et
1642 3936 1872 3999 sublevandis

135 4060 283 4122 serviret
300 4061 345 4120 ad
366 4058 565 4140 puniendos
587 4067 623 4120 et
646 4057 874 4139 corrigendos
893 4056 962 4118 for·
1002 4054 1005 4210 Ι
1042 4061 1213 4125 mendicis
1241 4071 1277 4124 et
1305 4060 1447 4124 sinistra
1475 4059 1680 4123 fortunam
1708 4069 1872 4141 egestate

134 4179 963 4263 nicarios,prodig0s,inoboedientes,aliisvitiis
1002 4228 1005 4305 ,
1043 4185 1268 4268 degentibus,
1292 4194 1329 4247 et
1353 4185 1586 4266 quoadusque
1608 4183 1758 4264 quodvis
1779 4202 1872 4244 corn·

128 4303 293 4369 infames
311 4303 444 4385 Utique
458 4304 526 4365 iarn
540 4313 746 4365 antecessor
758 4302 963 4365 Meinradus
1002 4330 1005 4433 p
1042 4327 1147 4370 mune
1160 4327 1338 4389 pauperes
1354 4306 1409 4368 sui
1424 4307 1492 4368 loci
1505 4306 1600 4367 alere
1613 4314 1803 4385 teneretur,
1817 4323 1872 4365 sa·

134 4429 177 4489 de
202 4427 374 4489 eiusmodi
399 4427 560 4489 instituto
584 4424 816 4507 cogitaverat,
841 4445 963 4487 verum
1002 4460 1005 4513 3
1042 4429 1387 4513 pienterjpraecepit
1411 4441 1446 4490 et
1464 4427 1637 4511 benigne!
1659 4427 1714 4490 Ne
1734 4438 1872 4508 patres-

133 4560 244 4612 morte
265 4561 480 4631 praeventus
501 4548 699 4611 successori
714 4549 868 4611 Martino
884 4548 962 4611 reli·
1002 4517 1005 4616 i
1042 4550 1194 4614 familias
1210 4551 1374 4614 incendio
1391 4551 1532 4613 aedium
1549 4560 1656 4632 atque
1669 4548 1872 4631 supellecti-

135 4671 218 4753 quit,
236 4681 275 4734 ut
290 4670 489 4751 perficeret.
513 4672 559 4733 Et
574 4689 699 4733 revera
715 4680 798 4751 post
812 4670 963 4734 feliciter
1001 4638 1004 4729 i
1042 4673 1086 4736 lis
1094 4677 1140 4737 ad
1150 4684 1346 4737 extremum
1359 4673 1501 4755 inopiae
1510 4672 1681 4754 venirent,
1694 4672 1762 4735 illis
1772 4671 1871 4734 auxi-

134 4794 316 4857 restitutas
333 4813 360 4856 s.
377 4794 488 4855 Blasii
506 4795 623 4875 aedes,
641 4803 677 4856 et
692 4793 831 4856 felicius
846 4794 962 4857 adhuc
1001 4752 1004 4789 Ι
1041 4797 1125 4859 lium
1141 4797 1334 4879 adlaturuS,
1355 4796 1447 4858 inter
1466 4795 1628 4858 subditos
1651 4794 1794 4857 ditionis
1810 4794 1872 4856 im·

134 4916 365 4997 compositam
396 4936 475 4978 cum
502 4917 728 4978 serenissima
756 4919 860 4979 domo
887 4917 962 4979 Au·
1001 4930 1003 4995 ζ
1041 4918 1131 5000 perii
1147 4918 1415 4981 saluberrimam
1428 4918 1635 4980 societatem
1647 4917 1819 4996 fundavit,
1833 4926 1872 4979 ut

134 5039 262 5100 striaca
285 5039 532 5121 gravissimam
555 5039 663 5120 litem,
691 5038 727 5101 in
750 5049 961 5121 perpetuum
1000 5036 1004 5123 ξ
1042 5060 1087 5103 ex
1102 5039 1263 5122 pecuniis
1280 5059 1345 5120 pro
1361 5050 1440 5102 rata
1460 5048 1561 5122 parte
1578 5041 1624 5101 ab
1641 5039 1803 5101 omnibus
1821 5039 1871 5101 in·

132 5161 360 5242 gratitudinis
376 5180 461 5244 erga
474 5162 589 5223 Deum
602 5170 868 5225 monumentum
884 5162 961 5225 fun·
1000 5214 1002 5243 ÷
1042 5162 1129 5226 colis
1145 5162 1338 5237 numeratis
1354 5172 1455 5225 tanta
1467 5181 1602 5224 summa
1614 5162 1871 5244 subrogaretur

134 5283 217 5344 dare
242 5281 366 5345 statuit
390 5283 475 5345 illud
500 5284 687 5363 hospitale.
719 5285 788 5347 Die
813 5306 862 5363 ²9·
886 5285 961 5347 Iun.
1000 5257 1002 5297 ⁵
1042 5285 1101 5368 illi,
1119 5286 1178 5367 qui
1195 5286 1360 5347 damnum
1376 5294 1505 5367 passus
1518 5293 1583 5367 est,
1597 5294 1730 5365 quanta
1740 5294 1872 5366 aequat

137 5407 211 5481 1781
240 5404 353 5465 abbas
375 5404 549 5467 Martinus
576 5405 791 5469 sollemniter
812 5405 962 5486 primurn
1000 5382 1003 5489 J
1042 5407 1196 5489 pretium
1216 5408 1356 5471 aedium
1378 5409 1650 5471 combustarum.
1678 5407 1872 5472 Praeterea

1616 5516 1647 5564 16
