4178 6196
921 466 1202 535 „131-

191 663 227 715 et
243 653 374 714 omissa
390 653 561 715 exercitia
578 653 764 735 regularia.
782 652 947 715 Accessit
959 672 1019 713 an·
1059 660 1061 728 1
1099 646 1166 709 nisi
1175 647 1281 709 etiam
1294 646 1495 708 immunitas
1508 646 1752 709 ecclesiastica
1766 665 1808 708 eo
1817 667 1930 730 usque

192 795 304 837 nonae
335 775 466 837 caritas
493 776 539 836 ab
566 771 746 837 hominum
774 774 941 836 memoria
970 774 1020 835 in·
1059 732 1061 850 1
1099 790 1120 830 a
1144 768 1327 831 catholicis
1351 769 1571 850 principibus
1587 779 1710 831 sancte
1727 770 1928 852 observata,

190 899 322 978 audita,
344 909 382 959 ut
398 914 490 959 anno
512 917 588 976 1771
609 905 646 959 et
666 916 744 976 1772
766 897 879 958 nuntii
900 897 1020 959 tristes
1059 880 1062 985 1
1099 891 1207 953 variis
1224 891 1380 972 dirisque
1396 891 1510 953 modis
1530 890 1697 953 lacessita
1714 900 1750 953 et
1765 892 1929 955 restricta

191 1022 235 1082 de
251 1021 326 1083 vita
342 1020 626 1101 periclitantibus
643 1023 689 1082 ob
705 1019 821 1082 victus
837 1019 1019 1101 penuriam
1059 990 1061 1103 1
1101 1024 1205 1077 esset.
1230 1014 1423 1076 Praeterea
1444 1013 1676 1075 dominiorum
1700 1013 1834 1094 passim
1855 1015 1929 1077 vio·

192 1145 423 1207 adferrentur.
441 1143 651 1205 Vindemiae
665 1162 806 1225 quoque
823 1163 886 1224 per
901 1143 1021 1223 plures
1060 1192 1061 1200 ,
1100 1139 1172 1199 lata
1189 1137 1273 1217 iura,
1287 1138 1461 1218 abrogata
1473 1136 1718 1218 antiquissima
1731 1137 1929 1221 privilegia,

191 1287 302 1328 annos
322 1276 394 1328 tam
419 1267 572 1348 exiguus
597 1275 672 1327 erat
694 1275 899 1345 proventuS,
920 1276 959 1327 ut
975 1266 1020 1326 ad
1059 1306 1062 1339 ,
1101 1262 1314 1322 concordata
1330 1260 1421 1321 inter
1436 1259 1617 1340 principes
1637 1268 1673 1321 et
1689 1259 1832 1322 ordines
1850 1280 1929 1342 pro-

191 1389 370 1470 proprium
398 1408 499 1450 usum
522 1389 605 1449 vina
629 1406 711 1449 caro
738 1386 854 1469 pretio
881 1386 1021 1449 emendi
1058 1342 1062 1457 1
1100 1383 1295 1445 vinciarum
1308 1384 1486 1463 quondam
1501 1382 1588 1445 inita
1601 1392 1637 1446 et
1652 1403 1743 1446 nunc
1760 1384 1929 1464 perfricta

190 1512 265 1573 dira
281 1523 492 1593 exsurgeret
508 1510 714 1574 necessitas.
739 1511 774 1572 A
794 1509 881 1572 foris
901 1509 1020 1571 acerbi
1059 1461 1062 1579 1
1100 1517 1136 1566 et
1152 1505 1251 1568 nihili
1272 1505 1459 1567 aestimata
1474 1505 1630 1568 Martino
1653 1506 1841 1569 immensos
1864 1527 1928 1588 pro

190 1635 301 1696 nuntii
330 1637 374 1696 de
402 1635 581 1713 domibuS,
614 1653 706 1713 quae
733 1635 778 1695 ad
807 1654 833 1696 s.
861 1632 1019 1694 Blasium
1058 1596 1061 1671 1
1099 1628 1152 1689 511
1169 1640 1205 1689 et
1222 1628 1408 1691 anterioris
1425 1629 1573 1692 Austria
1585 1631 1835 1693 coenobiorum
1848 1651 1929 1694 con·

190 1758 412 1838 spectabant,
437 1756 602 1818 incendio
624 1736 853 1837 consumptis,
871 1755 966 1836 agris
983 1766 1019 1817 et
1057 1684 1060 1841 1
1098 1752 1299 1814 servatione
1327 1752 1556 1815 conciverunt
1582 1754 1723 1816 labores
1751 1764 1787 1816 et
1814 1773 1927 1818 curas.

189 1881 303 1942 vineis
316 1878 489 1961 grandine
503 1877 709 1958 devastatis,
727 1878 784 1939 lue
799 1877 833 1940 in
846 1878 1018 1960 gregibus
1099 1873 1482 1937 Subditidominiomm
1496 1875 1645 1956 imperia
1658 1896 1836 1959 respuere,
1847 1897 1929 1939 vec-

189 2022 356 2085 pecorum
382 2013 570 2082 grassante
591 2000 744 2062 animum
766 1999 908 2062 abbatis
930 1998 1018 2061 affli·
1057 1949 1060 2085 1
1098 1997 1237 2079 tigalia,
1261 1998 1394 2060 tributa
1418 2010 1454 2061 et
1478 2019 1722 2082 quaecumque
1745 2011 1928 2082 praestare

189 2137 326 2186 xerunt.
353 2121 499 2186 Steinae
515 2123 617 2202 intra,
634 2131 671 2184 et
687 2122 803 2184 Albae
825 2133 928 2183 extra
946 2141 1018 2183 mu·
1058 2126 1060 2239 1
1098 2120 1192 2182 501111
1208 2131 1318 2202 erant,
1336 2122 1502 2202 abnuere,
1525 2132 1560 2184 et
1577 2123 1749 2205 quidquid
1770 2124 1927 2204 lubebat,

190 2268 246 2308 ros
264 2269 289 2308 5.
305 2245 415 2307 Blasii
433 2243 621 2307 defluentis
633 2244 817 2307 inundatio
829 2264 922 2305 anno
940 2249 1019 2322 1778
1058 2244 1060 2341 1
1099 2253 1275 2305 attentare
1296 2243 1374 2305 ausi
1393 2255 1484 2306 sunt.
1508 2245 1674 2316 Accessit
1695 2246 1742 2308 ad
1758 2247 1929 2309 malorum

189 2379 331 2449 praeter
353 2368 481 2449 ingens
497 2367 745 2430 detrimentum
766 2367 889 2448 pratis,
913 2367 1020 2449 lignis
1058 2362 1060 2367 ’
1100 2367 1275 2428 cumulum
1300 2368 1522 2430 detestabilis
1549 2367 1699 2448 perfidia
1726 2388 1834 2449 supra
1858 2389 1929 2431 me·

189 2504 225 2554 et
242 2492 308 2553 viis
330 2490 482 2572 publicis
503 2489 741 2570 importatum,
762 2500 907 2570 pontem
930 2508 949 2551 e
970 2490 1019 2551 la·
1058 2519 1060 2573 1
1099 2488 1224 2551 morati
1241 2489 1401 2550 Marcelli
1418 2487 1635 2553 Graenicher
1654 2502 1690 2553 et
1712 2491 1843 2572 ingrati
1861 2493 1929 2554 cle·

189 2613 333 2693 pidibus
350 2612 495 2693 quadris
511 2611 628 2673 Albae
646 2611 860 2692 impositum,
882 2612 941 2692 qui
959 2612 1019 2673 de·
1058 2579 1060 2632 1
1099 2610 1170 2691 rici,
1189 2611 1257 2691 qui,
1275 2611 1437 2691 quamvis
1455 2611 1593 2674 titulum
1610 2615 1929 2677 mensaeasBla·

188 2755 266 2798 cem
275 2735 369 2796 mille
382 2733 524 2796 florenis
537 2744 696 2814 steterat,
706 2731 866 2796 funditus
880 2733 1018 2796 evertit.
1058 2690 1060 2833 1
1099 2732 1151 2794 510
1172 2733 1361 2813 acceperit,
1384 2753 1410 2796 5.
1429 2733 1540 2795 Blasii
1563 2735 1725 2797 subditos
1750 2737 1928 2799 concitare

188 2857 276 2918 Post
292 2856 434 2936 fulmen,
457 2874 526 2936 quo
547 2855 703 2916 secunda
719 2855 798 2916 vice
820 2875 912 2918 anno
939 2861 1017 2934 1775
1057 2837 1060 2957 1
1098 2856 1290 2936 adgressus
1302 2864 1367 2936 est,
1378 2865 1426 2933 ut,
1439 2855 1580 2918 abiecto
1594 2856 1677 2938 iugo
1690 2857 1867 2938 Blasian0,
1882 2861 1928 2920 ad

188 2979 246 3040 die
259 2984 288 3042 0.
303 2978 378 3041 Iun.
394 2979 437 3039 de
450 2997 553 3040 mane
570 2978 605 3039 in
618 2980 726 3040 aedes
739 2990 864 3061 portae
876 2979 1019 3042 maioris
1047 2984 1060 3089 1
1098 2977 1298 3040 libertatem
1305 2978 1929 3060 Austriacamadspirarent,sedcum

187 3099 1020 3182 inlapsumfuit,consumenstectumampliaedi-
1057 3094 1060 3193 1
1099 3101 1249 3182 insulsis,
1271 3101 1405 3163 frivolis
1426 3111 1462 3163 et
1483 3101 1708 3163 calumniosis
1733 3102 1887 3182 querelis
1908 3123 1928 3164 a

187 3220 257 3284 ficii
273 3242 398 3284 recens
415 3222 534 3301 erecti,
556 3222 747 3284 exterritus
768 3223 822 3283 ad·
835 3223 1019 3305 expositos
1058 3205 1060 3309 1
1099 3243 1264 3304 supremo
1273 3223 1411 3305 imperii
1422 3223 1526 3286 aulici
1538 3235 1663 3286 senatu
1675 3244 1752 3285 cum
1766 3224 1928 3306 indigna·

188 3355 309 3426 patres
337 3346 428 3408 inter
455 3344 524 3406 alia
548 3344 704 3426 scripsit:
732 3344 1018 3425 „Misericordiae
1058 3318 1060 3429 1
1099 3345 1195 3408 tione
1220 3346 1373 3408 reiectus
1397 3355 1461 3410 est.
1485 3345 1580 3427 Quid
1605 3347 1739 3427 mirum,
1763 3346 1792 3407 si
1815 3355 1868 3409 tot
1892 3357 1928 3408 et

188 3467 339 3547 Domini,
353 3468 436 3548 quia
449 3486 519 3528 non
536 3486 656 3528 sumus
670 3467 900 3548 consumpti“.
919 3466 1019 3528 Eius·
1057 3432 1060 3569 1
1099 3468 1206 3530 tantis
1227 3487 1420 3550 oppressus
1446 3468 1707 3531 calamitatibus
1729 3469 1843 3530 abbas
1864 3488 1928 3549 pu-

188 3589 282 3649 modi
294 3589 504 3651 malaaDeo
517 3609 581 3670 per
589 3589 684 3650 vires
693 3599 840 3651 naturae
852 3589 1018 3668 immissa,
1056 3586 1059 3691 1
1097 3588 1190 3651 blice
1207 3589 1389 3671 professus
1406 3600 1474 3652 est:
1501 3590 1578 3674 ,Nil
1594 3591 1772 3653 lubentius
1789 3590 1926 3654 facere-

187 3711 269 3773 licet
290 3711 512 3793 gravissima,
534 3710 652 3772 mitius
673 3711 880 3792 plerumque
901 3708 1018 3791 perfe-
1056 3694 1058 3731 ³
1096 3732 1183 3793 11115,
1207 3733 1312 3794 quam
1337 3711 1465 3794 offici0,
1489 3713 1523 3775 in
1548 3734 1617 3795 quo
1643 3713 1801 3795 quotidie
1825 3715 1928 3776 novis

187 3845 318 3914 runtur,
341 3854 445 3914 quam
468 3832 626 3913 nequitia
642 3831 821 3894 hominum
842 3832 1017 3894 intentata
1055 3812 1057 3834 ¹
1095 3834 1275 3897 obruimur
1290 3835 1401 3916 malis,
1419 3845 1546 3915 sponte
1564 3835 1723 3898 cedere“.
1747 3836 1854 3918 Piget
1870 3837 1927 3899 hic

186 3966 221 4018 et
248 3955 391 4036 inflicta,
421 3975 462 4017 ac
490 3975 639 4036 quorum
666 3955 816 4037 plurima
844 3956 1015 4037 optimum
1054 3960 1056 4044 1
1094 3959 1241 4039 addere,
1269 3956 1440 4038 optimum
1468 3968 1606 4039 patrem
1634 3969 1777 4040 praeter
1802 3961 1925 4021 hostes

185 4080 385 4157 praesulem
402 4079 655 4160 percellebant.
681 4076 741 4158 Sic
762 4079 830 4160 ipsi
847 4081 1013 4141 acerbum
1053 4105 1055 4163 1
1095 4089 1263 4142 externos
1287 4080 1379 4142 inter
1393 4079 1484 4143 filios
1501 4100 1651 4162 quoque,
1669 4101 1758 4162 quos
1774 4093 1924 4162 paterno

185 4200 342 4261 dolorem
359 4199 478 4262 effecit
494 4202 540 4262 ab
557 4202 638 4262 aula
659 4219 828 4263 caesarea
851 4201 1015 4262 aliorum·
1052 4186 1055 4311 1
1094 4222 1235 4282 semper
1247 4222 1365 4265 amore
1378 4204 1586 4284 complexus
1601 4215 1664 4285 est,
1682 4204 1923 4266 adversarium

184 4340 253 4402 que
271 4322 469 4403 principum
486 4342 624 4399 exorsa,
642 4325 707 4383 sub
725 4322 888 4402 specioso
905 4322 1014 4385 refor·
1094 4325 1203 4388 fuisse
1232 4336 1429 4406 expertum,
1454 4306 1524 4407 qui,
1548 4325 1668 4388 nescio
1697 4346 1767 4407 qua
1795 4325 1924 4406 capitis

184 4443 349 4506 mationis
366 4445 468 4507 titulo
485 4445 664 4508 occultata
680 4444 884 4525 persecutio
901 4445 1014 4507 eccle·
1094 4448 1269 4530 vertigine
1294 4449 1469 4528 laboranS,
1496 4467 1573 4509 cum
1596 4450 1640 4509 de
1663 4447 1804 4510 violatis
1826 4447 1923 4527 capi-

183 4565 267 4629 siae.
303 4567 583 4628 Postulabantur
614 4566 894 4647 conscriptiones
923 4567 1014 4628 redi·
1053 4634 1055 4681 Ι
1094 4571 1158 4632 1111
1179 4570 1336 4633 Blasiani
1361 4570 1496 4632 iuribus
1516 4570 1716 4651 somniaret,
1739 4590 1760 4631 a
1784 4570 1923 4632 nemine

182 4699 280 4751 tuum
309 4701 345 4751 et
368 4699 604 4770 proventuum
628 4709 649 4750 a
675 4688 856 4751 coenobiis
880 4688 1015 4750 mendi·
1053 4706 1055 4847 1
1094 4703 1241 4773 rogatus
1262 4704 1324 4753 aut
1348 4691 1529 4772 impulsuS,
1555 4711 1674 4753 eorum
1699 4689 1922 4753 defensorem

182 4812 346 4893 cantium,
357 4812 819 4893 parochiarumrectoribuS,
829 4824 865 4874 et
877 4813 1014 4894 piarum
1053 4866 1056 4877 .
1095 4833 1202 4894 agere
1218 4815 1352 4893 volens,
1374 4813 1582 4895 gravamina
1603 4814 1740 4875 occulte
1764 4814 1810 4874 ad
1836 4834 1923 4876 nun·

182 4936 785 5008 sodalitatumadministratoribus;
804 4947 932 4997 etcum
946 4936 1015 4997 cle·
1053 4890 1056 5027 1
1095 4935 1180 4997 tium
1204 4935 1439 5017 apostolicum
1462 4936 1505 4998 D.
1528 4934 1694 4997 Buffalini
1714 4936 1825 4998 Iconii
1850 4937 1922 5018 epi-

181 5078 241 5120 rus
263 5060 309 5120 ab
332 5058 511 5140 episcopis
533 5058 732 5140 prohibitus
753 5059 895 5120 tradere
916 5077 1015 5121 recu·
1053 5070 1055 5137 1
1095 5077 1240 5139 scopum
1269 5058 1451 5120 Lucernae
1479 5069 1753 5122 commorantem
1786 5061 1922 5139 detulit,

181 5192 287 5260 saret,
304 5180 538 5243 renitentibus
551 5182 703 5243 mulctae
716 5193 817 5242 erant
829 5181 1013 5262 inrogatae
1052 5251 1054 5263 Ι
1094 5180 1154 5261 qui
1174 5181 1456 5262 sapientissimus
1470 5182 1612 5263 praesul
1633 5180 1758 5244 iurium
1780 5184 1923 5246 abbatis

181 5323 259 5364 cum
278 5303 549 5365 comminatione
570 5303 768 5365 exactionis
788 5322 853 5385 per
873 5303 1012 5365 milites.
1093 5303 1225 5384 optime
1241 5323 1373 5386 gnarus
1390 5303 1585 5384 inquietum
1598 5306 1644 5366 ab
1657 5305 1781 5367 insano
1794 5325 1922 5387 propo-

180 5426 381 5488 'soleranda
396 5427 523 5489 fuisset
540 5427 745 5506 temporalis
760 5428 848 5489 haec
866 5426 1011 5507 iactura,
1092 5427 1160 5489 sito
1177 5427 1304 5490 litteris
1327 5426 1384 5487 die
1401 5431 1429 5490 8.
1447 5428 1533 5490 Maii
1553 5433 1632 5508 1775
1657 5430 1704 5491 ad
1726 5449 1805 5491 eum
1829 5431 1922 5491 datis

1663 5535 1712 5598 17*
