4178 6196
871 472 1153 544 ,27,-

143 659 272 722 clerico
288 659 449 722 diacono.
475 658 649 741 Tempore
666 659 750 721 belli
767 656 896 722 Gallici
911 661 972 721 ad·

144 781 336 844 discendae
358 782 502 864 linguae
520 779 678 845 Gallicae
699 799 845 862 operam
865 801 973 845 nava·

143 904 205 985 vit,
226 913 265 967 ut
284 914 407 986 posset
431 904 466 966 in
487 903 690 966 nosocomio
708 900 855 985 Gallice,
877 905 972 985 quod

143 1026 276 1090 factum
301 1026 415 1089 estin
438 1025 653 1089 monasterio
677 1024 865 1088 Emautino
892 1045 973 1088 con-

142 1149 317 1213 fessiones
341 1157 567 1232 aegrotorum
592 1148 741 1211 militum
759 1146 973 1211 Gallicorum

143 1273 276 1354 audire,
293 1291 386 1334 anno
407 1274 488 1350 1764
505 1292 584 1334 cum
599 1256 742 1334 licentia
765 1271 895 1332 domini
913 1272 973 1333 ab·

144 1393 238 1457 batis
265 1397 311 1457 ad
338 1393 498 1457 Montem
527 1392 709 1457 Serratum
736 1393 771 1455 in
798 1392 973 1475 Hispania

144 1516 241 1596 abiit,
265 1536 357 1578 anno
384 1520 464 1596 1775
490 1516 525 1578 111
546 1516 797 1607 monasterium
819 1515 974 1578 Emauti·

144 1659 226 1702 num
238 1638 353 1719 rediit,
367 1638 589 1720 professione
602 1635 770 1701 iubilatus
780 1637 868 1701 obiit
882 1656 974 1700 anno

148 1766 229 1841 1789
245 1761 386 1843 Pragae
404 1759 533 1823 aetatis
550 1779 642 1821 anno
661 1764 710 1838 75.
782 1756 785 1764 '

231 1883 344 1966 Typis
367 1883 479 1946 edidit
499 1883 620 1965 lingua
638 1881 850 1945 Germanica
872 1901 974 1945 accu-

143 2015 257 2069 ratam
279 2005 554 2087 descriptionem
575 2006 610 2067 in
627 2007 712 2067 orbe
729 2004 903 2067 catholico
920 2024 976 2067 ce·

144 2127 337 2190 leberrimi:

232 2254 344 2310 Montis
361 2251 477 2310 Serrati
494 2256 523 2310 in
537 2255 691 2330 Hispania,
709 2254 883 2309 monasterii
899 2252 977 2308 illius

146 2375 212 2413 cum
230 2371 264 2428 13
276 2357 455 2414 habitaculis
468 2361 668 2415 eremitarum.
686 2354 912 2430 Beschreibung
924 2355 977 2413 des

145 2462 259 2536 Berges
275 2463 461 2519 Mentserrat
476 2465 505 2518 in
523 2460 664 2538 Spanien,
688 2461 741 2517 des
764 2461 903 2517 Klosters
919 2459 977 2516 und

144 2564 199 2622 der
218 2566 449 2624 Einsiedeleien.
478 2567 572 2642 Prag,
598 2565 646 2624 bei
670 2567 806 2642 Johanna
830 2564 978 2622 Peuschin

145 2668 267 2727 Witwe.
286 2684 376 2745 1777.
393 2672 427 2727 In
440 2670 625 2728 bibliotheca
634 2671 793 2726 Emautina
805 2672 911 2726 minori
925 2670 976 2726 111.

146 2779 188 2852 4⁰.
207 2775 293 2853 (top.

233 2888 404 2961 Lodron
429 2917 567 2961 comes
591 2898 655 2978 de,
679 2864 858 2960 Ioannes
878 2896 978 2977 Nep.

148 3015 514 3099 (cremifanensis),
532 3013 733 3098 Salisburgi
750 3014 807 3077 die
827 3033 875 3092 17.
892 3013 979 3076 Maii

152 3160 233 3219 1740
257 3149 372 3219 natuS,
397 3138 517 3201 studia
542 3139 577 3200 in
602 3137 785 3200 academia
809 3135 979 3199 nobilium

148 3261 405 3327 Cremifanensi
426 3261 589 3341 absolvit,
616 3278 718 3320 sacra
741 3277 820 3321 sese
844 3258 980 3340 profes·

150 3386 249 3449 sione
271 3386 350 3448 Deo
378 3384 435 3447 die
464 3387 510 3445 13.
536 3382 626 3445 Νον.
655 3385 737 3459 1766
760 3379 922 3442 devinxit
945 3389 980 3442 et

149 3507 360 3590 theologicis
388 3505 584 3588 disciplinis
612 3504 647 3565 in
674 3503 837 3565 instituto
863 3504 981 3565 dome-

149 3630 239 3693 stico
256 3629 421 3692 excultus
434 3627 583 3709 primam
597 3626 676 3688 Deo
688 3625 841 3687 hostiam
855 3623 982 3687 obtulit

151 3754 208 3816 die
229 3773 254 3814 1.
272 3752 336 3834 Iul.
359 3755 450 3829 1764.
475 3747 696 3830 Cooperator
717 3746 752 3808 in
770 3744 983 3810 Steinerkir-

113 3859 117 3871 ⁶
151 3877 257 3949 ehem
294 3873 424 3937 deinde
455 3870 660 3934 academiae
699 3868 869 3931 nobilium
902 3868 983 3929 sub·

149 4016 280 4083 regens
298 4007 334 4060 et
350 3994 595 4077 philosophiae
612 3992 794 4074 professor
806 4010 918 4073 usque
935 3991 982 4053 ad

150 4121 255 4183 finem
277 4117 496 4189 academiae;
522 4127 595 4179 tum
620 4116 726 4177 rebus
751 4113 923 4176 silvaticis
949 4122 985 4175 et

151 4242 344 4307 venatoriis
355 4241 488 4322 primus
499 4259 545 4301 ex
558 4249 658 4300 coetu
668 4236 872 4300 monasterii
883 4255 985 4318 prae-

152 4365 282 4436 fectus;
308 4361 535 4425 illustrissimi
562 4358 732 4441 principis
757 4367 792 4421 et
813 4358 985 4440 archiepi-

153 4488 251 4570 scopi
269 4483 557 4568 Salisburgensis
575 4480 794 4564 Sigismundi
817 4501 862 4543 ex
880 4481 986 4543 comi·

153 4610 248 4673 tibus
272 4611 317 4671 de
342 4605 629 4671 Schrattenbach
653 4603 873 4667 consiliarius
899 4603 986 4665 obiit

153 4733 210 4795 die
227 4738 256 4795 3.
273 4731 378 4794 Febr.
401 4734 491 4792 1866.

239 4854 352 4936 Typis
371 4854 567 4934 impressae
584 4861 679 4912 sunt:

240 4980 446 5038 Adsertiones.
465 4998 502 5035 ex
526 4977 628 5052 logica
649 4990 678 5032 et
700 4975 908 5051 metaphysica
929 4987 985 5030 etc.

155 5086 319 5144 adsistente
343 5086 376 5142 P.
395 5085 507 5141 Ioanne
529 5084 603 5158 Nep.
629 5099 666 5137 ex
687 5077 847 5136 comitibus
869 5079 906 5134 de
927 5079 988 5134 Lo·

155 5191 239 5249 dron.
257 5189 382 5265 Styrae,
399 5189 557 5246 Wimmer.
578 5185 668 5259 1782.
686 5192 728 5257 4⁰.
751 5199 787 5257 14
804 5204 833 5261 p.

1053 659 1141 722 adiit
1165 661 1221 723 die
1249 681 1273 722 1.
1291 661 1363 724 Ian.
1386 666 1475 740 1807.
1501 659 1776 725 Grammaticam
1802 684 1881 727 cum

1052 782 1318 845 humanioribus
1334 783 1461 846 litteris
1478 784 1514 845 in
1530 784 1718 866 gymnasio
1734 787 1780 847 ad
1797 784 1882 849 Sco-

1053 913 1110 966 tos
1126 905 1273 988 egregie
1286 906 1433 967 edoctus
1449 925 1492 968 ac
1508 905 1762 988 philosophicis
1779 907 1882 970 disci·

1053 1026 1158 1109 plinis
1175 1026 1210 1088 in
1227 1026 1320 1089 univ
1331 1026 1484 1120 Vindob.
1498 1027 1726 1091 laudabiliter
1741 1030 1882 1091 absolu-

1053 1148 1109 1229 tis,
1126 1167 1227 1211 sacro
1243 1167 1269 1213 5.
1286 1148 1325 1210 P.
1343 1169 1375 1210 n.
1392 1148 1579 1213 Benedicti
1596 1149 1720 1213 habitu
1739 1150 1882 1214 indutus

1054 1279 1110 1333 est
1131 1271 1187 1332 die
1209 1291 1256 1334 10.
1274 1269 1352 1334 Oct.
1374 1274 1464 1333 1825.
1489 1271 1593 1334 Votis
1616 1291 1702 1335 vero
1723 1274 1882 1337 sollemni

1053 1393 1122 1457 ritu
1145 1393 1358 1475 nuncupatis
1383 1392 1440 1455 die
1467 1398 1516 1457 28.
1535 1393 1613 1457 Oct.
1640 1397 1730 1475 1828,
1752 1416 1831 1458 cum
1854 1416 1880 1458 s.

1054 1516 1256 1599 theologiae
1282 1535 1422 1579 cursum
1447 1515 1483 1577 in
1507 1517 1600 1579 univ.
1612 1518 1766 1581 Vindob.
1788 1527 1884 1580 esset

1055 1656 1230 1717 emensuS,
1253 1638 1459 1701 (11623161.
1481 1642 1562 1701 1836
1582 1641 1771 1722 presbyter
1792 1639 1883 1701 ordi-

1055 1771 1159 1823 natus
1176 1771 1230 1822 651
1247 1768 1283 1822 61
1300 1759 1357 1821 die
1378 1781 1403 1824 1.
1416 1761 1512 1842 Aug.
1529 1760 1687 1824 eiusdem
1703 1761 1785 1823 anni
1801 1780 1884 1824 neo·

1055 1891 1172 1964 mysta
1189 1884 1235 1944 ad
1252 1901 1348 1944 aram
1361 1881 1430 1944 Dei
1446 1882 1554 1946 stetit.
1573 1883 1641 1964 Qui
1654 1884 1773 1947 statim
1786 1883 1885 1945 exin·

1057 2007 1100 2067 de
1117 2014 1264 2086 propter
1278 2023 1414 2066 morum
1430 2005 1669 2068 urbanitatem
1688 2003 1884 2067 humanita-

1056 2135 1199 2208 temque
1214 2125 1394 2208 hospitum
1410 2127 1582 2210 magister
1602 2146 1668 2189 nec
1684 2145 1753 2189 non
1774 2125 1885 2188 refec-

1057 2249 1138 2313 torii
1153 2251 1405 2331 hortorumque
1421 2215 1604 2332 inspector
1619 2270 1660 2312 ac
1678 2260 1820 2312 curator
1836 2248 1886 2309 in·

1055 2373 1234 2436 firmorum
1260 2373 1295 2434 in
1318 2373 1534 2436 monasterio
1559 2373 1778 2463 designatus,
1808 2392 1887 2434 cum

1057 2496 1111 2558 his
1135 2495 1339 2557 muneribus
1363 2495 1509 2577 egregie
1538 2507 1634 2559 esset
1658 2495 1800 2559 functus
1825 2497 1887 2558 du·

1057 2629 1230 2699 ranteque
1247 2619 1408 2679 cholerae
1429 2620 1552 2680 morbo
1573 2630 1732 2681 curatum
1754 2619 1888 2701 egisset

1059 2750 1240 2802 strenuum
1262 2739 1298 2801 in
1322 2739 1526 2802 nosocomio
1550 2739 1710 2802 suburbii
1730 2740 1884 2802 Vindob.

1060 2863 1145 2926 dicti
1170 2860 1431 2943 Gumpendors,
1459 2880 1552 2924 anno
1580 2866 1658 2924 1832
1685 2880 1790 2923 curae
1816 2861 1888 2923 ani·

1059 3005 1203 3065 marum,
1221 2984 1316 3066 quod
1334 2982 1410 3064 ipse
1424 2983 1733 3046 vehementissime
1751 2983 1889 3047 deside·

1059 3117 1218 3201 raverat‚
1249 3108 1429 3188 admotus,
1466 3105 1616 3188 primum
1648 3106 1889 3186 cooperatoris

1060 3250 1186 3293 munus
1212 3229 1248 3291 in
1273 3227 1522 3309 Gumpendorf
1546 3227 1626 3289 dein
1656 3228 1889 3291 1832-36111

1061 3351 1273 3435 Eggendorf
1295 3350 1418 3433 gessit.
1450 3347 1538 3413 Cum
1562 3369 1648 3412 vero
1672 3350 1807 3413 interea
1833 3350 1890 3413 die

1062 3496 1112 3538 22.
1124 3475 1198 3537 Iun.
1212 3477 1290 3536 1832
1303 3485 1338 3536 et
1352 3494 1398 3552 17.
1408 3474 1481 3537 Ian.
1493 3476 1571 3536 1833
1582 3473 1733 3536 examin.
1744 3472 1891 3556 rigoros.

1062 3617 1108 3659 ex
1132 3596 1295 3659 omnibus
1319 3595 1393 3657 sere
1418 3615 1444 3657 s.
1469 3594 1671 3677 theologiae
1696 3594 1892 3677 disciplinis

1063 3721 1282 3800 approbatus
1306 3719 1446 3798 fuisset,
1476 3718 1615 3781 1836111
1640 3719 1893 3783 monasterium

1063 3852 1250 3904 revocatus
1289 3839 1530 3923 professuram
1569 3842 1819 3924 paedagogiae
1858 3850 1894 3904 et

1063 3963 1170 4045 paulo
1193 3972 1275 4045 post
1298 3961 1502 4045 theologiae
1526 3963 1716 4045 pastoralis
1741 3963 1774 4026 in
1798 3964 1892 4026 univ.

1063 4087 1218 4149 Vindob.
1236 4086 1404 4168 suscepit,
1428 4086 1527 4149 cuius
1544 4087 1688 4167 insuper
1709 4087 1894 4148 conciona-

1064 4221 1121 4273 tor
1136 4208 1361 4272 academicus
1378 4219 1433 4273 est
1450 4208 1671 4291 designatus,
1696 4207 1793 4288 Quas
1814 4228 1893 4288 par-

1065 4344 1120 4395 tes
1147 4331 1373 4395 laudabiliter
1399 4331 1510 4394 tuitus
1519 4380 1528 4411 ,
1557 4330 1614 4392 die
1646 4351 1671 4393 1.
1695 4329 1784 4391 Nov.
1815 4334 1890 4405 1841

1066 4464 1275 4536 cooperator
1284 4454 1412 4516 missus
1422 4463 1476 4515 est
1486 4453 1519 4514 in
1530 4451 1894 4514 suburbiumVindob.

1066 4577 1199 4640 dictum
1209 4573 1381 4656 Campum
1391 4572 1783 4654 Scotorumnovemque
1794 4572 1895 4634 annis

1025 4714 1027 4721 ·
1065 4708 1148 4778 post
1164 4717 1257 4760 anno
1275 4700 1357 4759 1850
1372 4696 1549 4777 parochus
1567 4693 1724 4756 eiusdem
1740 4695 1808 4757 loci
1825 4714 1895 4756 me·

1065 4818 1133 4881 rito
1151 4828 1205 4881 est
1222 4819 1432 4898 declaratus,
1456 4817 1554 4880 cuius
1571 4827 1692 4898 partes
1713 4819 1896 4898 hucusque

1026 4948 1028 5007 l
1066 4939 1298 5002 saluberrimo
1328 4959 1406 5002 cum
1430 4938 1593 5021 profectu
1621 4939 1782 5002 sustinet.
1817 4938 1896 5002 Hac

1026 5022 1029 5151 1
1069 5061 1162 5124 enim
1184 5061 1219 5123 in
1240 5060 1424 5142 provincia
1440 5061 1650 5140 collocatus,
1673 5062 1817 5144 longum
1840 5070 1896 5124 est

1027 5155 1030 5273 1
1069 5182 1899 5266 enumerare,quidquidbonietpraeclariprae·

240 5299 381 5375 Loritz
415 5311 613 5373 Urbanus
641 5308 849 5388 Iosephus
879 5305 990 5387 (866-
1028 5296 1031 5419 7
1069 5305 1199 5368 stiterit
1216 5305 1299 5367 etin
1312 5307 1417 5366 rebus
1430 5303 1638 5366 divinisrite
1651 5304 1900 5387 perpetrandis

155 5430 321 5510 tensis),
339 5430 502 5493 Viennae
530 5431 564 5492 in
585 5427 732 5490 Austria
753 5427 850 5490 vitae
873 5427 989 5488 lumen
1029 5430 1031 5471 ῑ
1071 5438 1106 5490 61
1120 5427 1156 5490 in
1169 5427 1322 5491 ecclesia
1334 5426 1530 5509 parochiali
1542 5427 1688 5508 pulchre
1699 5428 1900 5491 decoranda
