4178 6196
890 447 955 470 ’-
1016 424 1081 491 161
1143 461 1191 471 --

179 633 266 695 hora
282 638 386 693 sexta
401 628 585 709 matutina,
603 627 755 690 animam
767 625 847 689 Deo
861 623 1013 688 creatori

180 762 216 816 et
228 750 408 834 salvatori,
419 769 548 832 corpus
560 760 688 832 terrae,
696 747 896 812 mortalium
909 746 1014 810 matri

180 873 345 938 reddidit.
370 871 535 956 Scripsit:

266 1019 290 1075 l.
314 1016 683 1093 Religions·Geschichte
707 1016 761 1073 des
781 1015 862 1072 alten
882 1014 1013 1072 Bundes.

180 1124 253 1180 Zum
269 1121 453 1181 Gebrauche
470 1122 516 1179 fiir
531 1122 580 1179 die
597 1120 922 1204 Gymnasialdugend.
938 1117 968 1199 (i.
986 1138 1013 1176 e.

179 1228 317 1285 Historia
333 1227 488 1303 religionis
504 1227 542 1285 ad
558 1246 644 1284 usum
661 1227 823 1283 iuventutis
836 1221 1014 1302 studiosae.)

180 1332 280 1401 Wien,
302 1331 393 1407 1850.
409 1335 462 1390 Bei
478 1333 528 1390 Fr.
546 1332 638 1390 Beck.
657 1329 699 1388 8⁰.

272 1455 310 1512 ll.
338 1457 413 1511 Zum
436 1452 599 1513 Vorabend
626 1454 680 1511 der
707 1451 934 1510 Secundizseier
961 1451 1015 1508 des

180 1560 449 1635 hochwilrdigsten
476 1560 577 1616 Herrn
600 1559 741 1616 Wilhelm
765 1558 862 1626 Eder,
889 1555 953 1614 Abt
979 1575 1014 1612 zu

180 1665 272 1722 Melk.
290 1661 319 1743 (i.
334 1683 360 1721 e.
378 1665 411 1720 ln
422 1664 526 1740 vigilia
541 1663 662 1721 iubilaei
679 1662 879 1720 sacerdotalis
895 1659 1015 1718 abbatis

181 1768 334 1826 Guilielmi
358 1765 462 1846 Eder.)
489 1770 546 1826 Ms.
574 1771 604 1825 in
627 1768 815 1826 Bibliotheca
829 1766 1013 1840 ‚Mellicensi

186 1872 279 1948 1854.
295 1880 339 1948 4⁰.

268 1997 320 2054 lll.
334 1998 462 2056 Cantate
474 2016 527 2054 zur
539 1996 770 2073 priesteriichen
781 1993 946 2073 Jubeifeier
962 1992 1016 2049 des

183 2104 225 2161 Pl.
251 2104 289 2160 T.
310 2103 590 2177 ‘Hochwilrdigsten
617 2102 717 2158 Herrn
739 2101 840 2157 Herrn
862 2098 960 2156 Abtes
981 2117 1017 2153 zu

183 2207 264 2266 Melk
279 2207 422 2264 Wilhelm
446 2226 492 2263 am
514 2223 545 2281 4.
562 2206 632 2263 Oct.
655 2203 744 2280 1854.
769 2203 799 2284 (i.
824 2224 851 2262 e.
877 2204 1017 2260 Cantatio

183 2313 221 2370 ad
244 2312 322 2370 idem
346 2310 508 2370 iubilaeum
534 2330 602 2367 cum
628 2313 709 2367 notis
732 2306 887 2387 musicae.)
917 2307 1018 2365 Musik

183 2435 244 2474 von
260 2417 298 2475 H.
315 2419 412 2475 Franz
423 2418 536 2473 Krenn.
553 2416 653 2484 wien,
671 2419 701 2473 in
716 2415 771 2472 der
785 2416 815 2473 k.
832 2415 863 2474 k.
881 2413 1017 2472 landesb-

183 2523 246 2580 lith.
263 2522 351 2580 Anst.
368 2542 396 2579 v.
413 2519 532 2596 Sieger.
550 2519 593 2579 8⁰.

270 2687 458 2762 Habrich
490 2699 687 2763 Alexius
719 2699 1017 2785 (Raigradien-

184 2816 265 2900 sis).
279 2817 408 2881 Natale
428 2819 541 2882 solum
554 2818 676 2883 Alexii
691 2818 760 2882 fuit
775 2820 1016 2904 Buzovicium,

185 2942 280 3004 haud
304 2943 598 3005 contemnendum
625 2942 854 3026 municipium
882 2945 917 3007 in
941 2944 1018 3008 Mo-

185 3065 285 3129 ravia
305 3063 552 3130 Olomucensis
574 3066 764 3150 dioecesis,
785 3067 847 3130 ubi
866 3069 958 3131 hanc
982 3068 1017 3131 in

185 3187 295 3252 vitam
312 3189 496 3271 ingressus
517 3197 573 3251 est
595 3193 645 3251 26.
659 3188 724 3253 Iul.
746 3194 837 3268 1736.
861 3191 1017 3254 Absolu-

187 3310 231 3373 tis
247 3311 377 3393 partim
392 3310 552 3393 Brunae,
562 3311 692 3393 partim
708 3310 882 3376 Olomucii
896 3314 1018 3376 huma-

185 3432 342 3496 nioribus
355 3443 391 3497 et
401 3434 657 3518 philosophicis
669 3434 797 3498 studiis
805 3434 1017 3517 vigesimum

186 3555 315 3620 aetatis
335 3576 465 3619 annum
486 3576 610 3640 agens,
633 3557 670 3620 in
693 3555 908 3621 monasterio
928 3556 1017 3621 Rai-

185 3677 376 3762 gradiensi,
391 3679 662 3761 praepositurae
675 3681 835 3743 habenas
851 3688 935 3742 tunc
951 3677 1016 3741 ibi-

187 3802 265 3864 dem
286 3802 493 3865 moderante
514 3801 710 3865 clarissimo
730 3802 807 3865 viro
827 3802 1015 3865 Bonaven-

185 3933 264 3987 tura
280 3923 380 3987 Piter
393 3893 622 3987 benedictina
641 3933 697 3987 est
712 3925 899 4007 amplexus
916 3923 1015 3988 insti-

185 4056 273 4110 tuta.
301 4047 390 4109 Post
409 4056 616 4128 nuncupata
635 4057 721 4111 vota
741 4046 813 4112 Cal.
835 4047 909 4111 Ian.
935 4052 1015 4128 1758

185 4169 352 4250 vitaeque
373 4169 560 4232 sanctioris
580 4169 677 4232 facta
696 4168 928 4233 fundamenta
948 4173 1016 4234 sub

186 4291 402 4356 doctissimis
422 4291 509 4355 viris
529 4292 601 4354 ΡΡ.
624 4290 795 4355 Othmaro
816 4291 956 4356 Conrad
981 4303 1016 4357 et

185 4414 413 4479 Ferdinando
435 4414 564 4477 Miiller
591 4414 854 4496 professoribus
881 4416 1016 4479 theolo-

185 4539 285 4623 giae,
313 4537 526 4600 scholastico
538 4573 552 4584 ·
565 4537 771 4622 dogmatico
783 4575 797 4586 ·
809 4538 1015 4622 polemicae,

186 4679 292 4742 quam
312 4659 465 4740 primum
485 4659 578 4722 omni
599 4679 693 4723 anno
709 4680 774 4744 per
788 4671 921 4744 partes,
942 4673 1017 4725 tum

185 4783 387 4846 universam
399 4781 544 4864 publice
555 4783 809 4867 propugnavit,
819 4785 942 4847 sedulo
954 4784 1017 4847 im-

184 4905 310 4988 pendit
318 4923 474 4985 operam.
488 4904 547 4967 Ad
559 4905 858 4988 iurisprudentiae
871 4916 908 4970 et
918 4908 1017 4970 theo-

184 5027 303 5110 logiae
323 5027 466 5090 moralis
486 5028 642 5090 studium
659 5028 787 5092 deinde
805 5029 1016 5112 convolavit,

185 5170 256 5233 quo
267 5149 496 5213 laudabiliter
508 5151 682 5233 absoluto,
690 5150 890 5214 sacerdotio
902 5150 1017 5215 initia-

185 5283 242 5336 tus
267 5277 425 5352 est1763
454 5277 502 5338 16.
522 5273 596 5338 Ian.
621 5284 658 5337 et
685 5279 733 5337 16.
756 5273 861 5338 Febr.
885 5274 1017 5357 primas

186 5395 327 5459 divinae
355 5395 533 5460 maiestati
559 5396 695 5460 hostias
723 5396 927 5460 immolavit.
956 5396 1016 5459 Ab

1093 644 1186 688 anno
1207 628 1288 702 1764
1308 642 1374 705 per
1394 623 1464 685 duo
1484 623 1596 685 lustra
1617 640 1786 685 censuum
1805 640 1924 684 mona·

1093 747 1192 810 sterii
1208 745 1441 828 perceptoris,
1463 744 1601 808 culinae
1616 737 1839 826 inipectoris,
1856 744 1925 807 cel-

1093 870 1181 954 larii,
1202 879 1239 933 et
1261 867 1455 951 provisoris
1476 866 1602 930 officiis
1624 866 1826 929 successive
1846 885 1925 948 per-

1093 992 1254 1075 fungitur
1269 1001 1305 1055 et
1321 1009 1414 1053 anno
1429 990 1574 1053 tandem
1591 992 1670 1068 1775
1685 989 1731 1050 ad
1742 988 1926 1070 praeclara

1094 1114 1221 1197 prioris
1241 1112 1457 1195 monasterii,
1478 1110 1711 1191 cancellariae
1732 1120 1768 1174 et
1791 1110 1925 1175 archivi
2016 1163 2018 1167 .

1094 1233 1269 1317 praefecti
1296 1233 1415 1297 munia
1443 1232 1583 1296 insimul
1606 1233 1777 1298 evehitur.
1809 1230 1926 1298 Subli·

1095 1357 1265 1420 mioribus
1281 1357 1336 1418 his
1357 1354 1483 1418 officiis
1504 1355 1657 1419 donatus
1679 1354 1844 1437 curisque
1865 1356 1927 1418 do·

1095 1479 1254 1544 mesticis
1274 1478 1416 1542 omnino
1436 1478 1582 1561 solutus,
1606 1477 1734 1541 litteris
1754 1497 1794 1541 se
1814 1476 1926 1541 invol-

1095 1622 1191 1686 vere,
1213 1600 1382 1664 historiae
1411 1599 1550 1681 patriae
1574 1608 1688 1663 totum
1711 1619 1750 1663 se
1773 1600 1925 1683 tradere,

1096 1724 1218 1806 reique
1244 1722 1497 1805 diplomaticae
1519 1741 1649 1785 vacare
1677 1722 1805 1803 coepit.
1837 1722 1926 1786 Bru·

1096 1866 1178 1910 nam
1204 1846 1433 1910 Moravorum
1459 1845 1610 1909 mittitur
1619 1866 1629 1922 ;Ι
1654 1845 1798 1908 archiva
1825 1847 1871 1909 ad
1899 1868 1926 1909 s.

1096 1969 1242 2033 Petrum
1262 1969 1361 2032 etad
1377 1987 1404 2032 s.
1420 1967 1589 2031 Iacobum
1606 1968 1871 2050 pretiosissimis
1891 1980 1948 2032 et·

1097 2090 1352 2173 antiquissimis
1386 2089 1518 2153 referta
1553 2090 1788 2154 monumentis
1822 2090 1927 2154 avide

1098 2215 1301 2297 perlustrat,
1324 2214 1449 2276 eadem
1470 2213 1563 2275 iusto
1585 2213 1708 2276 ordine
1729 2214 1853 2276 donari
1868 2234 1927 2277 cu-

1098 2346 1162 2418 rat,
1179 2336 1427 2417 thesaurisque
1443 2334 1514 2398 illic
1530 2335 1696 2418 inventis,
1717 2355 1759 2398 ac
1774 2334 1928 2399 fideliter

1097 2479 1119 2521 a
1139 2479 1177 2522 se
1199 2459 1278 2541 ipso
1299 2457 1489 2539 descriptis
1509 2466 1668 2534 onustus,
1689 2457 1927 2540 Raigradium

1097 2580 1296 2644 revertitur.
1325 2579 1385 2642 Ad
1409 2579 1625 2642 eruditorum
1650 2600 1767 2644 rerum
1789 2581 1927 2663 patriae

1097 2701 1318 2784 scriptorum,
1331 2700 1529 2782 Raphaelis
1538 2700 1665 2784 Ungar
1679 2701 1857 2785 videlicet,
1873 2703 1928 2767 Io-

1098 2825 1199 2908 sephi
1211 2823 1440 2906 Dourovskv,
1454 2821 1590 2887 Gelasii
1601 2824 1758 2907 Dobner,
1770 2824 1925 2910 Cerroni,

1097 2945 1242 3009 Martini
1254 2944 1400 3008 Pelzelii
1416 2955 1453 3008 et
1464 2945 1656 3029 praecipue
1668 2947 1812 3030 Iosephi
1824 2949 1928 3011 Wra-

1097 3068 1191 3133 tislai
1211 3066 1341 3150 equitis
1366 3068 1410 3130 de
1430 3066 1572 3151 Monse,
1596 3087 1748 3150 quocum
1774 3070 1927 3134 arctissi-

1097 3211 1192 3257 mum
1207 3191 1384 3254 amicitiae
1401 3189 1529 3254 foedus
1545 3191 1927 3256 inierat—litterarum

1098 3314 1343 3378 commercium
1368 3332 1448 3376 cum
1470 3312 1569 3376 hisce
1596 3313 1746 3395 aliisque
1766 3314 1852 3377 viris
1872 3315 1927 3377 sui

1097 3437 1177 3500 aevi
1190 3435 1404 3500 doctissimis
1416 3435 1452 3498 in
1461 3455 1588 3499 novem
1597 3434 1777 3499 fasciculis
1789 3436 1928 3520 magnis

1097 3579 1177 3622 cum
1198 3559 1382 3642 signatura
1399 3557 1438 3620 E.
1460 3560 1492 3620 d.
1511 3561 1540 3641 8,
1558 3580 1576 3638 9
1599 3568 1666 3622 etc.
1690 3577 1803 3640 usque
1832 3564 1869 3622 16
1892 3560 1928 3624 in

1095 3681 1240 3746 archivo
1256 3692 1379 3744 nostro
1391 3683 1602 3743 adservatur
1613 3718 1656 3727 -
1667 3681 1703 3743 in
1720 3681 1928 3746 societatem

1095 3813 1224 3886 postea
1235 3804 1404 3888 adscitus,
1418 3805 1621 3867 eorumdem
1640 3805 1824 3868 doctorum
1837 3805 1928 3868 viro-

1095 3948 1171 3990 rum
1193 3927 1371 3991 irremisso
1391 3928 1546 4010 hortatu,
1567 3927 1716 4009 ipsoque
1737 3927 1766 3990 F
1768 3927 1929 3991 rancisco

1096 4049 1432 4133 comiteChorinsky
1441 4049 1737 4133 exigente:,1ura
1746 4049 1928 4133 primaeva

1096 4173 1300 4237 Moraviae“
1324 4192 1370 4235 ex
1390 4171 1624 4255 autographis
1644 4172 1928 4254 authenticisque

1095 4295 1347 4377 manuscriptis
1371 4294 1505 4377 colligit
1529 4305 1566 4356 et
1589 4294 1714 4357 eadem
1735 4295 1829 4359 notis
1851 4314 1928 4357 eru-

1097 4417 1281 4482 ditissimis
1297 4418 1473 4482 illustrata
1489 4416 1587 4499 typis
1599 4418 1744 4479 tandem
1757 4416 1929 4480 committi

1097 4549 1199 4603 curat
1212 4540 1306 4623 (vide
1316 4539 1429 4620 infra).
1443 4538 1503 4601 Ad
1512 4538 1733 4602 monasticon
1744 4537 1929 4601 historico·

1098 4663 1363 4745 diplomaticum
1394 4661 1548 4725 omnium
1583 4660 1877 4724 monasteriorum
1907 4681 1929 4723 a

1098 4785 1245 4848 D.Piter
1257 4784 1460 4866 incoeptum
1472 4803 1616 4846 manum
1628 4783 1805 4864 admovet,
1814 4791 1927 4846 totum

1097 4909 1164 4970 hoc
1185 4907 1393 4970 immensum
1415 4925 1505 4987 opus
1528 4905 1572 4968 de
1596 4924 1689 4967 novo
1713 4905 1937 4987 transcribit,

1098 5029 1260 5112 absolvit,
1274 5029 1445 5110 preloque
1459 5037 1662 5108 praeparat.
1678 5026 1928 5110 Necrologium

1097 5152 1244 5235 insuper
1270 5149 1558 5234 congregationis
1582 5148 1841 5213 Benedictinae
1864 5170 1929 5232 per

1097 5275 1314 5357 Bohemiam,
1331 5272 1528 5337 Moraviam
1545 5282 1581 5336 et
1597 5270 1760 5337 Silesiam
1776 5270 1928 5356 conficit,

1097 5399 1278 5480 multaque
1302 5396 1372 5459 alia
1392 5414 1501 5477 opera
1522 5395 1694 5459 immensa
1715 5413 1928 5477 semperque

1666 5512 1695 5549 21
