4208 6194
911 488 954 497 -
999 451 1122 514 XLIII
1166 490 1206 499 —

189 674 482 756 archiepiscopus
516 674 633 738 factus
665 684 738 756 est,
769 675 983 759 Tergestum
1018 677 1217 758 petierunt,
1253 677 1313 739 ubi
1347 687 1527 740 annuente
1565 689 1601 742 et
1635 678 1781 742 iuvante
1815 681 1930 744 Maria

189 814 371 897 Theresia,
395 815 565 878 Austriae
587 814 822 897 imperatrice,
847 834 977 877 novam
1001 815 1317 898 congregationem
1341 817 1576 881 condiderunt
1591 818 1624 898 ¹).

320 955 447 1035 Itaque
470 954 629 1016 ordinem
652 973 679 1016 S.
697 954 886 1018 Benedicti
909 975 956 1017 ex
977 956 1044 1017 hac
1069 974 1210 1036 quoque
1233 966 1449 1038 tempestate
1473 958 1636 1038 quamvis
1658 958 1793 1022 viribus
1815 959 1928 1022 immi-

188 1104 313 1157 nutum
336 1103 456 1157 tamen
480 1112 550 1156 non
573 1092 727 1156 fractum
750 1093 926 1175 prodiisse
949 1095 1122 1157 videmus.

970 1439 1076 1505 CAP.
1099 1440 1143 1502 V.

319 1648 444 1711 Novae
482 1648 661 1730 procellae
699 1649 814 1711 ordini
851 1649 967 1711 medio
1008 1651 1151 1711 saeculo
1191 1649 1480 1713 duodevicesimo
1519 1651 1777 1715 imminuerunt.
1824 1652 1925 1734 Quae

189 1789 314 1850 turbae
337 1787 406 1849 illis
430 1786 599 1850 doctrinis
623 1785 870 1850 efficiebantur
893 1797 929 1850 et
952 1788 1149 1870 alebantur,
1175 1808 1266 1868 quae
1291 1808 1338 1850 ex
1354 1786 1472 1851 Gallia
1488 1788 1672 1870 profectae
1695 1801 1810 1854 totum
1834 1793 1926 1855 occi-

189 1927 333 1989 dentem
367 1926 566 1989 miscebant
600 1935 636 1988 et
670 1924 828 2007 speciem
863 1926 1110 2007 philosophiae
1144 1945 1231 2007 prae
1266 1946 1305 1988 se
1340 1925 1497 1989 ferentes
1531 1927 1715 2009 antiquum
1744 1929 1923 1994 vinculum

187 2067 379 2148 potestatis
401 2065 668 2129 ecclesiasticae
692 2075 729 2128 et
754 2064 869 2128 civilis
892 2065 1147 2130 dissolvebant.
1192 2066 1270 2128 Has
1293 2066 1484 2148 doctrinas,
1514 2086 1606 2148 quae
1634 2068 1815 2130 ordinibus
1844 2070 1924 2132 reli-

186 2205 299 2287 giosis
326 2204 520 2286 praecipue
546 2204 663 2267 fraudi
694 2214 813 2286 erant,
845 2224 890 2267 ne
921 2203 1102 2285 principes
1129 2204 1433 2287 Habsburgenses
1464 2205 1607 2286 quidem
1637 2226 1658 2268 a
1689 2205 1818 2270 finibus
1851 2208 1924 2270 suis

187 2364 308 2407 arcere
332 2354 534 2426 potuerunt.
572 2345 699 2425 Itaque
721 2344 857 2407 factum
880 2353 945 2425 est,
969 2353 1008 2406 ut
1031 2343 1081 2406 ibi
1103 2346 1203 2427 leges
1225 2344 1411 2425 ferrentur,
1442 2344 1571 2426 quibus
1598 2345 1755 2427 religiosi
1784 2346 1819 2408 in
1847 2347 1923 2409 iure

186 2503 249 2546 suo
273 2483 603 2565 interpellebantur.

316 2622 423 2684 Tales
440 2632 542 2684 erant
557 2622 658 2704 leges
674 2640 806 2704 graves
821 2622 865 2683 de
877 2619 1214 2702 amortisationibus,
1228 2641 1320 2702 quae
1337 2621 1511 2704 dicuntur,
1525 2623 1653 2684 deinde
1666 2623 1794 2704 quibus
1809 2624 1923 2689 libera

186 2781 263 2824 cum
287 2762 374 2824 sede
394 2760 591 2842 apostolica
615 2759 887 2822 communicatio
912 2759 1178 2842 prohibebatur,
1202 2770 1277 2823 tum
1300 2781 1344 2823 ne
1368 2771 1453 2824 vota
1477 2761 1659 2824 sollemnia
1682 2771 1765 2825 ante
1788 2783 1919 2827 annum

185 2900 392 2964 vicesimum
408 2901 568 2982 quintum
588 2899 719 2962 aetatis
736 2898 992 2980 emitterentur,
1011 2899 1164 2981 denique
1180 2911 1219 2961 ut
1233 2899 1453 2962 fortunarum
1469 2899 1729 2963 administratio
1745 2905 1919 2982 potestati

186 3039 280 3102 civili
303 3040 593 3120 demandaretur,
623 3050 806 3119 postremo
829 3047 868 3100 ut
891 3038 1004 3100 libera
1026 3040 1196 3101 abbatum
1221 3039 1364 3120 electio,
1389 3038 1601 3101 novitiorum
1626 3041 1809 3122 exceptio,
1842 3042 1920 3123 ipse

186 3176 476 3240 monasteriorum
501 3196 670 3239 numerus
695 3186 922 3239 coerceretur
937 3178 970 3257 ²).

312 3315 380 3378 His
403 3316 543 3398 legibus
567 3316 674 3379 etiam
698 3301 983 3396 antiquissimum
1006 3315 1143 3397 imperii
1167 3316 1325 3378 ordinem
1354 3315 1389 3378 in
1418 3315 1607 3378 discrimen
1630 3326 1798 3381 vocaturn
1826 3338 1918 3400 esse,

185 3473 251 3517 non
276 3465 342 3535 est,
367 3456 462 3534 quod
485 3473 701 3518 moneamus
746 3454 828 3517 Filii
851 3475 878 3518 s.
903 3454 1091 3517 Benedicti
1114 3464 1203 3536 tum,
1234 3474 1313 3517 curn
1337 3464 1420 3537 post
1444 3467 1593 3519 mortem
1618 3454 1736 3519 Caroli
1758 3457 1832 3541 VI,
1858 3462 1918 3542 qui

185 3594 305 3657 ultima
328 3594 661 3676 Habsburgensium
685 3593 795 3675 stirps
819 3593 929 3656 virilis
953 3602 1040 3675 erat,
1064 3614 1195 3677 graves
1218 3603 1454 3677 tempestates
1477 3595 1662 3676 imperium
1685 3596 1917 3660 Austriacum

184 3731 445 3812 concutiebant,
468 3731 527 3813 pie
542 3752 564 3794 a
580 3732 744 3814 partibus
760 3732 898 3795 Mariae
915 3732 1110 3795 Theresiae
1133 3731 1227 3795 filiae
1251 3733 1327 3795 eius
1351 3742 1387 3795 et
1410 3734 1551 3796 heredis
1575 3742 1750 3797 steterant
1774 3743 1811 3797 et
1833 3736 1919 3798 nihil

183 3892 251 3935 non
275 3871 354 3934 ausi
377 3880 478 3934 erant
500 3890 566 3952 pro
595 3871 672 3934 eius
696 3873 811 3936 salute
825 3875 860 3954 ³).
892 3872 1015 3953 Atque
1039 3872 1249 3953 imperatrix
1271 3882 1375 3954 grato
1399 3872 1516 3934 animo
1533 3873 1739 3955 periculum,
1764 3876 1860 3956 quod
1884 3875 1918 3955 ii,

183 4030 331 4092 quorum
355 4009 501 4072 consilio
525 4011 702 4093 utebatur,
726 4012 762 4073 in
785 4011 944 4074 ordinem
967 4011 1211 4091 intendebant,
1244 4011 1423 4091 depellere
1454 4029 1525 4073 non
1554 4011 1700 4075 destitit.
1740 4011 1813 4075 Sed
1838 4033 1916 4075 cum

179 4151 268 4213 haec
281 4169 413 4232 magna
426 4149 643 4232 imperatrix,
661 4150 760 4212 cuius
776 4150 946 4213 memoria
961 4169 1141 4231 nunquam
1156 4169 1202 4211 ex
1214 4149 1341 4211 animis
1356 4150 1569 4232 populorum
1586 4170 1728 4213 suorum
1746 4150 1916 4231 discedet,

185 4293 266 4368 1780
288 4299 437 4351 mortem
462 4289 700 4371 occubuisset,
725 4297 961 4370 tempestates
984 4289 1097 4351 libere
1121 4299 1324 4370 eruperunt.

310 4429 421 4491 Filius
445 4429 530 4510 eius,
556 4448 691 4491 summo
714 4421 874 4510 ingenio
882 4427 1068 4510 praeditus
1091 4428 1286 4510 imperator
1305 4427 1480 4510 Iosephus
1496 4427 1552 4509 II.,
1577 4427 1740 4509 quamvis
1764 4428 1797 4490 ei
1820 4429 1916 4490 salus

179 4567 401 4629 subditorum
425 4568 601 4630 maximae
626 4587 732 4630 curae
757 4577 861 4649 esset,
886 4578 1005 4630 tamen
1026 4569 1117 4629 male
1134 4567 1294 4630 eruditus
1310 4569 1356 4629 ab
1372 4566 1573 4629 hominibus
1596 4566 1708 4629 falsae
1733 4567 1915 4630 doctrinae

178 4705 324 4786 deditis,
348 4726 428 4767 cum
452 4706 569 4768 omnia
592 4726 639 4768 ex
662 4706 816 4769 utilitate
845 4716 1031 4788 pensaret,
1062 4706 1205 4769 ordines
1236 4705 1424 4788 religiosos
1454 4705 1541 4767 nihil
1572 4705 1668 4768 aliud
1700 4725 1779 4768 esse
1808 4726 1914 4787 quarn

178 4843 478 4926 congregationes
493 4843 565 4925 otii,
579 4843 749 4924 desidiae,
763 4843 911 4906 inertiae
928 4842 995 4905 sibi
1012 4844 1201 4925 persuasit.
1218 4844 1306 4907 Tam
1319 4862 1491 4924 perversa
1503 4843 1600 4906 vitae
1613 4843 1913 4924 contemplativae

308 5174 329 5255 ¹)
353 5178 476 5246 Hurtcr,
500 5176 606 5234 Leben
630 5178 684 5234 des
709 5177 906 5235 Erzbischois
930 5177 1085 5234 Aristaccs
1109 5178 1226 5234 Azaria.

307 5287 330 5366 ²)
352 5290 477 5358 Arncth,
501 5291 597 5347 Maria
621 5291 789 5347 Theresias
814 5291 903 5347 letzte
928 5291 1215 5364 Regiorungsjahre‚
1240 5290 1300 5346 vol.
1326 5290 1378 5345 Ill.

305 5401 328 5481 ³)
353 5403 594 5477 Verordnungen
620 5404 649 5458 in
672 5401 802 5478 publicis
826 5403 1042 5460 ecclesiasticis
1066 5403 1103 5459 ad
1128 5422 1235 5458 annum
1265 5400 1356 5476 1781,
1385 5401 1475 5476 1782.
