4178 6196
918 449 1182 511 -XIV—

183 676 218 738 in
241 673 361 756 Stiria,
386 696 412 738 s.
430 673 534 736 Pauli
544 674 577 756 ¹),
600 673 812 737 Milstatium
821 673 855 754 ²),
879 673 1217 753 Arnoldsteinium3)
1243 674 1278 736 in
1303 673 1494 756 Carinthia,
1518 674 1703 738 Fiechtum
1713 677 1748 758 ⁴),
1771 676 1923 741 Mariae-

183 821 388 875 montanum
398 812 432 893 ⁵),
456 810 698 893 Tridentum⁶)
723 811 759 873 in
782 811 902 874 Tiroli.

314 951 365 1013 Ut
387 970 481 1013 nova
504 951 554 1013 ita
577 951 684 1013 etiam
700 959 824 1013 vetera
846 950 1062 1015 monasteria
1077 969 1222 1013 munere
1239 950 1307 1014 sibi
1324 952 1444 1015 delato
1462 952 1651 1035 diligenter
1666 952 1918 1036 fungebantur.

181 1092 291 1154 Velut
313 1091 476 1155 monachi
500 1089 794 1173 salisburgenses
810 1089 982 1153 Friderici
998 1090 1257 1171 archiepiscopi
1274 1091 1470 1171 (958—990)
1493 1090 1668 1154 beneficio
1691 1091 1817 1155 florere
1841 1112 1922 1155 coe·

182 1242 322 1313 perunt.
367 1230 436 1294 Hic
460 1250 611 1313 magnus
634 1230 697 1312 vir,
721 1240 913 1312 postquam
936 1229 972 1292 in
995 1230 1137 1291 domum
1160 1248 1275 1310 paene
1293 1230 1472 1293 desertam
1489 1249 1601 1293 novos
1617 1231 1752 1294 incolas
1768 1232 1919 1312 induxit,

183 1370 359 1452 dignitate
383 1369 555 1431 abbatiali
579 1371 625 1430 ab
649 1368 856 1450 episcopali,
881 1388 974 1450 quae
991 1388 1037 1430 ex
1053 1378 1213 1449 tempore
1230 1388 1258 1431 s.
1275 1368 1430 1449 Ruperti
1448 1369 1658 1432 coniunctae
1682 1380 1792 1451 erant,
1817 1390 1920 1452 sepa·

183 1519 261 1572 rata
285 1509 450 1572 Titonem
473 1509 717 1590 praepositum
741 1508 915 1571 ecclesiae
939 1528 1026 1570 suae
1050 1508 1264 1571 cathedralis
1292 1507 1462 1571 fratribus
1490 1508 1674 1589 praefecit.
1720 1508 1842 1590 Atque
1870 1509 1920 1571 ita

183 1648 329 1729 antiqua
352 1649 440 1710 haec
465 1646 573 1728 stirps
598 1646 730 1710 ordinis
752 1647 855 1710 brevi
878 1656 1037 1729 tempore
1062 1656 1162 1710 tanta
1185 1647 1404 1710 incrementa
1427 1647 1533 1728 cepit,
1557 1657 1596 1709 ut
1612 1666 1691 1709 cum
1707 1646 1788 1710 Tito
1805 1649 1919 1710 abbas

182 1806 201 1848 e
224 1786 300 1847 vita
323 1788 516 1847 excederet
541 1786 659 1865 (1005),
684 1785 846 1847 monachi
869 1805 939 1848 non
962 1785 1077 1848 minus
1094 1785 1331 1867 quadraginta
1354 1804 1444 1847 unus
1466 1794 1596 1866 essent,
1621 1784 1656 1847 in
1673 1785 1802 1866 quibus
1819 1806 1918 1849 mens

182 1935 218 1987 et
241 1925 296 1987 vis
320 1944 347 1986 s
372 1922 560 1987 Benedicti
585 1923 755 2006 spirabat.
793 1925 871 1987 Hac
896 1933 1014 1987 mente
1038 1924 1164 1987 imbuti
1186 1924 1315 1986 fratres
1339 1933 1501 2003 tempora
1524 1925 1743 2004 turbulenta,
1768 1945 1859 2007 quae
1882 1925 1919 1988 in

181 2063 269 2126 rixis
292 2063 384 2127 inter
407 2064 595 2127 ecclesiam
623 2073 659 2126 et
682 2063 868 2146 imperium
901 2063 1087 2127 concitatis
1116 2072 1263 2146 propter
1292 2062 1399 2125 fidem
1430 2082 1566 2125 summo
1597 2062 1800 2144 pontificia
1824 2063 1921 2127 Geb-

181 2206 291 2267 hardo
316 2214 352 2266 et
374 2203 568 2265 Thiemone
593 2203 872 2284 archiepiscopis
896 2213 1075 2265 servatam
1098 2239 1141 2250 -
1162 2202 1219 2265 hic
1244 2202 1336 2265 enim
1366 2211 1471 2263 antea
1500 2203 1613 2265 abbas
1645 2205 1690 2264 ad
1722 2223 1749 2266 s,
1773 2203 1919 2266 Petrum

181 2343 307 2423 fuerat,
332 2378 374 2389 -
397 2339 608 2424 Salisburgo
631 2341 856 2424 ingruebant,
880 2339 1020 2404 fortiter
1049 2351 1085 2403 et
1113 2350 1319 2403 constanter
1342 2341 1574 2421 pertulerunt.
1618 2341 1767 2404 Thiemo
1795 2344 1920 2424 abbas,

181 2501 261 2543 cum
284 2480 489 2560 Bertholdo,
514 2478 575 2560 qui
598 2479 944 2562 archiepiscopatum
967 2479 1034 2542 sibi
1059 2481 1261 2561 arrogabat,
1284 2478 1390 2541 fidem
1407 2480 1614 2560 promittere
1632 2481 1858 2562 detrectaret,
1883 2492 1919 2544 et

181 2641 260 2683 cum
284 2620 357 2683 suis
380 2618 561 2682 monachis
585 2628 791 2682 constanter
814 2639 957 2683 causam
975 2618 1158 2683 Gebhardi
1174 2619 1325 2701 legitimi
1348 2618 1524 2700 praesulis
1548 2619 1664 2699 patria
1679 2621 1773 2701 pulsi
1790 2639 1916 2702 seque·

179 2770 286 2840 retur,
310 2758 539 2840 Hirsaugiam
556 2758 749 2841 confugere
766 2766 911 2821 coactus
929 2767 994 2839 est,
1018 2757 1079 2820 ubi
1102 2757 1310 2819 societatem
1327 2756 1690 2839 coniunctionemque,
1716 2777 1808 2838 quae
1827 2758 1920 2822 inter

180 2900 246 2961 hoc
271 2906 306 2959 et
330 2917 356 2961 s
380 2897 479 2960 Petri
503 2897 754 2960 monasterium
779 2905 865 2978 erat,
889 2897 1085 2960 renovavit.
1125 2895 1308 2977 Similiter,
1341 2916 1420 2958 cum
1448 2893 1640 2957 Gebhardo
1672 2904 1810 2958 mortuo
1839 2897 1916 2978 ipse

180 3036 468 3119 archiepiscopus
491 3045 632 3098 creatus
654 3044 759 3117 esset,
783 3034 936 3097 fideliter
956 3037 1063 3097 rebus
1085 3034 1259 3096 ecclesiae
1280 3035 1448 3096 studebat
1468 3053 1584 3116 neque
1607 3043 1668 3096 aut
1683 3034 1834 3097 vinculis
1855 3047 1917 3099 aut

180 3174 450 3238 comminatione
475 3174 597 3236 mortis
626 3195 647 3236 a
675 3175 876 3237 constantia
907 3194 972 3236 sua
1003 3174 1259 3236 deterrebatur.
1307 3173 1467 3235 Eandem
1496 3173 1604 3235 animi
1633 3174 1915 3256 magnitudinem

180 3314 286 3377 etiam
309 3312 472 3376 monachi
496 3333 582 3394 prae
606 3332 645 3375 se
668 3312 833 3375 ferebant
847 3311 881 3391 7).

309 3600 330 3680 ¹)
353 3604 568 3659 Mouasterium
597 3601 806 3679 Sanpaulense
836 3599 875 3656 ab
906 3599 1095 3674 Engelberto
1119 3601 1156 3656 11.
1191 3602 1301 3656 comite
1331 3600 1368 3655 de
1401 3598 1583 3675 Spannheim
1615 3601 1766 3657 conditum
1799 3603 1913 3676 primos

179 3716 343 3773 monachos
366 3714 404 3771 ab
429 3716 591 3790 Hirsaugia
614 3717 733 3791 accepit
755 3733 810 3790 per
833 3712 952 3770 beatum
977 3711 1167 3769 Guilielmum
1191 3711 1340 3779 abbatem,
1366 3715 1416 3787 qui
1441 3712 1628 3769 Wezilouem
1659 3732 1725 3769 cum
1755 3713 1913 3770 duodecim

177 3828 331 3884 monachis
360 3842 436 3900 1091
464 3846 501 3884 eo
525 3829 614 3883 misit.

305 3954 328 4034 2)
351 3957 524 4013 Milstatium
548 3955 701 4013 Salvatori
725 3955 825 4012 mundi
849 3967 1057 4013 consecratum
1081 3953 1120 4011 ab
1144 3952 1268 4010 Arbone
1292 3957 1401 4011 comite
1424 3956 1560 4012 Palatino
1582 3957 1728 4013 Bavariae
1756 3971 1837 4012 1100
1854 3959 1911 4013 cir·

176 4071 250 4126 citer
274 4069 425 4125 conditum
450 4083 505 4126 est.
545 4071 661 4125 Primos
685 4068 799 4125 incolas
823 4087 861 4125 ex
884 4069 1067 4125 monasterio
1088 4066 1415 4125 Altahensi·1nleriore
1438 4071 1597 4145 accepisse
1621 4069 1738 4126 dicitur.
1775 4069 1910 4126 Ankers-

175 4182 274 4250 hosen,
299 4180 484 4239 Geschichte
507 4200 567 4239 von
592 4183 736 4250 Karnteu,
761 4183 798 4238 ΙΙ.
824 4197 852 4239 2.

303 4309 326 4390 ³)
350 4312 606 4368 Arnoldsteinium
630 4331 654 4368 s.
679 4311 817 4386 Georgio
842 4311 1010 4368 dedicatum
1039 4325 1118 4384 1107
1144 4309 1182 4367 ab
1206 4311 1320 4368 Ottone
1344 4313 1492 4386 episcopo
1516 4309 1732 4385 Bambergensi
1756 4312 1907 4368 conditum

174 4440 229 4483 est.
269 4428 358 4482 Primi
382 4425 519 4481 monachi
544 4443 580 4480 ex
605 4426 787 4481 monasterio
812 4443 836 4480 s.
860 4423 1016 4480 Michaelis
1040 4423 1256 4498 Bambergensi
1281 4425 1401 4479 venisse
1424 4423 1570 4480 dicuntur.
1602 4423 1815 4480 Ankershosen
1839 4425 1857 4479 l.
1883 4444 1909 4481 c.

303 4553 326 4633 4)
349 4555 484 4612 Fichtum
508 4568 559 4610 aut
583 4572 669 4611 mons
692 4573 716 4610 s.
735 4554 862 4629 Georgii
888 4553 1039 4610 conditum
1064 4568 1110 4610 est
1126 4573 1144 4609 a
1160 4553 1347 4629 Reginberto
1364 4556 1512 4630 episcopo
1529 4555 1676 4622 Brixensi,
1701 4557 1751 4628 qui
1770 4559 1910 4612 eremitas

173 4688 227 4745 per
258 4670 388 4724 m'ontem
420 4687 444 4724 s.
469 4666 596 4741 Georgii
627 4667 784 4743 dispersos
815 4667 843 4721 in
876 4685 964 4722 unum
997 4685 1107 4742 corpus
1139 4668 1292 4722 coniunxit
1323 4668 1427 4739 eisque
1458 4665 1679 4742 approbatione
1708 4665 1787 4738 1138
1814 4668 1911 4723 Roma

172 4795 277 4837 secuta
308 4781 442 4856 regulam
466 4800 490 4837 s.
515 4779 668 4836 Benedicti
700 4781 906 4856 praescripsit.
957 4777 1036 4853 1706
1061 4779 1119 4835 hoc
1143 4781 1356 4836 monasterium
1385 4792 1491 4854 quater
1520 4781 1590 4853 igne
1618 4778 1747 4835 deletum
1779 4781 1807 4835 in
1840 4783 1908 4836 vico

172 4894 259 4949 Ficht
282 4893 471 4951 aedificatum
496 4906 551 4949 est.
584 4890 718 4960 Stafller,
743 4893 805 4948 Das
830 4891 974 4949 deutsche
998 4892 1086 4948 Tirol
1110 4892 1169 4948 und
1192 4890 1390 4966 Vorarlberg,
1415 4892 1437 4948 Ι.

300 5022 323 5103 5)
345 5025 560 5081 Mouasterium
584 5024 871 5080 Mariaemontanum
900 5036 981 5096 1090
1004 5021 1043 5079 ab
1066 5020 1246 5080 Eberhardo
1270 5022 1307 5078 de
1328 5022 1450 5098 Tarasp
1474 5020 1604 5078 Scbulsii
1629 5024 1657 5077 in
1682 5023 1907 5097 Unterengadin

171 5136 321 5193 conditum
346 5150 401 5194 est.

299 5263 322 5345 6)
346 5269 414 5325 Hoc
438 5270 651 5325 monasterium
675 5287 699 5325 s.
724 5268 890 5323 Laurentio
920 5265 1088 5323 dedicatum
1120 5268 1177 5322 iam
1209 5266 1332 5322 saeculo
1361 5267 1490 5341 septimo
1515 5261 1550 5344 ())
1574 5279 1672 5323 ortum
1697 5285 1765 5324 esse
1789 5265 1906 5322 dicitur.

300 5395 322 5476 ⁷)
345 5398 517 5455 Chronicon
542 5400 738 5455 novissimum
763 5410 891 5455 monast.
916 5417 940 5455 s.
964 5399 1045 5454 Petri
1070 5394 1323 5470 Salisburgensis.
