4178 6196
888 435 1144 516 -67-

145 637 243 699 nensi
267 635 631 716 repraesentantibus,
657 655 804 716 quorum
826 635 976 715 ipsemet

146 759 347 840 catalogum
365 756 527 820 confecit.
560 758 600 820 In
625 756 827 821 meritorum
851 759 917 819 1155
943 757 977 818 111

146 901 183 943 re
206 880 402 961 praemium
427 881 566 941 duobus
595 880 745 941 nummis
768 900 788 941 a
811 898 977 960 supremo

148 1003 382 1084 expositionis
410 1000 538 1101 iudicio
568 1011 676 1083 atque
701 1002 873 1084 regimine
898 1022 976 1063 cum

147 1126 265 1188 titulo:
297 1145 338 1205 „a
358 1124 513 1186 consiliis
537 1125 763 1205 1110111115155α
788 1111 977 1206 insignitus

148 1258 210 1311 est.
237 1248 343 1310 Anno
364 1252 443 1326 1877
461 1248 507 1308 ad
524 1266 756 1328 congressum
774 1247 978 1309 internetio-

149 1372 215 1433 lem
232 1369 415 1432 Kiioviam
433 1369 613 1450 invitatus,
632 1369 751 1431 statim
763 1368 845 1430 illuc
862 1367 978 1449 profe·

149 1504 226 1555 ctus
242 1503 279 1554 et
295 1512 360 1573 per
376 1494 499 1555 decem
510 1493 813 1554 hebdomadarum
826 1490 979 1572 spatium

149 1617 184 1678 in
198 1614 336 1677 Russia
356 1623 602 1693 commoratus
627 1613 753 1676 studiis
777 1613 979 1675 archaeolo·

148 1738 237 1821 gicis
262 1737 407 1817 insuper
430 1736 535 1798 etiam
560 1735 766 1797 Moscoviae
795 1735 979 1797 archivali-

148 1862 214 1922 bus
231 1861 391 1922 sedulam
413 1857 512 1920 dedit
528 1877 683 1937 operam.
716 1855 849 1935 Orati0‚
875 1877 979 1938 quam

152 1982 321 2044 Kiioviae
341 1983 405 2063 „de
422 1980 565 2043 tumulis
583 1979 847 2059 praehistoricis
869 1979 980 2041 ethni-

152 2124 270 2166 corum
293 2105 327 2165 in
349 2102 531 2165 Moravia“
556 2102 724 2198 idiomate
741 2102 897 2164 Russico
921 2102 982 2162 ha-

150 2226 235 2307 buit,
267 2224 577 2287 dissertationibus
607 2243 822 2306 congressus
850 2223 982 2284 inserta

151 2349 289 2430 legitur.
311 2348 461 2410 Duobus
471 2347 573 2409 annis
586 2359 669 2427 post
681 2366 802 2408 mense
815 2346 982 2427 Augusto
1020 2398 1023 2439 ,

156 2475 234 2549 1870
250 2470 372 2532 Dudlk
389 2469 577 2532 conventui
592 2466 848 2551 ablegatorum,
866 2467 982 2549 quide
1021 2514 1024 2535 ,

153 2592 425 2674 anthropologia
442 2600 478 2653 et
491 2592 740 2672 archaeologia
757 2589 982 2670 praehistori-
1021 2590 1024 2647 l

154 2736 194 2777 ca
219 2714 500 2777 Eudae-Pestini
524 2715 692 2795 agebant,
720 2711 888 2792 interfuit,
913 2730 983 2791 qua
1021 2666 1024 2723 Ι

153 2837 340 2899 occasione
365 2836 698 2898 commentationem
725 2835 769 2896 de
793 2832 983 2915 perforatis

154 2960 263 3022 calvis
289 2959 324 3021 in
345 2960 482 3022 ossario
499 2957 705 3021 Sedlecensi
725 2957 879 3040 inventis
896 2957 983 3017 rela-

154 3083 240 3144 tioni
250 3101 337 3143 suae
347 3081 517 3143 adiunxit.
531 3081 680 3142 Ineunte
691 3079 786 3141 Maio
797 3098 889 3141 anno
904 3082 981 3157 1877

155 3205 273 3267 Dudlk
295 3203 561 3267 Stockholmiae
583 3202 790 3284 postulabat
814 3201 984 3263 conditio·

155 3348 217 3389 nes
237 3326 439 3389 traditionis
464 3347 499 3387 21
528 3326 689 3388 codicum
714 3325 891 3387 idiomatis
915 3324 984 3385 Bo·
1022 3292 1024 3333 ²

155 3451 291 3530 hemici,
324 3471 345 3511 a
370 3447 495 3513 Suecis
520 3450 668 3510 durante
697 3467 809 3509 annos
837 3447 984 3530 triginta

154 3574 247 3634 bello
287 3592 333 3634 ex
370 3571 543 3633 Bohemia
581 3580 617 3632 et
652 3569 813 3632 Moravia
848 3570 984 3630 ablato·

156 3715 244 3774 rum,
270 3695 366 3775 quod
394 3693 576 3776 negotium
601 3695 646 3754 ad
669 3701 832 3774 optatum
857 3694 985 3772 perdu-

155 3816 206 3879 xit
228 3816 349 3897 finem,
372 3837 451 3878 cum
472 3817 630 3878 secunda
653 3815 731 3878 vice
758 3813 922 3877 Sueciam
949 3826 985 3876 et

155 3939 323 4008 Russiam
352 3939 510 4019 visitans,
543 3940 718 4001 adductos
746 3937 888 3999 codices
916 3937 984 3998 iam

155 4062 291 4143 pridem
311 4060 554 4124 Stockholmia
576 4061 732 4123 Brunam
754 4059 984 4139 expediisset,

157 4184 214 4244 ubi
236 4203 359 4245 mense
376 4183 476 4244 Iunio
499 4187 577 4261 1878
599 4186 830 4245 advenerunt.
862 4182 986 4243 Petro-

155 4306 225 4386 poli
248 4306 500 4368 bibliothecam
527 4304 667 4366 nomine
695 4304 982 4386 „Zaluskianam“

155 4427 383 4509 perlustravit
401 4447 549 4508 eamque
567 4428 689 4489 urbem
703 4447 795 4488 anno
814 4432 986 4505 18705111-

156 4561 253 4613 rente
269 4550 466 4612 studiorum
484 4571 591 4612 causa
609 4549 733 4611 iterum
751 4549 920 4611 visitavit.
945 4549 984 4611 ln

157 4673 351 4753 praemium
368 4673 528 4734 laborum
543 4692 684 4734 suorum
697 4671 818 4734 Dudlk
834 4691 984 4752 sequen·

156 4797 248 4858 tibus
276 4794 460 4857 ordinibus
490 4804 525 4856 et
553 4795 663 4857 titulis
687 4794 876 4876 insignitus
903 4793 983 4855 fuit:

157 4916 217 4979 Est
237 4917 459 4981 consiliarius
481 4937 566 4979 suae
587 4936 777 4979 caesareae
801 4936 842 4977 ac
862 4916 984 4998 regiae

157 5049 267 5119 apost.
300 5039 497 5101 maiestatis
530 5050 566 5101 et
597 5037 787 5121 regiminis,
824 5037 984 5118 possidet

157 5162 312 5225 ordinem
339 5181 430 5224 caes.
454 5182 527 5244 reg.
549 5162 577 5223 F
580 5161 730 5232 rancisci
750 5161 904 5242 Iosephi,
930 5181 982 5222 re-

155 5284 235 5365 giae
252 5304 405 5347 coronae
423 5284 786 5366 Wiirtembergensis,
803 5303 876 5366 reg.
895 5282 982 5345 Sue-

156 5407 267 5470 cicum
291 5407 437 5486 Wasae,
464 5406 680 5470 Saxonicum
706 5407 905 5488 Albrechti,
929 5426 982 5467 or·

1057 633 1175 696 dinem
1191 634 1332 715 aquilae
1353 636 1481 697 rubrae
1502 656 1575 718 reg.
1594 636 1774 699 borussici
1798 636 1888 698 clas·

1057 757 1105 818 sis
1130 756 1267 836 tertiae,
1296 776 1323 820 s,
1348 757 1533 819 Michaelis
1559 758 1734 821 Bavariae
1763 758 1888 820 5155515

1057 879 1201 960 primae,
1235 881 1308 942 ord.
1337 879 1570 961 Medschidije
1598 881 1723 943 classis
1750 880 1888 961 tertiae,

1057 1012 1206 1064 vocatus
1243 1022 1353 1082 eques
1385 1003 1509 1064 classis
1544 1005 1724 1065 secundae
1755 1003 1888 1065 ordinis

1058 1122 1196 1203 imperii
1222 1123 1369 1185 Russici
1400 1143 1427 1186 5.
1456 1125 1593 1204 Annae,
1624 1126 1891 1186 commendator

1057 1244 1190 1307 ordinis
1221 1245 1536 1327 Hierosolymitani
1569 1256 1605 1308 et
1632 1269 1658 1309 5.
1691 1246 1889 1311 Salvatoris

1059 1368 1160 1450 regni
1179 1366 1367 1442 Graeciae;
1392 1368 1582 1451 insignitus
1607 1379 1662 1432 est
1687 1390 1716 1432 c.
1738 1390 1763 1432 r.
1786 1389 1890 1432 cruce

1059 1509 1166 1551 aurea
1195 1489 1336 1551 militari
1368 1510 1432 1570 pro
1461 1491 1529 1571 piis
1557 1491 1690 1554 meritis
1722 1511 1787 1553 nec
1821 1511 1889 1554 non

1059 1613 1199 1695 magnis
1216 1613 1367 1674 monetis
1383 1614 1499 1675 aureis
1516 1633 1581 1694 pro
1598 1614 1725 1677 litteris
1749 1624 1785 1677 et
1808 1614 1891 1676 arti-

1060 1739 1127 1798 bus
1150 1755 1339 1817 regnorum
1362 1736 1553 1816 Austriaci,
1575 1737 1893 1819 Wiirtembergen·

1062 1859 1124 1937 sis,
1154 1858 1323 1920 Saxonici
1348 1868 1384 1920 et
1409 1860 1559 1921 ducatus
1583 1859 1769 1922 Badensis.
1795 1859 1893 1940 Quas

1061 1991 1239 2066 monetas*
1261 1992 1297 2043 et
1340 1981 1493 2063 insignia
1537 2002 1667 2064 magna
1705 2003 1751 2045 ex
1791 1991 1893 2065 parte

1063 2105 1096 2167 in
1127 2104 1320 2185 pretiosum
1354 2105 1499 2166 calicem
1533 2103 1677 2167 conflari
1709 2106 1767 2167 vel
1801 2107 1894 2167 hunc

1062 2228 1129 2289 illis
1158 2228 1322 2289 exornari
1353 2228 1500 2310 curavit,
1533 2228 1567 2289 in
1597 2238 1808 2309 perpetuam
1841 2227 1895 2288 sui

1063 2350 1266 2412 memoriam
1299 2351 1471 2412 coenobio
1504 2351 1760 2433 Raigradiensi
1796 2364 1832 2412 et
1867 2370 1893 2412 s.

1064 2472 1261 2534 Benedicto
1293 2471 1506 2534 dedicatum.
1546 2471 1654 2534 Cuius
1682 2471 1802 2534 calicis
1835 2473 1895 2533 de-

1064 2594 1301 2674 scriptionem,
1329 2604 1523 2655 memoratu
1549 2594 1693 2675 dignam
1725 2593 1759 2655 in
1789 2595 1896 2674 ephe-

1064 2717 1196 2779 meride
1219 2716 1413 2778 Viennensi
1439 2716 1685 2798 ,Vaterland“,
1712 2717 1742 2778 si
1765 2717 1894 2798 placet,

1064 2839 1240 2920 perlegas.
1272 2831 1336 2900 Est
1360 2838 1504 2918 insuper
1525 2839 1647 2900 Dudlk
1671 2839 1895 2919 sequentium

1064 2960 1274 3022 societatum
1302 2962 1497 3022 membrum
1526 2963 1682 3022 actuale:
1714 2960 1896 3024 facultatis

1064 3082 1333 3162 philosophicae
1366 3082 1399 3143 in
1432 3102 1460 3144 c.
1493 3102 1518 3144 r.
1552 3081 1784 3144 universitate
1813 3080 1896 3144 Olo-

1065 3206 1232 3285 1nucensi,
1254 3205 1459 3267 academiae
1477 3203 1704 3266 scientiarum
1721 3203 1895 3284 Viennae,

1064 3317 1291 3408 Hungaricae
1321 3326 1467 3406 Pestini,
1498 3326 1713 3388 Bohemicae
1743 3326 1896 3408 Pragae,

1064 3449 1165 3532 regni
1182 3449 1358 3511 Bavariae
1380 3449 1568 3530 Monachii,
1592 3449 1729 3530 imperii
1750 3449 1897 3511 Russici

1064 3573 1279 3652 Moscoviae,
1300 3572 1505 3634 academiae
1524 3570 1729 3653 pontificiae
1745 3571 1897 3653 Romae,

1065 3716 1093 3756 5.
1104 3716 1128 3755 r.
1143 3695 1277 3757 musaei
1295 3715 1359 3776 pro
1377 3695 1513 3756 artibus
1531 3690 1567 3756 et
1584 3694 1758 3757 industria
1775 3703 1810 3756 et
1827 3714 1855 3755 c.
1871 3715 1896 3758 r.

1066 3816 1324 3879 commissionis
1353 3816 1519 3878 centralis
1550 3835 1615 3896 pro
1643 3817 1899 3878 conservandis

1068 3950 1102 4001 et
1130 3939 1372 4001 restaurandis
1400 3939 1636 4001 monumentis
1665 3939 1838 4019 Viennae,
1873 3961 1898 4001 r.

1065 4061 1248 4124 societatis
1264 4081 1329 4141 pro
1346 4061 1560 4143 indagandis
1576 4061 1736 4123 fontibus
1752 4059 1900 4123 Germa-

1066 4185 1145 4247 niae
1162 4185 1269 4247 medii
1285 4185 1365 4246 aevi
1382 4183 1605 4246 Francoforti
1622 4204 1653 4244 5.
1667 4183 1726 4265 M,
1745 4205 1773 4246 c.
1789 4203 1899 4266 germ.

1066 4307 1250 4370 societatis
1271 4307 1505 4389 Regiomonti
1527 4307 1562 4367 in
1585 4305 1765 4386 Borussia,
1789 4326 1900 4388 germ.

1066 4429 1179 4491 musei
1192 4429 1513 4510 Norimbergensis,
1531 4427 1715 4490 societatis
1731 4427 1901 4490 historiae

1066 4553 1329 4614 marchionatus
1351 4550 1709 4632 Brandenburgensis
1734 4550 1901 4630 Berolini,

1066 4677 1216 4738 ducatus
1229 4673 1372 4756 Styriae
1390 4673 1568 4755 Gradecii,
1587 4694 1652 4735 nec
1670 4693 1740 4735 non
1758 4693 1785 4735 c.
1801 4693 1826 4734 r.
1844 4692 1899 4734 so-

1066 4796 1205 4858 cietatis
1233 4796 1460 4858 scientiarum
1492 4795 1702 4858 naturalium
1737 4814 1901 4875 agrorum

1065 4930 1101 4982 et
1116 4918 1285 4981 historiae
1302 4919 1441 4999 patriae
1459 4919 1726 4999 promovendae
1744 4936 1810 4997 per
1826 4917 1903 4978 Mo·

1065 5040 1199 5104 raviam
1225 5050 1261 5102 et
1286 5038 1450 5104 Silesiam
1475 5039 1704 5120 eiusdemque
1729 5038 1904 5102 sectionis

1064 5162 1451 5225 historico-statisticae
1465 5163 1618 5225 Brunae.
1644 5162 1844 5225 Membrum
1859 5165 1904 5224 ad

1062 5287 1217 5347 honores
1242 5304 1327 5347 vero
1348 5285 1484 5347 electus
1505 5283 1572 5347 fuit
1594 5285 1822 5348 societatum:
1853 5284 1904 5346 hi-

1063 5407 1194 5471 storiae
1221 5418 1258 5470 et
1279 5406 1502 5488 antiquitatis
1519 5407 1668 5488 Pestini,
1696 5408 1903 5490 Zagrabiae,

1661 5514 1696 5574 9*
