4208 6194
915 430 1196 514 -4f,1.„

180 632 369 714 gymnasio
379 629 666 712 Clagenfurtensi
680 630 738 691 vel
752 627 1012 693 San-Paulano.
1052 664 1056 763 ι
1094 631 1196 711 ravit,
1221 630 1361 692 ornavit
1385 640 1420 691 et
1442 627 1682 710 amplificavit,
1707 649 1772 710 pro
1796 628 1927 690 scholis

179 757 294 818 Etiam
312 753 346 814 in
363 753 595 814 universitate
612 751 857 813 Monachiensi
874 753 1013 814 duobus
1095 772 1224 814 novum
1257 752 1452 832 exstruxit,
1486 752 1675 833 collegium
1705 749 1927 832 Clagenfurti

178 876 374 938 iunioribus
405 873 642 935 confratribus
674 873 813 953 copiam
843 872 930 935 fecit
967 875 1013 935 ad
1094 876 1242 956 pulchro
1271 885 1307 936 et
1334 875 1407 935 lato
1431 872 1594 935 aedificio
1618 873 1736 944 auxit3
1765 870 1927 934 aedificia

179 998 468 1079 consequendum
492 997 643 1077 gradum
666 1015 692 1056 s,
710 995 913 1077 theologiae
931 996 1013 1056 doc·
1052 1032 1055 1097 ι
1094 997 1320 1078 praediorum
1338 1016 1364 1058 s,
1382 995 1484 1056 Pauli
1509 996 1544 1056 in
1565 994 1724 1055 Kollnitz
1746 1001 1782 1055 et
1805 994 1927 1054 Zockl-

178 1120 273 1182 toris
312 1117 477 1198 Denique
494 1117 603 1197 libris,
629 1136 718 1197 quos
742 1136 873 1198 magno
897 1116 1013 1198 pretio
1052 1106 1055 1263 j
1093 1118 1159 1182 hof
1171 1118 1344 1180 incendiis
1358 1125 1543 1179 consumta
1556 1127 1640 1196 apte
1657 1124 1693 1178 et
1705 1115 1755 1177 rei
1772 1115 1927 1176 rusticae

181 1240 411 1322 comparavit,
433 1248 469 1301 et
490 1259 510 1299 a
531 1238 795 1319 professoribus
813 1238 1012 1319 comparari

181 1362 351 1444 permisit,
374 1361 570 1423 litterarum
592 1360 711 1422 studia
727 1360 819 1422 inter
835 1380 918 1423 suos
934 1381 1015 1441 pro-

179 1484 299 1546 movit.
325 1482 490 1546 Scholam
512 1483 720 1564 popularem
741 1501 768 1545 s,
785 1482 888 1545 Pauli
909 1482 1015 1544 tertia

181 1616 216 1667 et
239 1614 365 1686 quarta
386 1606 499 1666 classe
524 1605 640 1672 auxit:
665 1624 711 1665 ex
737 1604 847 1666 Tiroli
871 1605 1015 1666 vocavit

180 1735 197 1790 3
209 1746 348 1788 sorores
359 1727 558 1788 scholarum
573 1726 687 1788 dictas
699 1725 762 1789 III.
779 1727 852 1788 ord.
867 1747 893 1787 S.
906 1725 1015 1787 Fran·

181 1849 276 1930 cisci,
291 1868 382 1930 quae
395 1849 536 1910 scholas
549 1848 745 1928 puellarum
759 1868 784 1910 s.
799 1848 901 1909 Pauli
914 1867 1016 1930 rege·

180 1981 259 2033 rent
287 1980 322 2033 et
350 1970 489 2051 puellas
518 1990 596 2031 cum
625 1970 805 2032 exercitiis
833 1970 1015 2052 religionis

182 2094 288 2156 etiam
311 2103 406 2154 artes
428 2093 643 2154 domesticas
665 2094 843 2154 docerent.
869 2093 1015 2154 Anima-

181 2236 257 2277 rum
271 2235 389 2277 curam
402 2215 523 2297 magni
535 2215 681 2295 habene,
696 2216 844 2275 verbum
858 2214 1015 2275 divinum

183 2338 259 2418 ipse
277 2339 390 2398 abbas
406 2336 574 2417 frequens
591 2335 814 2415 praedicavit
839 2344 874 2396 et
899 2335 933 2396 in
956 2335 1016 2396 tri·

182 2457 302 2519 bunali
314 2477 416 2519 sacro
429 2456 599 2518 consedit.
624 2456 762 2518 Dilexit
776 2457 940 2517 decorem
954 2457 1016 2517 do·

183 2600 261 2642 mus
279 2580 345 2661 dei,
363 2589 399 2642 et
415 2579 603 2642 ecclesiam
626 2579 830 2641 monasterii
855 2588 891 2640 et
912 2598 1015 2660 paro-

183 2704 282 2765 chiae
307 2712 343 2765 et
367 2700 699 2784 Clagenfurtensem
723 2701 871 2763 interius
896 2710 932 2762 et
956 2721 1016 2761 ex-

183 2825 293 2886 terius
305 2823 528 2904 restauravit,
539 2822 785 2904 pulcherrimis
802 2822 1016 2905 imaginibus

184 2958 219 3009 et
234 2947 361 3008 statuis
379 2946 527 3026 ornavit,
554 2955 589 3007 et
613 2946 728 3006 locum
750 2965 815 3026 pro
837 2946 944 3006 choro
966 2943 1016 3005 sic

185 3070 280 3130 dicto
301 3068 442 3130 hiemali
465 3067 649 3148 eleganter
672 3067 820 3147 aptavit.
852 3065 1017 3148 Agricul-

184 3203 284 3252 turae
300 3199 336 3251 et
352 3189 402 3251 rei
419 3187 608 3269 pecuariae
625 3198 702 3250 erat
714 3187 851 3268 peritus
865 3197 900 3249 et
912 3187 1017 3248 valde

184 3313 364 3373 studiosus
372 3336 379 3385 ;
395 3311 535 3390 utrique
547 3309 698 3390 provide
712 3309 869 3390 inspexit
882 3309 1017 3389 optimo

185 3454 361 3515 successu,
380 3443 418 3495 ut
434 3432 588 3494 societas
610 3431 751 3514 agraria
764 3431 1017 3492 Vindobonen-

184 3558 242 3637 sis,
268 3557 455 3618 iuvencum
480 3575 499 3616 e
523 3554 664 3615 stabulo
686 3574 713 3614 s.
731 3552 832 3614 Pauli
856 3551 1018 3633 proposi·

185 3693 259 3741 tum
281 3680 504 3758 collaudans,
530 3676 664 3739 miserit
688 3685 866 3737 monetam
891 3695 1017 3757 argen-

184 3814 289 3865 team.
312 3799 543 3881 Pomologiae
556 3810 632 3860 erat
645 3797 924 3870 amantissimus;
942 3796 1018 3858 ubi·
1056 3788 1059 3863 l

187 3943 255 4005 que
287 3923 507 3986 conserendo
538 3921 714 4002 pomaria,
746 3928 859 3981 totum
892 3939 1017 4001 agrum

186 4045 402 4109 monasterio
419 4043 641 4105 adiacentem
659 4041 761 4123 quasi
776 4043 916 4103 hortum
935 4040 1018 4103 effe-

186 4169 242 4231 cit.
267 4169 312 4230 Et
333 4165 487 4228 societas
509 4163 650 4246 agraria
667 4162 889 4243 Carinthiae,
912 4182 1019 4242 poma

186 4290 436 4354 San-Paulana
450 4287 584 4368 optima
603 4297 639 4347 et
655 4286 892 4367 pulcherrima
909 4304 1018 4367 agno-

188 4432 300 4493 scens,
311 4431 403 4474 anno
415 4414 492 4472 1862
503 4408 698 4490 praemium
707 4408 859 4488 primum
871 4429 897 4469 s
905 4408 1018 4469 Paulo

187 4534 414 4597 adiudicavit.
428 4532 640 4612 Exemplum
648 4531 716 4591 hoc
727 4530 904 4612 agricolas
914 4528 1018 4590 vallis

186 4657 407 4719 Lavantinae
430 4656 475 4715 ad
492 4673 675 4734 pomorum
693 4653 865 4714 culturam
883 4651 1017 4714 excita-

186 4783 266 4859 bat,
291 4789 329 4840 ut
353 4795 521 4839 successu
549 4773 719 4854 temporis
744 4793 790 4834 ex
813 4772 1018 4835 venditione

186 4920 370 4982 pomorum
387 4897 578 4980 quotannis
590 4917 759 4979 magnum
773 4897 908 4958 lucrum
924 4895 1018 4957 face-

186 5032 275 5084 rent.
300 5022 415 5083 Etiam
433 5021 548 5082 vineis
564 5040 677 5102 prope
694 5019 925 5100 Marburgam
942 5016 1019 5079 sitis

188 5155 284 5207 recte
310 5143 485 5224 colendis,
511 5142 714 5205 melioribus
738 5141 872 5203 vitibus
897 5160 1020 5203 conse·

188 5267 307 5328 rendis
329 5276 364 5327 et
384 5265 596 5346 ampliandis
619 5265 765 5325 multam
787 5282 905 5324 curam
922 5260 1020 5323 adhi-

189 5389 275 5450 buit.
289 5385 502 5449 Aedificium
516 5386 721 5448 monasterii
734 5404 761 5446 s.
769 5383 873 5446 Pauli
885 5392 1020 5445 restau-

1095 1241 1348 1303 convenienter
1364 1240 1490 1301 iterum
1508 1237 1725 1299 aedificavit:
1747 1248 1855 1317 atque
1871 1236 1927 1298 his

1095 1364 1258 1426 omnibus
1274 1367 1366 1425 bene
1383 1363 1549 1443 peractiS,
1571 1363 1615 1423 de
1638 1360 1874 1422 confratribus
1892 1369 1927 1421 et

1095 1486 1311 1548 monasterio
1324 1486 1457 1567 optime
1469 1483 1678 1565 promeruit;
1693 1502 1803 1563 quare
1816 1483 1925 1562 princ.

1095 1608 1287 1690 episcopus
1319 1607 1539 1668 Lavantinus
1571 1625 1650 1667 eum
1681 1607 1926 1684 honoraturus,

1095 1732 1263 1792 abbatem
1281 1730 1542 1792 Ferdinandum
1560 1727 1797 1790 consiliarium
1814 1726 1927 1789 consi-

1096 1853 1193 1915 storii
1219 1853 1423 1932 nominavit,
1448 1861 1484 1913 et
1508 1851 1700 1931 imperator
1716 1849 1928 1911 Franciscus

1096 1976 1270 2055 Iosephus
1288 1974 1444 2055 equitem
1461 1973 1595 2034 ordinis
1617 1991 1769 2033 coronae
1789 1970 1927 2032 ferreae

1096 2100 1157 2161 ΙΙΙ.
1176 2097 1302 2159 classis
1319 2096 1533 2178 designavit.
1557 2095 1643 2156 Erat
1661 2094 1793 2155 sodalis
1816 2091 1927 2153 socie-

1097 2231 1209 2284 tatum
1235 2220 1454 2301 agrariarum
1479 2216 1699 2295 Carinthiae,
1725 2214 1867 2297 Styriae
1892 2224 1928 2273 et

1097 2343 1267 2422 Goritiae,
1285 2351 1320 2403 et
1337 2340 1527 2402 historicae
1541 2337 1755 2400 Carinthiae.
1780 2336 1929 2397 Praeter

1096 2465 1237 2547 linguas
1253 2463 1419 2543 antiquas
1437 2461 1615 2539 classicas,
1630 2480 1719 2540 quas
1733 2459 1838 2520 valde
1852 2455 1928 2516 dili·

1096 2589 1217 2670 gebat,
1231 2584 1404 2648 Gallicam
1422 2595 1458 2646 et
1471 2583 1632 2645 Italicam
1648 2589 1874 2661 perceperat;
1893 2588 1928 2639 et

1097 2712 1143 2772 ad
1160 2710 1284 2772 tibiam
1298 2720 1334 2769 et
1346 2708 1477 2769 violam
1495 2724 1632 2785 canere,
1651 2701 1928 2765 clavichordium

1097 2843 1263 2911 tractare,
1282 2832 1389 2892 etiam
1406 2830 1519 2890 abbas
1536 2827 1628 2888 inter
1644 2845 1745 2887 sacra
1763 2823 1850 2886 tibia
1867 2832 1928 2884 aut

1098 2956 1192 3017 viola
1216 2961 1429 3035 cooperatus
1454 2963 1519 3012 est.
1550 2950 1724 3031 Hydrope
1750 2948 1928 3025 laborans,

1098 3078 1174 3139 eius
1189 3076 1370 3138 molestias
1380 3074 1559 3155 patienter
1568 3071 1756 3149 sustinens,
1770 3068 1836 3128 rite
1847 3085 1928 3146 pro-

1098 3200 1195 3261 visus
1220 3199 1277 3260 die
1303 3219 1351 3259 22.
1375 3197 1480 3258 Mart.
1509 3200 1587 3257 18ὁὸ
1611 3192 1752 3274 placide
1776 3189 1928 3252 animam

1098 3320 1243 3383 efflavit.
1269 3321 1354 3382 Erat
1368 3321 1482 3381 abbas
1494 3320 1667 3380 humanus
1681 3333 1722 3376 ac
1736 3313 1927 3388 modestuS,

1098 3444 1270 3506 sollicitus
1283 3453 1319 3504 et
1332 3443 1489 3523 prudens
1502 3447 1605 3519 pater
1617 3434 1780 3513 familiaS,
1797 3431 1929 3493 ordinis

1099 3588 1125 3628 s.
1136 3565 1322 3628 Benedicti
1341 3582 1474 3642 amans,
1492 3559 1658 3622 sacerdos
1672 3555 1765 3618 omni
1782 3572 1929 3615 venera·

1099 3689 1195 3751 tione
1213 3688 1352 3769 dignus,

1188 3836 1403 3917 Sequuntur,
1421 3852 1512 3914 quae
1530 3832 1628 3911 prelo
1646 3825 1823 3889 submisit:

1186 3993 1207 4046 Ι.
1232 3989 1388 4062 Nekrolog
1412 3987 1465 4043 des
1488 3985 1585 4042 Abtes
1612 4001 1681 4038 vom
1705 3979 1929 4035 Benedictiner·

1099 4096 1189 4153 Stifte
1206 4095 1251 4151 St.
1268 4095 1342 4150 Paul
1366 4097 1404 4149 im
1427 4090 1626 4148 Lavantthale
1649 4084 1785 4142 Meinrad
1801 4082 1928 4143 Amann.

1101 4200 1354 4257 Karntnerischen
1383 4194 1593 4253 Landstandes
1623 4190 1681 4246 und
1708 4186 1928 4245 Verorduetcn.

1099 4302 1129 4381 (i.
1150 4324 1176 4360 e.
1202 4304 1416 4377 Necrologium
1441 4295 1581 4375 abbatis.)
1609 4291 1804 4368 Klagenlurt,
1838 4288 1928 4359 1840,

1100 4409 1250 4483 gedruckt
1272 4407 1321 4464 bei
1348 4403 1518 4463 Ferdinand
1543 4400 1640 4457 Edlen
1664 4417 1723 4454 von
1747 4396 1929 4467 Kleinmayr.

1104 4531 1140 4586 14
1157 4534 1186 4589 p.
1205 4513 1246 4570 8⁰.

1191 4637 1229 4690 ΙΙ.
1265 4636 1364 4689 Kurze
1400 4628 1583 4688 Geschichte
1619 4626 1672 4682 des
1708 4621 1931 4695 Herzogthums

1100 4744 1244 4797 Karnten.
1266 4736 1296 4815 (i.
1317 4757 1343 4794 e.
1366 4737 1501 4792 Ducatus
1518 4731 1690 4789 Cariuthiae
1711 4728 1814 4784 brevis
1836 4726 1930 4780 histo·

1100 4842 1165 4921 ria.)
1182 4844 1236 4900 Als
1253 4843 1382 4915 Anhang
1397 4860 1449 4896 zur
1466 4838 1650 4896 Geschichte
1666 4835 1721 4892 des
1737 4830 1931 4890 dsterreichi·

1100 4949 1193 5006 schen
1216 4950 1448 5004 Kaiserstaatcs.
1475 4945 1574 5009 Wien‚
1596 4942 1644 4998 bei
1666 4938 1697 4995 S.
1715 4939 1811 4994 Anna.
1839 4934 1929 5007 1843.

1101 5070 1142 5128 50
1159 5074 1187 5130 p.
1205 5054 1248 5111 8⁰.

1187 5176 1238 5231 111.
1262 5174 1385 5247 Predigt
1406 5192 1459 5227 zur
1475 5169 1583 5226 Weihe
1600 5170 1683 5224 eines
1700 5182 1798 5220 neuen
1813 5162 1930 5217 Altars·

1100 5280 1220 5337 blattes.
1239 5275 1381 5356 (Sermo.)
1398 5272 1587 5348 Klagenfurt‚
1605 5269 1753 5345 gedruckt
1765 5266 1814 5324 bei
1828 5265 1931 5323 Ferdi-

1102 5384 1180 5440 nand
1196 5383 1293 5439 Edlen
1310 5400 1369 5437 von
1387 5381 1569 5451 Kleiumayr.
1592 5375 1682 5448 1843.
1704 5388 1741 5446 14
1758 5391 1787 5448 p.
1804 5372 1846 5429 8⁰.
