4178 6196
965 453 1195 520 ..6-

212 655 397 718 directoris
423 674 568 717 munere
591 654 809 736 fungebatur
831 653 866 715 in
890 654 1040 736 collegio

212 776 378 839 Mechith.
388 777 653 859 Viennensium,
673 795 766 839 anno
786 779 953 838 1861—66
973 775 1040 838 fuit

212 899 424 962 secretarius
440 899 737 982 congregationis.
763 900 821 962 Ab
842 918 935 961 anno
959 902 1037 978 1877

211 1021 353 1103 peragit
365 1021 671 1104 Constantinopoli
683 1021 836 1084 officium
848 1020 1039 1103 superioris

212 1142 336 1205 domus
366 1143 541 1206 missionis
568 1144 911 1207 Mechitharistarum
932 1143 1040 1206 Vien-

211 1265 381 1328 nensium.

299 1387 419 1469 Opera
436 1388 511 1450 eius
527 1389 623 1471 typis
640 1388 752 1451 edita:

298 1507 321 1562 1.
342 1508 520 1581 qrammi.
539 1505 785 1583 glemonae.
806 1502 1039 1584 lenmpqun„

214 1613 231 1668 i.
244 1630 270 1667 e.
281 1610 485 1667 Grammatica
493 1612 598 1667 critica
606 1612 828 1668 Neo-armenae
842 1611 963 1686 linguae
972 1629 1039 1666 cum

212 1718 338 1790 copiosa
357 1714 576 1772 introductione
593 1734 649 1772 nec
667 1734 727 1771 non
742 1713 826 1771 brevi
843 1716 1040 1790 grammatica

214 1820 334 1894 linguae
351 1819 628 1875 Palaeo·armenae.
644 1820 788 1883 Viennae.
807 1821 886 1895 typis
898 1819 1038 1875 Mechitb.

216 1923 306 1980 1866.

300 2028 337 2083 ll.
368 2028 674 2103 *pgb‘rwqmimefflfitb
699 2027 936 2108 ωζῇιωμςωμωμ,
966 2031 983 2084 i.
1013 2046 1039 2084 C.

212 2130 649 2189 GrammaticaNe0·armenae
672 2132 802 2207 linguae.
826 2131 953 2189 Additur
968 2133 1041 2188 doc·

212 2237 289 2291 trina
301 2236 338 2292 de
349 2235 493 2312 prosodia
502 2235 642 2293 Armena.
653 2237 797 2303 Viennae,
811 2239 890 2313 typis
900 2237 1040 2294 Mechith.

217 2338 307 2397 1800.

298 2445 351 2500 ΙΙΙ.
368 2447 596 2520 lppqpmpmbp,
621 2446 639 2501 i.
658 2464 685 2501 e.
702 2446 829 2520 Magnus
846 2445 964 2503 Globus
981 2460 1041 2501 ter-

212 2553 331 2617 restris,
359 2549 505 2606 diametro
532 2549 658 2606 duorum
682 2551 791 2626 pedum
820 2551 1040 2626 magnitudinis.

213 2656 382 2711 Delineavit
398 2667 427 2710 et
443 2654 604 2729 descripsit
619 2652 724 2733 (literis
736 2653 925 2733 armeniacis)
941 2657 973 2711 P.
987 2655 1040 2710 Ar.

212 2759 319 2835 Aydin.
344 2759 487 2816 Viennae.
510 2759 600 2832 1847.

297 2864 348 2922 lv.
358 2862 1003 2940 ¹1we÷1111m-12bw2···neemiam-
1013 2883 1039 2919 e.

212 2968 296 3026 Ordo
317 2964 369 3046 (ε
387 2962 517 3046 διάταξις)
538 2987 562 3025 s.
586 2970 739 3024 ministerii
758 2970 787 3024 in
808 2970 898 3024 missa
918 2966 1040 3035 celebri,

211 3074 274 3130 sive
291 3073 444 3130 sollemnis
466 3074 494 3129 in
516 3073 645 3130 ecclesia
661 3075 735 3129 ritus
756 3075 877 3129 armeni.
903 3074 936 3129 In
956 3092 1041 3129 usum

212 3179 414 3233 ministrorum
447 3174 651 3255 (diaconorum
684 3191 714 3234 et
740 3175 917 3255 cantorum).
955 3179 1043 3234 Nova

212 3281 304 3337 editio
323 3282 360 3337 ad
383 3282 469 3338 sidem
490 3285 679 3357 antiquorum
699 3283 938 3338 authenticorum
960 3282 1043 3338 codi-

212 3405 278 3442 cum
296 3406 333 3442 m.
351 3405 375 3442 s
392 3405 416 3442 s,
434 3383 462 3463 (a
477 3387 509 3442 P.
522 3386 574 3442 Ar.
588 3383 677 3464 Ayd.)
693 3387 851 3452 recensita,
868 3385 975 3442 additis
991 3387 1043 3443 ad-

213 3489 414 3546 curatioribus
434 3492 563 3547 monitis,
586 3524 629 3532 —
651 3491 778 3547 Accedit
803 3491 1043 3566 supplementum

212 3594 249 3650 de
258 3593 364 3651 ritibus
373 3594 596 3651 administrandi
609 3608 798 3652 sacramenta
808 3594 959 3670 baptismi,
971 3614 1043 3652 cou-

213 3698 388 3755 firmationis
405 3712 436 3755 et
451 3701 627 3756 matrimonii
645 3712 703 3756 etc.
720 3713 778 3756 etc.

299 3819 715 3912 Azaria(=Azarian)
731 3831 1043 3895 illustrissimus

213 3951 313 4011 dom.
337 3949 556 4011 Aristaces
574 3949 927 4032 (Mechitharista),
953 3950 1042 4014 Con-

213 4071 441 4153 stantinopoli
455 4072 511 4133 die
525 4076 574 4134 28.
585 4073 648 4134 lul.
662 4075 740 4150 1782
755 4081 870 4154 natuS,
879 4073 1044 4155 Tergesti

212 4194 335 4257 habitu
363 4214 389 4255 s.
411 4194 469 4255 die
490 4198 540 4255 25.
564 4193 669 4257 Mart.
697 4200 773 4256 1801
799 4195 960 4278 indutus,
986 4197 1043 4259 die

212 4323 242 4380 8.
264 4315 362 4399 Sept.
389 4321 466 4378 1802
489 4327 573 4378 vota
594 4317 722 4398 emisit,
747 4326 785 4379 et
804 4317 861 4379 die
884 4322 934 4380 25.
955 4318 1042 4394 Dec,

217 4446 295 4503 1803
306 4448 533 4502 consecratus
542 4441 802 4522 estpresbyter.
815 4440 879 4502 Ille
888 4450 942 4503 est
952 4461 1042 4504 unus

213 4582 258 4625 ex
271 4561 556 4642 Mechitharistis,
570 4561 629 4642 qui
643 4564 747 4643 (anno
761 4565 853 4644 1810)
867 4563 1041 4645 Tergesto

212 4684 387 4747 Viennam
403 4684 438 4746 in
451 4684 598 4746 Austria
614 4685 917 4767 transmigrarunt.
935 4686 1040 4748 Anno

217 4812 296 4869 1818
317 4808 443 4869 missus
464 4816 520 4869 est
535 4805 876 4888 Constantinopolim
897 4827 1041 4870 munere

212 4929 421 4992 missionarii
445 4929 640 5010 apostolici.
664 4928 752 4991 Post
770 4938 844 4991 tres
859 4949 971 4992 annos
987 4949 1041 4992 re·

212 5061 360 5115 vocatus
373 5061 428 5115 est
435 5051 621 5115 Viennam.
634 5088 676 5097 -
689 5051 776 5114 Cum
787 5051 1041 5115 illustrissimus

213 5176 303 5236 dom.
317 5175 528 5236 Adeodatus
540 5174 728 5256 Babikian‚
740 5177 854 5237 abbas
866 5194 946 5257 gen.
960 5194 1041 5237 con-

212 5315 327 5378 greg,
357 5296 426 5358 iam
456 5301 495 5358 85
525 5316 695 5359 annorum
726 5317 851 5377 senex,
882 5296 1041 5361 infirmae

211 5419 425 5481 valetudinis
448 5437 555 5481 causa
578 5421 832 5500 tranquillitate
854 5419 1041 5503 indigeret,

1119 674 1212 717 anno
1232 660 1311 718 1823
1331 656 1434 717 datus
1451 665 1506 717 est
1522 654 1637 717 eidem
1650 654 1803 717 vicarius
1815 655 1855 717 P.
1869 654 1951 716 Ari·

1119 784 1236 838 staces
1259 776 1388 838 Azaria
1415 775 1518 839 titulo
1546 775 1672 857 prioris
1701 775 1949 859 congregatio-

1118 898 1183 960 nis.
1206 897 1295 960 Post
1317 899 1405 960 duos
1424 918 1545 980 annos,
1570 899 1695 960 eodem
1714 897 1948 960 illustrissimo

1119 1019 1260 1082 domino
1280 1021 1471 1083 Adeodato
1491 1019 1682 1102 Babikian‚
1710 1020 1767 1082 die
1792 1025 1839 1083 18.
1860 1022 1947 1102 Apr.

1124 1145 1201 1203 1825
1231 1143 1449 1225 octogesimo
1476 1143 1627 1225 septimo
1653 1144 1750 1207 vitae
1776 1162 1861 1205 suae
1888 1163 1949 1206 an·

1119 1282 1164 1325 no
1183 1263 1242 1346 pie
1262 1275 1410 1346 mortuo,
1428 1265 1742 1328 reverendissimus
1758 1266 1798 1328 P.
1811 1264 1949 1328 Arista-

1120 1405 1179 1448 ces
1205 1406 1332 1448 munus
1359 1386 1485 1468 prioris
1512 1387 1743 1451 continuabat
1766 1407 1879 1469 usque
1903 1388 1949 1450 ad

1119 1528 1249 1571 annum
1263 1513 1353 1572 1826.
1367 1509 1502 1572 Eodem
1512 1510 1620 1592 (1826)
1629 1529 1722 1572 anno
1731 1509 1788 1572 die
1803 1511 1947 1592 19.Ap1.

1119 1631 1155 1695 in
1178 1631 1333 1713 capitulo
1357 1632 1515 1714 generali
1535 1632 1824 1725 congregationis
1841 1633 1949 1714 elige-

1118 1757 1225 1818 batur
1248 1755 1341 1816 idem
1365 1754 1681 1816 reverendissimus
1707 1754 1747 1816 P.
1765 1754 1949 1816 Aristaces

1119 1877 1249 1940 Azaria
1278 1878 1314 1940 in
1345 1879 1513 1940 abbatem
1542 1877 1745 1959 generalem
1779 1896 1947 1960 congreg.

1118 1999 1286 2062 Mechith.
1297 1999 1560 2062 Viennensium.
1585 1999 1691 2061 Anno
1708 2001 1949 2080 subsequente

1121 2121 1286 2186 Summus
1317 2121 1485 2185 Pontifex
1518 2121 1590 2184 Leo
1621 2120 1705 2184 XII.
1738 2141 1803 2203 per
1837 2123 1946 2183 breve

1122 2245 1214 2327 (udo.
1233 2249 1283 2307 23.
1297 2245 1371 2307 Iun.
1394 2246 1496 2323 1827.)
1518 2244 1850 2307 reverendissimum
1868 2244 1948 2306 Ari-

1121 2377 1255 2430 stacem
1275 2365 1405 2429 Azaria
1430 2366 1624 2428 nominavit
1644 2365 1948 2448 archiepiscopum

1121 2488 1320 2552 Caesareae
1346 2489 1382 2550 in
1409 2487 1639 2570 Cappadocia
1668 2488 1704 2551 in
1734 2498 1824 2570 part.
1853 2487 1948 2550 infid.

1120 2612 1255 2674 Eodem
1276 2630 1368 2673 anno
1390 2610 1547 2692 suscepit
1567 2610 1625 2671 ille
1646 2611 1947 2673 consecrationem

1120 2733 1457 2815 archiepiscopalem
1486 2733 1521 2794 in
1550 2733 1699 2794 ecclesia
1722 2732 1948 2795 Mechithari·

1120 2865 1255 2918 starum
1284 2855 1537 2917 Viennensium
1572 2856 1618 2915 ab
1651 2854 1948 2916 excellentissimo

1121 2977 1262 3040 domino
1278 2977 1386 3057 Leop.
1403 2976 1646 3039 Maximiliano
1663 2976 1790 3038 comite
1813 2978 1857 3038 de
1873 2976 1902 3038 F
1904 2976 1948 3038 ir-

1121 3101 1214 3163 mian
1230 3099 1673 3182 principe-archiepiscopo
1689 3099 1860 3162 Viennae.

1210 3222 1295 3305 (NB.
1320 3222 1390 3284 Pro
1411 3222 1591 3304 praesenti
1613 3241 1731 3303 opere,
1753 3222 1852 3284 cuius
1876 3221 1949 3283 edi-

1122 3347 1253 3409 tionem
1291 3343 1575 3407 reverendissimi
1612 3342 1688 3406 PP.
1728 3343 1951 3406 Benedictini

1123 3465 1481 3548 Austro-Hungariae
1494 3485 1606 3546 nuper
1620 3475 1863 3547 susceperunt,
1876 3465 1951 3527 val·

1123 3592 1167 3653 de
1180 3590 1356 3672 prolixum
1368 3587 1470 3671 foret,
1483 3587 1512 3649 si
1526 3587 1604 3669 quis
1616 3589 1726 3650 vellet
1734 3588 1838 3669 plene
1851 3607 1952 3649 enar-

1122 3732 1200 3775 rare
1228 3712 1345 3774 omnia
1372 3709 1555 3772 conamina
1582 3720 1619 3772 et
1646 3729 1755 3791 opera
1782 3717 1952 3771 exsecuta

1122 3837 1169 3897 ab
1195 3832 1428 3896 illustrissimo
1460 3831 1601 3894 domino
1632 3832 1796 3894 Aristaee
1823 3830 1953 3893 Azaria

1123 3963 1165 4021 30
1189 3975 1359 4020 annorum
1386 3974 1504 4035 cursu,
1529 3953 1657 4035 quibus
1681 3972 1780 4015 suam
1804 3971 1951 4035 congre-

1123 4080 1304 4163 gationem
1323 4078 1527 4140 moderatus
1548 4085 1612 4138 est.
1637 4075 1730 4138 Hinc
1753 4076 1952 4137 consultum

1122 4203 1264 4264 videtur
1287 4201 1323 4263 in
1348 4200 1415 4262 hoc
1439 4199 1602 4280 catalogo
1630 4198 1810 4259 succincta
1834 4217 1952 4259 narra-

1123 4323 1229 4405 tione,
1243 4321 1491 4402 chronologico
1505 4319 1646 4402 quidem
1659 4319 1781 4382 ordine
1794 4320 1952 4381 delibare
1982 4388 1986 4394 -

1123 4466 1247 4529 opera,
1270 4445 1398 4526 quibus
1421 4444 1479 4504 ille
1502 4443 1556 4504 his
1583 4448 1625 4504 30
1644 4442 1745 4504 annis
1771 4441 1951 4523 regiminis

1122 4569 1176 4631 sui
1192 4567 1506 4651 congregationem
1518 4564 1855 4627 Mechitharisticam
1864 4563 1951 4626 Vin-

1122 4694 1362 4754 dobonensem
1380 4707 1513 4770 augere
1530 4697 1638 4768 atque
1658 4706 1783 4750 ornare
1803 4696 1951 4749 conatus

1122 4825 1185 4875 est.
1218 4812 1382 4876 Ceterum
1410 4829 1592 4872 monemus
1619 4809 1731 4871 amice
1757 4809 1951 4870 benevolos

1119 4936 1281 5016 lectores,
1302 4946 1341 4998 ut
1363 4935 1504 5014 adeant,
1528 4932 1558 4993 si
1582 4932 1632 4995 ita
1653 4931 1836 5014 placuerit,
1861 4950 1952 5014 opus

1120 5057 1242 5139 lingua
1251 5055 1462 5119 Germanica
1474 5052 1826 5134 conscriptumaviro
1835 5054 1952 5135 docto,

1121 5177 1311 5241 Frederieo
1339 5180 1384 5240 de
1408 5176 1559 5257 Hurter,
1587 5174 1706 5236 titulo:
1745 5174 1842 5257 „Aus
1870 5174 1951 5236 dem

1120 5299 1242 5362 Leben
1258 5303 1322 5363 des
1337 5301 1471 5363 hochw.
1486 5298 1602 5360 Herrn
1615 5297 1798 5360 Aristaces
1810 5295 1951 5378 Azaria,

1120 5420 1238 5503 Wien,
1248 5419 1773 5501 Mechithar.-Buchdruckerei,
1787 5419 1897 5481 1855.“
1911 5453 1949 5464 -
