4178 6196
905 418 1185 485 -490-

173 607 252 662 cultu
269 604 448 661 Sanctorum
471 616 501 658 et
525 605 552 658 in
577 605 679 679 primis
697 605 728 659 B.
745 604 785 659 M.
799 600 846 680 V.)
871 603 1001 678 Mellyek

173 710 267 784 Vajda
284 707 404 765 Samuel
421 709 551 784 Tihanyi
569 709 686 784 Apatur
701 709 772 765 a'tltal
790 709 1002 766 oszveszede·

172 813 308 888 getettek
325 814 358 869 es
379 832 438 888 egy
459 814 523 886 regi
545 813 728 888 jd-akardja
747 813 818 869 altal
841 813 1003 888 111-1170111-

172 920 323 975 tattattak.
347 916 597 994 Weszpremben.
614 916 749 993 Streibig
760 917 848 994 stel
860 916 1002 974 bethivel.

178 1038 268 1097 1792·
286 1023 327 1080 8⁰-
345 1038 386 1095 11
403 1042 432 1098 v·
894 1024 897 1029 ’

258 1129 308 1185 VI.
337 1126 421 1183 Libri
444 1129 508 1183 eius
532 1146 618 1182 manu
643 1129 747 1202 scripti
769 1129 796 1182 in
817 1124 1002 1183 bibliotheca

173 1233 299 1290 centrali
317 1235 385 1288 ins.
404 1245 506 1287 monte
527 1231 679 1287 adservati
700 1232 728 1287 hi
750 1244 833 1286 sunt:
858 1232 890 1304 a)
906 1231 935 1285 T
938 1249 1003 1286 rac-

173 1352 251 1394 tatus
273 1337 463 1410 theologicus
485 1335 522 1391 de
543 1335 678 1409 Angelis.
709 1349 797 1408 1754.
823 1341 865 1407 40.
897 1349 952 1390 102
973 1354 1003 1410 p.

172 1443 204 1516 b)
220 1443 382 1497 Tractatus
400 1440 589 1513 theologicus
606 1439 643 1495 de
659 1440 762 1495 ultimo
785 1440 843 1495 s1ne
860 1457 913 1494 seu
930 1437 1003 1494 bea·

173 1545 298 1602 titudine
323 1545 460 1600 hominis.
490 1557 580 1616 1754.
606 1549 647 1615 4⁰.
674 1560 714 1617 49
732 1562 761 1620 p.
791 1545 819 1606 c)
840 1544 1004 1600 Tractatus

173 1651 365 1722 theologicus
381 1648 419 1702 de
435 1646 552 1703 actibus
569 1648 714 1704 humanis.
737 1662 827 1720 1754.
851 1653 893 1719 4⁰.
916 1663 956 1719 49
974 1666 1003 1722 p.

171 1755 204 1827 d)
220 1754 384 1809 Tractatus
402 1753 592 1826 theologicus
615 1751 819 1827 speculativus
843 1750 880 1807 de
902 1769 1003 1806 sacra·

174 1859 281 1913 mentis
298 1859 326 1912 in
343 1874 455 1929 genere
472 1870 502 1911 et
518 1856 703 1930 particulari,
728 1855 855 1911 traditus
876 1851 914 1909 ab
935 1872 961 1910 a.
979 1873 1002 1910 r.

173 1963 281 2017 eximio
303 1980 338 2016 ac
362 1959 537 2016 doctissimo
561 1972 648 2034 patre
672 1971 702 2014 et
725 1958 846 2015 domino
863 1955 1004 2013 Samuele

173 2064 282 2139 Wajda
295 2084 323 2119 o.
334 2084 359 2119 s.
370 2064 413 2130 Β,
428 2065 557 2137 scriptus
571 2081 645 2118 vero
659 2075 689 2117 et
701 2062 819 2117 auditus
835 2043 855 2117 a
865 2063 899 2118 F.
913 2061 1004 2117 Adal-

173 2167 261 2225 berto
284 2167 419 2242 Szepesy
440 2165 572 2221 eiusdem
597 2165 662 2221 ord.
685 2166 829 2240 religioso
853 2165 1004 2241 professo.

177 2287 267 2345 1755.
293 2277 336 2343 4⁰.
366 2269 422 2326 182
441 2289 470 2345 p.
494 2270 521 2343 e)
538 2270 567 2325 T
569 2283 702 2325 rectatus
723 2270 914 2344 theologicus
935 2288 1004 2344 spe·

174 2377 322 2432 culativus
339 2374 376 2430 de
392 2374 477 2440 Fide,
500 2371 562 2449 Spe
584 2387 614 2429 et
630 2374 794 2442 Charitate,
817 2374 943 2430 traditus
967 2371 1004 2429 ab

127 2530 129 2535 .
174 2480 211 2535 A.
229 2481 264 2536 R.
283 2477 422 2535 Samuele
438 2478 556 2553 Wajda,
581 2496 609 2534 0.
632 2498 656 2533 s.
675 2479 717 2546 13,
742 2481 873 2554 scriptus
898 2497 952 2553 per
971 2480 1004 2534 F.

173 2583 229 2640 Ad.
247 2581 455 2658 Szepesyetc.
486 2580 575 2655 1756.
599 2588 640 2653 4⁰.
671 2580 729 2638 180
745 2601 774 2657 p.
795 2582 834 2659 s)
854 2582 1005 2656 Compen-

173 2688 251 2745 dium
267 2687 502 2762 privilegiorum,
517 2704 595 2760 quae
608 2685 703 2742 lorum
714 2687 920 2741 Poenitentiae
933 2704 1005 2741 con·

174 2804 309 2859 cernunt,
327 2804 357 2846 et
373 2803 513 2865 exempto
535 2788 771 2846 archicoenobio
792 2809 816 2846 s,
833 2791 951 2845 Martini
976 2792 1005 2845 in

172 2915 197 2952 5.
214 2897 318 2952 Monte
334 2896 505 2950 Pannoniae
528 2912 546 2947 a
571 2894 693 2948 summis
717 2891 909 2967 pontificibus
933 2911 1004 2948 con·

173 3019 260 3057 cessa
284 3000 404 3055 luerunt
420 3000 447 3054 in
465 3000 575 3053 unione
592 3017 658 3053 cum
675 2999 914 3071 congregatione
931 2998 1004 3053 Cas·

173 3106 294 3161 sinensi.
309 3111 350 3177 4⁰.
365 3117 404 3174 32
416 3122 446 3178 p.
472 3103 504 3157 ln
518 3102 575 3157 fine
589 3121 642 3157 1115.
660 3102 735 3157 haec
752 3101 906 3175 leguntur:
927 3102 1004 3172 „Ca-

172 3228 224 3264 sus
241 3209 268 3263 hi
285 3209 341 3263 No,
359 3221 376 3278 5
382 3221 399 3279 5
420 3206 523 3262 dictati
540 3219 570 3262 et
587 3206 711 3261 resoluti
729 3206 846 3261 luerunt
862 3205 900 3262 ab
916 3204 1003 3261 Adm.

175 3312 262 3368 Rvdo
280 3331 314 3368 ac
332 3311 410 3368 Clar.
422 3312 510 3366 Patre
523 3308 776 3383 SamueleVajda,
793 3329 817 3366 s.
832 3310 1004 3383 theologiae

174 3417 352 3491 professore
369 3416 523 3490 primario.
547 3413 635 3470 Anno
656 3427 735 3486 1757
753 3414 801 3470 die
815 3415 1001 3487 27.Martii.“

259 3560 483 3634 Vassalian
507 3571 729 3653 Philippus
761 3572 1004 3655 (Mechitha-

172 3688 304 3768 rista),
329 3686 503 3771 Smyrnae
530 3689 587 3751 die
620 3711 666 3767 14.
689 3691 764 3754 Iun.
791 3694 870 3753 1838
898 3700 1003 3752 natus

173 3810 334 3871 Viennae
359 3809 393 3870 in
416 3810 563 3872 Austria
588 3802 710 3873 habitu
735 3833 760 3873 5.
787 3814 843 3875 die
867 3835 894 3874 2.
912 3812 1002 3874 Nov.

177 3936 254 3993 1855
274 3931 428 4011 1111101115,
451 3931 507 3992 die
526 3936 576 3993 25.
594 3931 699 3995 Mart.
722 3937 799 4012 1857
818 3944 903 3997 vota
920 3935 1003 3996 emi-

173 4053 219 4114 sit
247 4064 282 4116 et
310 4055 367 4115 die
396 4073 423 4132 7.
453 4051 552 4134 Sept.
585 4058 665 4131 1859
694 4065 922 4117 consecratus
950 4066 1004 4119 est

173 4177 373 4258 presbyter.
398 4176 504 4237 Anno
526 4179 605 4253 1867
629 4174 756 4237 missus
782 4186 836 4239 est
860 4196 1004 4238 munere

173 4297 384 4359 missionarii
406 4297 593 4377 apostolici
617 4297 652 4359 in
674 4296 855 4359 civitatem
877 4295 1005 4360 (111101-

173 4419 268 4481 hisar
284 4418 319 4480 in
333 4419 421 4480 Asia
434 4419 579 4500 minore,
596 4419 656 4481 ubi
670 4421 716 4480 ab
729 4439 821 4481 anno
839 4425 917 4499 1877
932 4440 1005 4483 mu-

174 4560 257 4603 nere
285 4540 477 4622 superioris
506 4542 599 4603 domi
632 4541 809 4603 missionis
835 4542 1004 4605 Mechith.

173 4661 348 4723 Viennen.
366 4660 534 4743 fungitur.

261 4781 362 4863 Opus
387 4782 462 4844 eius
487 4782 521 4844 in
545 4783 629 4866 ling.
646 4785 881 4848 Neo-armen.
907 4787 1005 4868 typis

175 4905 324 4966 editum:

259 5030 441 5109 umglml'l·
458 5026 709 5106 δ’ωἳιιυψυμςηῃ,
727 5035 745 5087 1.
760 5050 786 5088 Ε.
805 5034 874 5089 DUX
890 5035 1005 5089 lilnel'lS

173 5136 202 5188 in
219 5154 303 5191 usum
319 5136 518 5190 itinerantium
532 5139 695 5211 pervarias
709 5139 884 5212 provincias
896 5156 1005 5212 regno·

174 5257 237 5293 rum
256 5240 284 5293 in
301 5239 435 5313 Europa.
465 5239 513 5296 Uti
529 5241 769 5316 supplementum
795 5241 881 5297 huius
903 5243 1006 5317 operis

175 5344 357 5417 conscripsit
373 5343 512 5417 dialogos
525 5345 554 5399 in
567 5358 698 5419 quatuor
712 5346 831 5419 linguis,
849 5348 867 5402 i.
879 5365 905 5401 e.
916 5345 1005 5412 Gall.

1081 602 1194 669 Germ,
1207 603 1400 658 Neo-armen.
1418 612 1448 656 et
1461 599 1553 656 Ture.
1571 595 1716 676 (vulgaris
1733 599 1843 656 litteris
1857 600 1914 656 Ar-

1082 702 1246 782 meniacis.)
1263 706 1406 773 Viennae,
1425 705 1504 779 typis
1521 704 1662 760 Mechith.
1684 702 1776 776 1864.

1169 853 1360 947 Vaszary
1375 862 1585 944 Aegidius
1601 863 1784 926 Ioannes
1805 865 1868 944 (de
1887 884 1913 926 s.

1083 979 1225 1043 Monte
1249 980 1520 1062 Pannoniae),
1548 983 1716 1044 sacerdos
1744 982 1914 1064 iubilaris,

1083 1101 1118 1163 in
1136 1101 1334 1182 Keszthely
1351 1121 1437 1163 com.
1456 1102 1573 1166 Zalad.
1595 1104 1630 1166 in
1648 1103 1837 1186 Hungaria
1858 1106 1914 1167 die

1088 1227 1134 1283 18.
1152 1223 1255 1284 Febr.
1279 1243 1359 1301 1799
1383 1231 1497 1305 natus,
1522 1225 1580 1286 die
1608 1229 1654 1287 15.
1677 1224 1756 1289 Oct.
1784 1230 1865 1289 1818
1887 1247 1914 1289 s.

1083 1343 1207 1406 habitu
1231 1343 1384 1425 indutus,
1405 1344 1462 1406 die
1484 1349 1531 1409 16.
1549 1344 1627 1409 Oct.
1650 1351 1726 1410 1821
1746 1357 1833 1410 vota
1849 1350 1915 1410 501-

1084 1465 1216 1527 lemnia
1237 1465 1363 1528 emisit.
1388 1463 1525 1529 Studiis
1545 1467 1758 1550 theologicis
1775 1471 1915 1532 absolu·

1084 1588 1129 1649 tis
1153 1587 1210 1648 die
1238 1607 1285 1665 17.
1309 1587 1403 1668 Aug.
1429 1590 1509 1649 1826
1533 1590 1733 1652 sacerdotio
1757 1589 1915 1654 initiatus

1084 1719 1148 1771 est.
1173 1708 1291 1770 Variis
1313 1707 1456 1771 functus
1472 1720 1526 1773 est
1543 1709 1680 1788 officiis,
1704 1712 1755 1775 uti
1781 1712 1915 1794 profes·

1084 1830 1174 1891 soris
1199 1831 1323 1911 Papae
1351 1835 1545 1912 1822—24,
1568 1833 1700 1895 Iaurini
1728 1838 1914 1917 1826—27,

1084 1951 1279 2033 provisoris
1293 1953 1417 2013 domus
1433 1951 1565 2014 ibidem
1584 1958 1761 2036 1827—29,
1779 1955 1914 2037 profes·

1084 2072 1173 2133 soris
1193 2071 1405 2134 Comaromii
1431 2078 1613 2155 1829-32,
1637 2075 1762 2157 Papae
1790 2081 1913 2140 1832—

1090 2196 1183 2265 1835;
1208 2193 1337 2254 deinde
1362 2192 1398 2255 in
1422 2194 1635 2277 Bakonybel
1663 2200 1830 2259 1835-38
1854 2199 1914 2259 ad-

1084 2313 1332 2376 ministratoris
1362 2316 1568 2397 parochiae,
1604 2299 1783 2396 1838440
1812 2318 1914 2380 simul

1085 2434 1191 2496 etiam
1219 2435 1428 2517 subprioris,
1461 2442 1623 2516 1840—41
1655 2439 1853 2520 subprioris
1880 2450 1914 2502 et

1084 2555 1278 2636 provisoris
1295 2559 1434 2640 domus,
1456 2564 1622 2638 1841-42
1640 2561 1837 2642 provisoris
1853 2563 1913 2624 do-

1084 2697 1161 2739 mus
1178 2678 1255 2740 ins
1273 2691 1402 2761 monte,
1431 2686 1595 2759 1842—58
1617 2684 1913 2747 administratoris

1084 2799 1274 2880 parochiae
1291 2800 1325 2862 in
1342 2802 1500 2885 Kapoly,
1523 2807 1689 2866 1853-511
1711 2805 1747 2867 in
1764 2805 1912 2888 Tihany‚

1088 2925 1255 2999 1856-114
1280 2922 1315 2983 in
1337 2922 1506 2985 Zamardi.
1531 2925 1637 2987 Anno
1658 2929 1825 3004 1864—65
1843 2927 1913 3008 spi·

1083 3042 1230 3125 ritualia,
1252 3047 1417 3123 1865-75
1431 3046 1605 3127 subprior,
1627 3052 1793 3128 1875-77
1808 3049 1912 3131 prior,

1084 3165 1210 3227 dehinc
1226 3185 1311 3227 vero
1327 3167 1499 3229 bonorum
1515 3168 1780 3232 administrator
1794 3180 1829 3232 et
1843 3170 1912 3251 spi·

1082 3287 1219 3348 ritualis
1245 3287 1280 3348 in
1308 3288 1455 3350 abbatia
1479 3289 1634 3372 Tihany,
1663 3291 1719 3352 die
1748 3297 1799 3353 23.
1824 3293 1911 3372 Apr.

1089 3413 1169 3470 1880
1184 3409 1326 3491 placida
1342 3421 1454 3472 morte
1472 3411 1568 3474 obiit.
1592 3411 1728 3475 Edidit:

1169 3536 1302 3591 Kdlteszi
1319 3535 1429 3610 kepek.
1454 3524 1677 3593 (lsszeszedtek
1692 3538 1726 3595 B.
1741 3537 1779 3594 G.
1790 3539 1825 3596 V.
1843 3535 1873 3616 (i.
1886 3557 1911 3595 e.

1083 3640 1232 3712 Imagines
1246 3642 1394 3715 poeticae.
1420 3641 1617 3716 Collegerunt
1628 3643 1663 3698 F.
1678 3643 1779 3718 Beely,
1796 3644 1818 3699 l.
1833 3643 1912 3699 Guz-

1083 3745 1166 3809 micS,
1183 3743 1261 3818 Aeg.
1278 3741 1434 3823 Vaszary.)
1456 3761 1471 3800 2
1491 3759 1511 3801 t.
1538 3744 1628 3818 1837.
1650 3744 1740 3818 1838.
1767 3744 1808 3803 8⁰.
1833 3746 1911 3802 Pest.

1084 3847 1203 3903 Beimel.
1226 3846 1284 3904 108
1302 3860 1332 3903 et
1349 3862 1412 3920 290
1428 3867 1457 3923 p.

1170 3995 1360 4091 Vaszary
1373 4005 1913 4092 ClaudiusFranciscus(de

1084 4141 1110 4185 s.
1127 4121 1269 4185 Monte
1285 4124 1541 4207 Pannoniae)
1559 4125 1593 4188 in
1610 4127 1809 4210 Keszthely
1826 4147 1912 4190 corn.

1085 4242 1202 4305 Zalad.
1226 4245 1260 4306 in
1277 4244 1462 4328 Hungaria
1485 4246 1542 4308 die
1563 4267 1610 4309 12.
1628 4248 1732 4309 Febr.
1755 4253 1836 4311 1832
1855 4270 1914 4311 na·

1084 4377 1152 4447 1115,
1177 4385 1203 4428 s.
1230 4367 1354 4429 habitu
1378 4367 1435 4429 die
1464 4371 1511 4430 15.
1534 4365 1634 4449 Sept.
1655 4373 1734 4449 1847
1759 4370 1914 4452 1111111115,

1066 4492 1069 4500 '
1084 4496 1169 4549 vota
1186 4488 1369 4550 sollemnia
1385 4489 1442 4551 die
1460 4492 1488 4551 (1.
1506 4490 1580 4552 Iun.
1600 4495 1677 4569 1854
1695 4490 1821 4555 emisit.
1839 4493 1915 4555 Ab·

1084 4609 1209 4672 solutis
1225 4609 1261 4671 in
1277 4629 1304 4672 s.
1317 4621 1436 4672 monte
1453 4631 1479 4672 s.
1495 4613 1697 4694 theologiae
1714 4613 1841 4676 studiis
1858 4615 1915 4677 die

1086 4735 1136 4793 26.
1153 4730 1240 4793 Maii
1261 4736 1339 4794 1855
1359 4733 1541 4797 ordinatus
1558 4745 1622 4796 est.
1647 4735 1708 4797 Ab
1724 4756 1817 4799 anno
1835 4741 1915 4815 1854

1083 4857 1212 4934 -1856
1225 4853 1406 4935 professor
1418 4875 1538 4937 gymn.
1552 4854 1775 4938 Comaromii,
1792 4863 1916 4922 1856-

1089 4979 1165 5037 1861
1189 4977 1322 5058 Papae,
1351 4981 1518 5056 1861-(19
1543 4976 1729 5062 Strigonii,
1754 4982 1801 5042 ab
1823 5001 1917 5044 anno

1089 5101 1169 5176 1869
1186 5097 1317 5160 Iaurini
1334 5097 1452 5161 officio
1468 5100 1661 5181 superioris
1678 5102 1803 5164 domus
1817 5112 1853 5165 et
1866 5103 1917 5164 di·

1084 5219 1232 5281 rectoris
1248 5240 1366 5302 gymn.
1384 5220 1553 5302 fungitur.

1171 5342 1321 5405 Praeter
1337 5342 1436 5405 varia
1451 5343 1586 5406 minora
1602 5345 1690 5406 haec
1708 5344 1835 5407 edidit:
