4178 6196
902 427 1183 499 ..307-

172 615 317 697 dustria,
338 623 516 677 testantur
537 614 700 696 ,tabulae
721 611 929 676 historicae“
955 615 1001 675 ab

172 739 251 819 ipso
275 737 430 800 maxima
455 755 534 799 curn
558 734 744 817 diligentia
771 733 1000 816 compositae,

173 878 264 941 quae
280 858 422 921 omnino
439 856 592 920 omnium
615 855 849 919 admiratione
869 857 1001 938 dignae

172 982 208 1044 in
224 980 411 1064 gymnasio
423 978 627 1043 Meranensi
643 980 888 1041 adservantur.

259 1120 380 1184 Verba
404 1118 577 1202 epitaphii
597 1118 711 1208 virum
735 1117 1001 1180 accuratissime

173 1245 392 1307 describunt:
423 1243 555 1327 „Multa
579 1252 614 1305 et
639 1261 769 1324 magna
797 1240 1001 1304 molientem

172 1367 270 1427 zelus
286 1365 428 1427 Domini
446 1364 630 1428 comedit.“

261 1515 439 1589 Moesch
467 1526 580 1589 Beda
609 1525 867 1608 (Murensis),
899 1535 1004 1587 natus

175 1653 230 1706 est
253 1642 386 1706 Frickii
409 1643 444 1706 in
465 1643 627 1727 Argovia
655 1664 745 1724 1741,
770 1643 805 1705 in
829 1642 951 1706 ordine
976 1662 1001 1704 s.

174 1766 261 1827 Ben.
287 1764 423 1827 emissis
446 1765 541 1828 votis
563 1775 730 1847 receptus
757 1769 847 1845 1759.
871 1765 941 1827 Per
963 1768 1003 1826 36

175 1905 286 1948 annos
300 1885 468 1969 egregius
481 1897 558 1948 erat
567 1887 726 1967 capellae
739 1886 920 1971 magister,
930 1906 1004 1948 mu·

175 2007 268 2069 sices
288 2006 535 2087 peritissimus.
560 2006 660 2071 Obiit
681 2009 737 2071 die
760 2030 787 2073 2.
804 2009 891 2072 Dec.
914 2013 1004 2072 1802.

262 2150 429 2226 Compositi
447 2164 515 2207 sunt
531 2149 569 2207 ab
585 2152 654 2227 ipso
670 2151 915 2217 Fabi-Burdoni,
933 2152 1004 2208 Mis·

176 2272 228 2310 sae
242 2255 400 2311 nonnullae
410 2269 440 2310 et
448 2255 523 2312 Veni
534 2274 557 2312 s.
568 2253 700 2331 Spiritus
713 2274 730 2311 a
742 2272 762 2328 4
772 2273 850 2324 voc.,
861 2272 877 2313 2
890 2256 1005 2324 clarin,

179 2373 194 2414 2
214 2377 298 2416 corn.
316 2372 345 2415 et
361 2360 482 2417 violoue
499 2379 565 2416 cum
582 2378 698 2435 organo
715 2359 861 2435 obligato.

264 2505 1006 2600 MoserAmbrosius(Lambertinus).

177 2632 292 2695 Natus
313 2642 369 2696 est
384 2634 537 2698 Muravii
558 2635 593 2697 in
615 2635 894 2718 Styria11.Iun.
915 2640 1006 2717 1696,

177 2755 336 2818 habitum
353 2756 485 2818 ordinis
502 2757 725 2820 Benedictini
742 2757 856 2822 induit
870 2757 906 2820 in
922 2759 1007 2821 vici-

178 2896 223 2939 no
240 2877 454 2940 monasterio
471 2899 497 2940 s.
515 2878 694 2942 Lamberti
713 2900 762 2941 11.
777 2879 856 2944 061.
874 2900 951 2959 1717
971 2891 1007 2945 et

177 2998 308 3060 ibidem
321 3007 406 3060 vota
418 3000 602 3062 sollemnia
615 3001 731 3064 emisit
745 3021 794 3080 27.
808 3001 894 3065 Dec.
915 3007 1005 3081 1718.

177 3120 363 3183 Absolutis
388 3121 424 3185 in
448 3123 526 3203 ipso
551 3124 765 3186 monasterio
789 3143 853 3186 suo
877 3124 1005 3188 studiis

178 3243 388 3326 theologicis
415 3244 589 3324 primitias
617 3245 812 3308 celebravit
844 3250 891 3309 15.
917 3247 1005 3328 Apr.

183 3383 272 3442 17²¹·
290 3364 428 3427 Exinde
445 3365 608 3446 repetitis
620 3366 769 3448 vicibus,
783 3368 867 3449 quia
879 3370 1007 3451 plenus

179 3496 255 3549 erat
271 3486 397 3569 spiritu
413 3487 594 3569 religionis
611 3497 648 3551 et
663 3489 872 3570 disciplinae
888 3510 1007 3553 mona-

178 3609 299 3689 sticae,
321 3607 463 3671 functus
486 3617 541 3672 est
561 3630 704 3673 munere
727 3611 887 3694 magistri
908 3613 1006 3675 novi-

179 3729 316 3810 tiorum,
346 3729 489 3812 insuper
517 3731 624 3793 etiam
647 3733 852 3815 subprioriS,
879 3734 1006 3815 prioris

179 3851 385 3933 (1746-43),
399 3852 480 3914 dein
493 3853 789 3917 administratoris
801 3855 836 3918 in
847 3855 1005 3937 Veitsch,

179 3975 291 4036 donec
313 3974 479 4054 repositis
500 3975 593 4037 curis
610 3977 850 4039 saecularibus
867 3977 1006 4040 obiitin

178 4094 385 4157 Maria-Hof
399 4100 427 4159 8.
444 4097 549 4159 Mart.
572 4101 662 4175 1756.

265 4238 304 4299 111
317 4236 533 4299 bibliotheca
542 4237 769 4301 Lambertina
782 4239 883 4321 plura
895 4239 1006 4321 ipsius

179 4369 322 4424 exstant
344 4360 586 4440 manuscripta
606 4360 777 4440 ascetica,
802 4361 894 4423 inter
915 4381 1006 4442 quae

178 4485 213 4547 in
234 4482 356 4566 primis
378 4482 550 4544 nominari
566 4493 733 4546 meretur:
760 4482 1006 4567 „Decendialis

179 4604 389 4667 exercitatio
415 4624 478 4686 pro
502 4603 825 4687 neo-profitendis.“
851 4618 893 4688 4⁰,
911 4610 1005 4689 quod

179 4726 237 4788 diu
254 4727 369 4788 adhuc
387 4737 468 4806 post
482 4726 593 4807 ipsius
606 4737 753 4788 mortem
771 4728 818 4790 ad
830 4727 1005 4791 instruen-

179 4850 243 4911 dos
259 4847 412 4910 novitios
429 4847 627 4909 adhibitum
644 4858 707 4911 est.

264 4999 408 5073 Moser
443 5011 652 5074 Antonius
689 5011 1005 5092 (Michaelbura

179 5150 265 5209 nus,
283 5126 654 5213 Salisburgensis).
679 5129 792 5193 Natus
810 5128 1005 5212 Gastunae,

184 5271 230 5328 17.
247 5251 351 5314 Febr.
373 5271 463 5331 1711,
485 5250 635 5333 profess
655 5272 704 5330 29.
722 5250 821 5334 Sept.
843 5258 933 5333 1733,
951 5273 1006 5315 sa·

179 5373 304 5436 cerdos
325 5377 415 5452 1737.
439 5373 633 5455 Postquam
648 5374 684 5436 in
697 5373 883 5457 gymnasio
897 5372 1006 5437 Salis·

1080 611 1252 694 burgensi
1278 612 1324 673 ab
1352 630 1444 674 anno
1471 629 1551 690 1740
1576 629 1689 692 usque
1712 612 1758 673 ad
1781 630 1918 674 annum

1086 738 1162 813 1751
1175 732 1396 816 pedetentim
1406 731 1442 795 in
1450 732 1614 795 omnibus
1624 731 1799 794 classibus
1807 731 1915 794 huius

1082 855 1223 919 scholae
1239 874 1367 918 munus
1382 852 1595 936 professoris
1612 861 1647 915 et
1660 851 1837 934 praefecti
1851 853 1917 916 ad·

1081 977 1353 1058 ministraverat,
1371 975 1530 1057 suscepit
1541 994 1634 1038 anno
1651 978 1728 1055 1751
1748 974 1783 1037 111
1798 974 1916 1038 archi·

1082 1100 1277 1183 episcopali
1303 1098 1539 1162 Benedictina
1568 1095 1801 1160 universitate
1832 1114 1915 1178 pro-

1082 1221 1257 1284 fessuram
1273 1219 1519 1302 philosophiae
1540 1217 1720 1301 practicae
1744 1227 1781 1281 et
1799 1216 1913 1281 histo·

1082 1342 1154 1406 riae
1177 1341 1396 1405 universalis.
1421 1342 1527 1404 Anno
1548 1344 1627 1420 1756
1644 1339 1833 1404 adscendit
1854 1358 1912 1402 ca·

1082 1465 1243 1527 thedrarn
1257 1483 1282 1526 s.
1293 1463 1505 1546 theologiae,
1518 1472 1555 1526 et
1563 1461 1684 1525 docuit
1693 1461 1912 1545 theologiam

1082 1589 1260 1668 moralem,
1277 1588 1453 1678 usquead
1468 1605 1598 1649 annum
1620 1589 1710 1664 1764.
1733 1583 1842 1647 Α11116
1859 1602 1913 1646 se·

1083 1718 1215 1791 quente
1240 1709 1349 1791 (1765)
1379 1712 1425 1772 16.
1449 1708 1539 1771 Nov.
1567 1709 1680 1769 abbas
1707 1704 1913 1769 monasterii

1083 1830 1146 1912 sui,
1169 1829 1390 1893 consiliarius
1411 1828 1674 1892 ecclesiasticus
1690 1826 1912 1891 reverendis·

1083 1952 1161 2015 simi
1185 1952 1443 2035 archiepiscopi
1465 1962 1549 2014 ets.
1571 1972 1596 2014 1.
1618 1952 1638 2013 1.
1661 1951 1834 2033 principis
1851 1948 1913 2014 Sa·

1084 2075 1318 2158 lisburgensis
1335 2085 1370 2137 et
1382 2094 1529 2156 praeses
1542 2075 1655 2136 almae
1671 2071 1914 2136 universitatis

1085 2198 1221 2260 electus
1242 2208 1306 2278 est,
1328 2206 1364 2259 et
1385 2220 1414 2275 4.
1432 2198 1489 2259 die
1506 2196 1635 2269 Martii,
1661 2199 1739 2276 1783
1762 2195 1914 2258 animam

1087 2319 1166 2382 Deo
1182 2319 1322 2381 redidit.

1175 2441 1279 2504 Prelo
1296 2441 1444 2504 tradidit
1459 2440 1700 2521 manuscripta
1712 2439 1914 2522 sequentia:

1173 2568 1195 2623 l.
1218 2566 1453 2623 Schematismus
1469 2566 1619 2623 doctionis
1635 2569 1664 2623 in
1681 2566 1825 2625 cathedra
1840 2567 1915 2623 ethi·

1088 2690 1139 2728 ces
1156 2686 1185 2728 et
1201 2672 1393 2728 historiarum
1406 2690 1461 2748 pro
1479 2689 1557 2727 anno
1574 2671 1757 2729 scholastico
1774 2684 1916 2728 currente

1087 2779 1116 2831 in
1132 2777 1382 2853 archiepiscopali
1400 2777 1593 2834 Benedictina
1609 2779 1803 2833 universitate
1820 2775 1914 2833 Salis·

1086 2879 1184 2955 burgi.
1202 2887 1244 2954 4⁰.

1174 2985 1210 3041 11.
1227 2985 1470 3060 Prolegomenon
1486 2986 1640 3053 historiae,
1662 3003 1716 3042 seu
1732 2985 1915 3043 introductio

1087 3092 1115 3146 in
1132 3089 1286 3146 historiam
1303 3093 1482 3147 universam.
1500 3088 1679 3166 Salisburgi.
1700 3088 1790 3164 1756.
1808 3097 1854 3164 4⁰.

1172 3194 1224 3250 111.
1253 3195 1353 3251 Homo
1379 3193 1501 3262 beatus,
1526 3195 1698 3252 dissertatio
1726 3194 1915 3270 theologico·

1086 3299 1217 3355 moralis.
1236 3297 1414 3374 Salisburgi,
1437 3298 1527 3372 1760.
1545 3306 1587 3371 4⁰.

1173 3444 1284 3518 Mdsl
1300 3456 1456 3520 Vitalis
1474 3459 1506 3541 (a
1524 3477 1549 3520 s.
1563 3457 1688 3519 Petro
1706 3454 1914 3520 Salisbur-

1086 3572 1154 3655 gi),
1179 3583 1283 3636 natus
1304 3572 1503 3658 Salisburgi
1530 3597 1575 3654 19.
1592 3574 1681 3638 Nov.
1703 3579 1794 3656 1735,
1818 3577 1916 3639 novi-

1087 3694 1156 3756 tius
1180 3714 1207 3774 7.
1225 3695 1324 3778 Sept.
1347 3702 1437 3779 1753,
1461 3699 1653 3761 monachus
1678 3697 1864 3778 professus
1886 3703 1922 3765 8..

1086 3815 1186 3899 Sept.
1201 3824 1290 3900 1754,
1300 3831 1486 3902 neomysta
1499 3842 1546 3882 12.
1556 3819 1645 3883 Nov.
1661 3824 1749 3902 1758,
1763 3840 1915 3903 sequen-

1086 3939 1181 4002 tibus
1197 3942 1298 4003 annis
1320 3943 1355 4005 in
1376 3942 1469 4005 univ.
1487 3942 1615 4006 Salisb.
1632 3943 1848 4024 rudimenta,
1872 3962 1914 4006 ac

1086 4063 1352 4146 grammaticam
1366 4075 1401 4127 et
1415 4068 1495 4144 1764
1507 4065 1768 4148 philosophiam
1782 4065 1912 4146 docuit,

1087 4204 1191 4265 quam
1210 4186 1351 4249 biennio
1367 4187 1530 4250 absolvit.
1551 4188 1612 4249 Ab
1625 4206 1717 4249 anno
1734 4191 1813 4266 1767
1832 4206 1914 4250 6611-

1087 4307 1245 4370 cionator
1274 4309 1447 4372 ecclesiae
1479 4309 1704 4371 academicae
1735 4309 1915 4390 expetitus

1085 4430 1176 4492 hanc
1193 4432 1397 4495 cathedram
1410 4442 1492 4513 post
1503 4432 1681 4495 biennium
1693 4441 1840 4513 propter
1852 4432 1913 4493 vo·

1086 4552 1136 4614 cis
1163 4552 1401 4617 infirmitatem
1429 4555 1579 4636 reliquit.
1614 4554 1790 4635 Reliquos
1816 4554 1913 4617 vitae

1085 4695 1170 4737 suae
1182 4696 1298 4739 ,annos
1315 4678 1465 4759 primum
1482 4678 1517 4739 in
1535 4678 1623 4740 colle
1640 4675 1914 4739 Mariano-Plai·

1085 4799 1195 4879 nansi,
1212 4800 1293 4862 dein
1310 4800 1345 4862 in
1363 4800 1575 4864 monasterio
1591 4801 1669 4863 Deo
1686 4810 1722 4862 61
1737 4798 1910 4881 proximis

1084 4922 1266 4983 laboribus
1294 4923 1366 4985 suis
1392 4922 1572 4985 litterariis
1596 4922 1696 4985 vixit.
1728 4918 1829 4984 Obiit
1854 4919 1911 4982 bis

1084 5043 1260 5106 iubilaeus
1278 5066 1305 5107 2.
1323 5046 1409 5108 Dec.
1431 5049 1521 5125 1809.

1190 5170 1211 5226 1.
1237 5170 1456 5227 Academische
1483 5169 1654 5244 Preissrage
1683 5169 1759 5227 iiber
1785 5170 1834 5228 die
1858 5170 1913 5228 Ur·

1085 5274 1176 5330 sache
1192 5274 1363 5350 periodisch
1380 5275 1556 5331 ssiessender
1569 5274 1697 5344 Quellen
1710 5274 1770 5331 und
1781 5274 1829 5332 die
1838 5276 1913 5333 Ver·

1085 5376 1254 5453 besserung
1266 5382 1420 5454 moosiger
1432 5379 1565 5436 616666.
1583 5376 1611 5458 (1.
1626 5398 1652 5436 6.
1666 5380 1712 5435 De
1725 5382 1913 5455 perennitate
