4178 6196
971 501 1014 510 -
1059 462 1164 525 LXII
1207 499 1250 508 -

239 691 340 772 stein,
358 690 582 772 Eszterhazy,
598 690 627 752 F
630 709 753 772 ugger,
770 688 936 769 Firmian,
952 688 1206 769 Fiinfkirchen,
1224 688 1478 772 Fiirstenberg,
1493 687 1626 771 Gallas,
1642 688 1776 771 Hager,
1789 688 1976 770 Hardegg,

239 831 411 911 Harrach,
434 829 678 911 Herberstein,
708 830 928 909 Hohenlohe,
953 829 1230 910 Khevenhiiller,
1256 828 1531 911 Liechtenstein,
1564 828 1717 909 Lodron,
1750 826 1977 891 Schwarzen-

238 972 339 1052 berg,
364 969 524 1051 Stadion,
549 967 814 1052 Starhemberg,
839 969 959 1050 Taxis,
983 969 1097 1050 Thun,
1122 966 1453 1050 Trauttmansdorff,
1479 966 1779 1051 Windischgr‘aitz,
1803 966 1976 1031 Wolken·

240 1109 331 1173 stein
357 1119 423 1173 etc.
443 1110 474 1190 ¹).

369 1248 457 1313 Cum
481 1249 713 1313 universitate
737 1259 813 1312 arte
838 1249 1063 1313 coniunctum
1087 1262 1165 1313 erat
1188 1250 1413 1333 gymnasium
1437 1268 1503 1312 sex
1527 1248 1707 1330 classium,
1741 1248 1841 1312 cuius
1873 1266 1977 1329 prae-

238 1390 354 1454 fectus
388 1389 562 1452 rationem
597 1390 772 1452 reddebat
805 1389 934 1452 rectori
964 1389 1217 1452 universitatis.
1263 1388 1467 1453 Studiorum
1499 1389 1590 1451 ratio
1625 1387 1750 1471 paucis
1781 1387 1975 1450 immutatis

240 1531 364 1592 eadem
390 1537 476 1609 erat,
509 1536 600 1608 quae
629 1548 737 1610 supra
769 1528 865 1591 dicta
893 1538 961 1609 est,
994 1539 1101 1610 atque
1132 1528 1293 1611 plurimis
1323 1528 1617 1591 monasteriorum
1649 1526 1779 1590 scholis
1811 1527 1976 1608 exemplo

239 1669 315 1733 fuit.
347 1668 481 1751 Magno
506 1677 583 1730 erat
606 1667 835 1731 incitamento
859 1670 904 1730 ad
929 1668 1125 1730 litterarum
1147 1668 1265 1731 studia
1281 1668 1316 1730 in
1333 1667 1613 1730 adolescentium
1630 1667 1757 1730 animis
1774 1666 1976 1746 excitanda,

241 1809 336 1890 quod
368 1806 447 1870 finis
480 1806 563 1869 anni
594 1807 797 1870 scholastici
829 1826 959 1888 magno
991 1826 1069 1869 cum
1096 1816 1273 1888 apparatu
1304 1807 1560 1869 celebrabatur.
1607 1806 1667 1868 Ab
1700 1825 1742 1869 eo
1773 1805 1864 1868 enim
1897 1805 1976 1886 ipso

238 1957 409 2028 tempore,
434 1966 504 2028 quo
528 1946 722 2009 constituta
746 1955 801 2009 est
824 1945 1047 2027 universitas
1072 1957 1111 2010 ut
1133 1947 1169 2009 in
1185 1946 1396 2009 Iesuitarum
1421 1946 1561 2027 scholiS,
1586 1945 1743 2008 comicus
1766 1945 1975 2027 eligebatur,

239 2088 299 2170 qui
324 2087 513 2169 quotannis
541 2086 697 2148 fabulam
729 2085 905 2148 scenicam
935 2096 1164 2167 componeret
1187 2087 1244 2148 vel
1269 2107 1290 2149 a
1313 2086 1489 2168 discipulo
1514 2085 1746 2167 compositam
1770 2085 1977 2146 emendaret

239 2235 275 2288 et
298 2226 492 2308 corrigeret
516 2245 665 2306 eamque
689 2227 866 2307 agendam
890 2236 1040 2289 curaret.
1072 2226 1266 2288 Theatrum
1281 2227 1375 2289 omni
1399 2235 1576 2308 apparatu
1600 2225 1741 2288 scenico
1764 2224 1976 2287 instructum

239 2375 347 2446 atque
371 2375 577 2447 sumptuose
602 2375 762 2427 ornatum
786 2366 920 2447 duplex
944 2377 1029 2446 erat,
1054 2366 1168 2428 minus
1193 2368 1238 2428 ad
1263 2367 1553 2448 praeludendum,
1577 2363 1690 2427 maius
1713 2366 1757 2425 ad
1783 2366 1972 2446 agendum.

239 2504 313 2585 Ipsi
338 2504 543 2585 spectaculo
568 2506 707 2567 edendo
731 2505 925 2568 intererant
948 2504 1249 2588 archiepiscopus,
1275 2507 1440 2587 abbateS,
1474 2506 1534 2587 qui
1562 2504 1654 2567 forte
1687 2488 1836 2565 ader'ant
1867 2501 1975 2566 Salis-

238 2643 353 2725 burgi,
378 2643 620 2725 magistratus
645 2655 765 2707 cetera
788 2644 943 2725 undique
967 2644 1251 2706 concurrentium
1275 2645 1463 2707 multitudo
1479 2647 1512 2724 2).

325 2797 330 2805 ·
369 2783 409 2845 In
433 2782 581 2846 Austria
604 2784 786 2864 superiore
811 2783 946 2864 optima
973 2784 1081 2866 longe
1105 2785 1248 2865 lateque
1276 2784 1371 2847 fama
1405 2795 1482 2846 erat
1515 2784 1657 2846 scholae
1688 2781 1974 2863 Cremifanensis,

240 2941 341 3003 quae,
366 2942 445 2984 cum
470 2922 645 2985 Bonifacii
668 2922 805 3006 Negele
827 2923 969 2985 abbatis
993 2923 1129 2986 incuria
1150 2924 1366 3006 aliquamdiu
1390 2923 1570 3003 iacuisset,
1602 2921 1789 3005 pristinum
1812 2921 1974 3003 vigorem

239 3063 410 3125 adsecuta
435 3073 488 3124 est
512 3081 577 3142 per
600 3061 785 3124 Placidum
808 3063 975 3125 abbatem
1000 3063 1240 3144 (1644-1069)
1255 3065 1290 3144 ἃ).
1335 3064 1370 3125 Is
1393 3062 1638 3146 professorum
1665 3080 1849 3124 numerum
1874 3060 1974 3122 auxit

239 3210 347 3282 atque
371 3200 564 3281 constituit,
588 3209 627 3262 ut
643 3199 792 3262 Latinae
809 3199 951 3263 fabulae
975 3201 1138 3264 scenicae
1163 3203 1353 3264 ederentur
1376 3212 1412 3263 et
1437 3201 1611 3284 discipuli,
1637 3201 1697 3282 qui
1720 3200 1812 3263 inter
1835 3208 1974 3261 ceteros

240 3339 452 3418 eminerent,
484 3338 583 3401 libris
616 3339 840 3402 donarentur.
887 3338 938 3403 Ut
961 3339 1077 3422 pietas
1101 3339 1136 3402 in
1165 3339 1349 3421 discipulis
1378 3358 1586 3422 morumque
1619 3339 1807 3422 integritas
1839 3339 1973 3401 excita-

239 3489 369 3559 rentur,
394 3499 485 3561 quae
508 3478 663 3541 maxima
687 3499 771 3541 cura
794 3488 880 3562 erat,
909 3484 987 3543 1665
1014 3480 1328 3563 congregationem
1354 3480 1511 3562 ,Mariae
1535 3481 1580 3542 de
1604 3478 1784 3542 Victoria“
1808 3478 1970 3540 instituit.

238 3619 314 3682 Nec
338 3620 461 3699 minus,
486 3618 546 3699 qui
570 3618 602 3681 ei
618 3627 877 3700 successerunt,
901 3639 1040 3682 omnem
1057 3639 1177 3682 curam
1193 3619 1485 3702 diligentiamque
1502 3619 1537 3681 in
1556 3618 1712 3682 scholam
1730 3618 1971 3687 contulerunt3

239 3760 274 3821 in
298 3759 425 3840 quibus
449 3758 642 3841 praecipuo
667 3757 784 3821 studio
812 3759 991 3822 eminebat
1018 3762 1131 3821 abbas
1155 3759 1363 3821 Alexander
1391 3760 1648 3841 (1731-1749),
1680 3757 1734 3819 vir
1766 3757 1800 3819 in
1824 3756 1972 3818 Austria

240 3901 284 3961 de
309 3901 414 3960 rebus
440 3898 662 3961 scholasticis
686 3900 819 3980 optime
842 3899 1005 3979 merituS,
1037 3897 1098 3980 qui
1128 3898 1315 3982 gymnasio
1347 3898 1485 3961 addidit
1517 3917 1655 3960 cursum
1688 3895 1972 3978 philosophicum

240 4059 319 4102 cum
342 4037 645 4120 disputationibus
668 4038 934 4120 philosophicis.
980 4037 1119 4101 Eximia
1150 4048 1269 4101 tamen
1300 4038 1406 4100 laude
1429 4037 1530 4119 viget
1559 4032 1634 4100 eius
1658 4036 1844 4116 memoria,
1877 4035 1971 4115 quod

239 4177 456 4241 academiam
482 4177 641 4239 condidit
664 4196 852 4258 puerorum
876 4177 1045 4240 nobilium
1070 4180 1197 4259 (1743),
1229 4178 1358 4258 inqua
1386 4176 1486 4240 initio
1517 4178 1658 4258 quidem
1692 4177 1834 4239 scholae
1864 4177 1975 4236 habe·

238 4320 368 4379 bantur
391 4318 435 4378 de
459 4316 534 4378 iure
551 4316 722 4378 canonico
739 4327 847 4397 atque
864 4317 908 4378 de
925 4317 1217 4397 institutionibus,
1243 4328 1371 4398 postea
1386 4335 1474 4378 vero
1493 4327 1597 4378 aucto
1613 4316 1812 4378 scholarum
1828 4333 1974 4377 numero

238 4454 397 4538 inprimis
420 4454 686 4536 mathematica,
710 4455 874 4538 physica,
899 4455 1136 4519 astronomica
1165 4456 1373 4518 colebantur
1405 4467 1513 4536 atque
1544 4453 1650 4516 etiam
1683 4455 1830 4537 specula
1861 4466 1973 4516 astro-

239 4595 378 4659 nomica
401 4594 666 4658 aedificabatur.
713 4595 819 4657 Anno
848 4599 926 4674 1745
958 4596 1100 4657 scholae
1131 4594 1253 4657 haberi
1282 4605 1432 4677 coeptae
1464 4603 1546 4656 sunt
1570 4595 1614 4655 de
1638 4612 1774 4655 morum
1799 4593 1968 4674 doctrina,

240 4738 285 4797 de
309 4735 526 4817 dogmatica,
552 4737 595 4798 de
618 4733 766 4797 historia
789 4752 890 4795 sacra
913 4744 1020 4815 atque
1044 4734 1209 4816 profana,
1242 4735 1287 4796 de
1317 4732 1517 4815 patristica,
1551 4735 1595 4795 de
1627 4733 1750 4815 lingua
1781 4733 1971 4815 Hebraica,

371 4983 391 5064 ¹)
422 4986 559 5042 Historia
592 4984 794 5039 universitatis
824 4980 1083 5055 Salisburgensis3
1116 4984 1215 5057 llayr‚
1248 4983 1413 5056 ehemalige
1448 4983 1630 5039 Universinit
1663 4980 1825 5057 Salzburg;
1859 4983 1971 5038 Prenn·

239 5101 353 5156 steiner
376 5119 404 5155 u.
429 5099 464 5156 A.

367 5209 390 5287 ²)
413 5212 627 5267 Prennsteiner
650 5210 667 5266 l.
693 5229 719 5267 c.

367 5321 390 5401 ³)
417 5321 576 5394 „Scholam
593 5325 752 5398 superiore
768 5322 889 5378 saeculo
911 5320 949 5377 ab
969 5320 1080 5378 abbate
1096 5319 1250 5396 Gregorio
1267 5323 1425 5379 Lechnero
1448 5322 1648 5379 instituendae
1669 5324 1812 5378 iuventuti
1835 5337 1970 5398 apertam

238 5439 446 5502 instauravit“,
470 5436 542 5492 dicit
565 5434 764 5510 Ziegelbauer
787 5436 805 5491 l.
830 5455 855 5492 c.
