<?xml version="1.0" encoding="UTF-8"?>
<!DOCTYPE html PUBLIC "-//W3C//DTD XHTML 1.0 Transitional//EN"
    "http://www.w3.org/TR/xhtml1/DTD/xhtml1-transitional.dtd">
<html xmlns="http://www.w3.org/1999/xhtml" xml:lang="en" lang="en">
 <head>
  <title>
</title>
<meta http-equiv="Content-Type" content="text/html;charset=utf-8" />
  <meta name='ocr-system' content='tesseract 3.04.00' />
  <meta name='ocr-capabilities' content='ocr_page ocr_carea ocr_par ocr_line ocrx_word'/>
</head>
<body>
  <div class='ocr_page' id='page_1' title='image "./scriptoresordin00austgoog_0358.png"; bbox 0 0 4178 6196; ppageno 0'>
   <div class='ocr_carea' id='block_1_1' title="bbox 907 440 1188 537">
    <p class='ocr_par' dir='ltr' id='par_1_1' title="bbox 907 440 1188 537">
     <span class='ocr_line' id='line_1_1' title="bbox 907 440 1188 537; baseline 0 -39"><span class='ocrx_word' id='word_1_1' title='bbox 907 489 954 498; x_wconf 84' lang='grc'>..</span> <span class='ocrx_word' id='word_1_2' title='bbox 1012 440 1104 537; x_wconf 77' lang='lat'>229&#39;</span> <span class='ocrx_word' id='word_1_3' title='bbox 1141 488 1188 498; x_wconf 89' lang='grc'>.-</span> 
     </span>
    </p>
   </div>
   <div class='ocr_carea' id='block_1_2' title="bbox 174 649 1006 1225">
    <p class='ocr_par' dir='ltr' id='par_1_2' title="bbox 174 649 1006 1225">
     <span class='ocr_line' id='line_1_2' title="bbox 175 649 1006 734; baseline 0 -19"><span class='ocrx_word' id='word_1_4' title='bbox 175 653 287 716; x_wconf 91' lang='lat' dir='ltr'>otium</span> <span class='ocrx_word' id='word_1_5' title='bbox 303 663 440 734; x_wconf 87' lang='lat' dir='ltr'>nactus,</span> <span class='ocrx_word' id='word_1_6' title='bbox 457 651 642 733; x_wconf 86' lang='lat' dir='ltr'>scriptioni</span> <span class='ocrx_word' id='word_1_7' title='bbox 659 652 812 716; x_wconf 89' lang='lat' dir='ltr'>vacavit.</span> <span class='ocrx_word' id='word_1_8' title='bbox 835 649 892 716; x_wconf 93' lang='lat' dir='ltr'>Ob</span> <span class='ocrx_word' id='word_1_9' title='bbox 909 662 1006 715; x_wconf 87' lang='lat' dir='ltr'>acta·</span> 
     </span>
     <span class='ocr_line' id='line_1_3' title="bbox 175 773 1005 858; baseline -0.002 -20"><span class='ocrx_word' id='word_1_10' title='bbox 175 787 246 838; x_wconf 91' lang='lat' dir='ltr'>tem</span> <span class='ocrx_word' id='word_1_11' title='bbox 268 774 578 858; x_wconf 88' lang='lat' dir='ltr'>ingravescentem</span> <span class='ocrx_word' id='word_1_12' title='bbox 600 790 675 838; x_wconf 76' lang='lat' dir='ltr'>non</span> <span class='ocrx_word' id='word_1_13' title='bbox 694 794 802 837; x_wconf 91' lang='lat' dir='ltr'>ausus</span> <span class='ocrx_word' id='word_1_14' title='bbox 826 783 881 836; x_wconf 88' lang='lat' dir='ltr'>cst</span> <span class='ocrx_word' id='word_1_15' title='bbox 904 773 1005 856; x_wconf 91' lang='lat' dir='ltr'>sequi</span> 
     </span>
     <span class='ocr_line' id='line_1_4' title="bbox 174 896 1006 975; baseline -0.002 -16"><span class='ocrx_word' id='word_1_16' title='bbox 174 899 344 960; x_wconf 86' lang='lat' dir='ltr'>abbatem</span> <span class='ocrx_word' id='word_1_17' title='bbox 371 897 604 960; x_wconf 91' lang='lat' dir='ltr'>Bertholdum</span> <span class='ocrx_word' id='word_1_18' title='bbox 637 916 730 959; x_wconf 91' lang='lat' dir='ltr'>anno</span> <span class='ocrx_word' id='word_1_19' title='bbox 762 901 839 975; x_wconf 88' lang='lat'>1807</span> <span class='ocrx_word' id='word_1_20' title='bbox 869 896 905 958; x_wconf 91' lang='lat' dir='ltr'>in</span> <span class='ocrx_word' id='word_1_21' title='bbox 932 896 1006 958; x_wconf 94' lang='lat' dir='ltr'>Au-</span> 
     </span>
     <span class='ocr_line' id='line_1_5' title="bbox 174 1017 1006 1101; baseline -0.005 -19"><span class='ocrx_word' id='word_1_22' title='bbox 174 1019 298 1082; x_wconf 88' lang='lat' dir='ltr'>striam</span> <span class='ocrx_word' id='word_1_23' title='bbox 311 1019 554 1101; x_wconf 85' lang='lat' dir='ltr'>emigrantem,</span> <span class='ocrx_word' id='word_1_24' title='bbox 571 1019 606 1081; x_wconf 93' lang='lat' dir='ltr'>in</span> <span class='ocrx_word' id='word_1_25' title='bbox 619 1018 737 1099; x_wconf 92' lang='lat' dir='ltr'>patria</span> <span class='ocrx_word' id='word_1_26' title='bbox 748 1036 935 1080; x_wconf 81' lang='lat' dir='ltr'>remanens</span> <span class='ocrx_word' id='word_1_27' title='bbox 949 1017 1006 1079; x_wconf 91' lang='lat' dir='ltr'>die</span> 
     </span>
     <span class='ocr_line' id='line_1_6' title="bbox 178 1138 910 1225; baseline -0.004 -21"><span class='ocrx_word' id='word_1_28' title='bbox 178 1146 226 1205; x_wconf 85' lang='lat'>16.</span> <span class='ocrx_word' id='word_1_29' title='bbox 243 1142 339 1225; x_wconf 86' lang='lat' dir='ltr'>Aug.</span> <span class='ocrx_word' id='word_1_30' title='bbox 361 1145 439 1204; x_wconf 90' lang='lat'>1812</span> <span class='ocrx_word' id='word_1_31' title='bbox 458 1140 517 1223; x_wconf 90' lang='lat' dir='ltr'>pie</span> <span class='ocrx_word' id='word_1_32' title='bbox 533 1140 622 1204; x_wconf 91' lang='lat' dir='ltr'>obiit</span> <span class='ocrx_word' id='word_1_33' title='bbox 637 1138 910 1223; x_wconf 82' lang='lat' dir='ltr'>nonagenarius.</span> 
     </span>
    </p>
   </div>
   <div class='ocr_carea' id='block_1_3' title="bbox 175 1279 1006 1487">
    <p class='ocr_par' dir='ltr' id='par_1_3' title="bbox 175 1279 1006 1487">
     <span class='ocr_line' id='line_1_7' title="bbox 262 1279 1006 1365; baseline -0.005 -19"><span class='ocrx_word' id='word_1_34' title='bbox 262 1281 467 1365; x_wconf 88' lang='lat' dir='ltr'>Sequuntur</span> <span class='ocrx_word' id='word_1_35' title='bbox 503 1282 579 1344; x_wconf 91' lang='lat' dir='ltr'>eius</span> <span class='ocrx_word' id='word_1_36' title='bbox 614 1301 724 1362; x_wconf 90' lang='lat' dir='ltr'>opera</span> <span class='ocrx_word' id='word_1_37' title='bbox 754 1279 1006 1361; x_wconf 90' lang='lat' dir='ltr'>manuscripta,</span> 
     </span>
     <span class='ocr_line' id='line_1_8' title="bbox 175 1402 1006 1487; baseline -0.001 -21"><span class='ocrx_word' id='word_1_38' title='bbox 175 1424 267 1487; x_wconf 89' lang='lat' dir='ltr'>quae</span> <span class='ocrx_word' id='word_1_39' title='bbox 284 1404 319 1466; x_wconf 92' lang='lat' dir='ltr'>in</span> <span class='ocrx_word' id='word_1_40' title='bbox 332 1404 476 1467; x_wconf 90' lang='lat' dir='ltr'>archivo</span> <span class='ocrx_word' id='word_1_41' title='bbox 489 1402 739 1467; x_wconf 88' lang='lat' dir='ltr'>San-Paulano</span> <span class='ocrx_word' id='word_1_42' title='bbox 752 1405 1006 1466; x_wconf 86' lang='lat' dir='ltr'>adservantur:</span> 
     </span>
    </p>
   </div>
   <div class='ocr_carea' id='block_1_4' title="bbox 120 1543 1008 2776">
    <p class='ocr_par' dir='ltr' id='par_1_4' title="bbox 174 1543 1007 1732">
     <span class='ocr_line' id='line_1_9' title="bbox 261 1543 1007 1626; baseline -0.003 -22"><span class='ocrx_word' id='word_1_43' title='bbox 261 1549 283 1606; x_wconf 93' lang='lat' dir='ltr'>I.</span> <span class='ocrx_word' id='word_1_44' title='bbox 302 1549 487 1606; x_wconf 86' lang='lat' dir='ltr'>Geschichte</span> <span class='ocrx_word' id='word_1_45' title='bbox 502 1568 563 1606; x_wconf 93' lang='lat' dir='ltr'>von</span> <span class='ocrx_word' id='word_1_46' title='bbox 579 1547 624 1606; x_wconf 88' lang='lat' dir='ltr'>St.</span> <span class='ocrx_word' id='word_1_47' title='bbox 638 1549 767 1605; x_wconf 87' lang='lat' dir='ltr'>Blasien.</span> <span class='ocrx_word' id='word_1_48' title='bbox 784 1543 813 1626; x_wconf 85' lang='lat' dir='ltr'>(i.</span> <span class='ocrx_word' id='word_1_49' title='bbox 828 1567 854 1604; x_wconf 90' lang='lat' dir='ltr'>e.</span> <span class='ocrx_word' id='word_1_50' title='bbox 872 1548 1007 1603; x_wconf 89' lang='lat' dir='ltr'>Historia</span> 
     </span>
     <span class='ocr_line' id='line_1_10' title="bbox 174 1651 1006 1732; baseline -0.004 -22"><span class='ocrx_word' id='word_1_51' title='bbox 174 1651 413 1732; x_wconf 86' lang='lat' dir='ltr'>San-Blasiana.)</span> <span class='ocrx_word' id='word_1_52' title='bbox 429 1660 472 1726; x_wconf 86' lang='lat'>4⁰.</span> <span class='ocrx_word' id='word_1_53' title='bbox 490 1666 570 1710; x_wconf 85' lang='lat' dir='ltr'>cont.</span> <span class='ocrx_word' id='word_1_54' title='bbox 587 1671 658 1728; x_wconf 88' lang='lat' dir='ltr'>pag.</span> <span class='ocrx_word' id='word_1_55' title='bbox 677 1666 749 1726; x_wconf 84' lang='lat'>215,</span> <span class='ocrx_word' id='word_1_56' title='bbox 766 1652 878 1708; x_wconf 89' lang='lat' dir='ltr'>Archiv</span> <span class='ocrx_word' id='word_1_57' title='bbox 887 1653 943 1708; x_wconf 93' lang='lat' dir='ltr'>No.</span> <span class='ocrx_word' id='word_1_58' title='bbox 954 1666 1006 1724; x_wconf 77' lang='lat'>34.</span> 
     </span>
    </p>

    <p class='ocr_par' dir='ltr' id='par_1_5' title="bbox 120 1755 1008 2672">
     <span class='ocr_line' id='line_1_11' title="bbox 262 1755 1008 1833; baseline -0.005 -19"><span class='ocrx_word' id='word_1_59' title='bbox 262 1759 299 1814; x_wconf 93' lang='lat' dir='ltr'>II.</span> <span class='ocrx_word' id='word_1_60' title='bbox 323 1758 418 1815; x_wconf 88' lang='lat' dir='ltr'>Gesta</span> <span class='ocrx_word' id='word_1_61' title='bbox 438 1755 580 1814; x_wconf 91' lang='lat' dir='ltr'>abbatum</span> <span class='ocrx_word' id='word_1_62' title='bbox 601 1758 771 1833; x_wconf 89' lang='lat' dir='ltr'>principum</span> <span class='ocrx_word' id='word_1_63' title='bbox 788 1757 961 1812; x_wconf 88' lang='lat' dir='ltr'>monasterii</span> <span class='ocrx_word' id='word_1_64' title='bbox 977 1769 1008 1811; x_wconf 90' lang='lat' dir='ltr'>et</span> 
     </span>
     <span class='ocr_line' id='line_1_12' title="bbox 120 1861 1007 1938; baseline -0.005 -18"><span class='ocrx_word' id='word_1_65' title='bbox 120 1917 121 1920; x_wconf 74' lang='grc'>,</span> <span class='ocrx_word' id='word_1_66' title='bbox 174 1865 423 1938; x_wconf 86' lang='lat' dir='ltr'>congregationis</span> <span class='ocrx_word' id='word_1_67' title='bbox 445 1863 504 1918; x_wconf 91' lang='lat' dir='ltr'>divi</span> <span class='ocrx_word' id='word_1_68' title='bbox 522 1861 619 1918; x_wconf 89' lang='lat' dir='ltr'>Blasii·</span> <span class='ocrx_word' id='word_1_69' title='bbox 634 1865 664 1918; x_wconf 92' lang='lat' dir='ltr'>in</span> <span class='ocrx_word' id='word_1_70' title='bbox 684 1864 770 1936; x_wconf 87' lang='lat' dir='ltr'>nigra</span> <span class='ocrx_word' id='word_1_71' title='bbox 787 1861 862 1917; x_wconf 89' lang='lat' dir='ltr'>silva</span> <span class='ocrx_word' id='word_1_72' title='bbox 879 1863 908 1917; x_wconf 92' lang='lat' dir='ltr'>in</span> <span class='ocrx_word' id='word_1_73' title='bbox 925 1880 1007 1918; x_wconf 91' lang='lat' dir='ltr'>com-</span> 
     </span>
     <span class='ocr_line' id='line_1_13' title="bbox 174 1964 1005 2044; baseline -0.006 -20"><span class='ocrx_word' id='word_1_74' title='bbox 174 1967 314 2044; x_wconf 87' lang='lat' dir='ltr'>pendium</span> <span class='ocrx_word' id='word_1_75' title='bbox 342 1967 465 2024; x_wconf 88' lang='lat' dir='ltr'>redacta</span> <span class='ocrx_word' id='word_1_76' title='bbox 495 1980 526 2024; x_wconf 88' lang='lat' dir='ltr'>et</span> <span class='ocrx_word' id='word_1_77' title='bbox 554 1964 820 2022; x_wconf 89' lang='lat' dir='ltr'>observationibus</span> <span class='ocrx_word' id='word_1_78' title='bbox 847 1965 1005 2030; x_wconf 82' lang='lat' dir='ltr'>illustrata,</span> 
     </span>
     <span class='ocr_line' id='line_1_14' title="bbox 173 2070 1007 2146; baseline -0.005 -18"><span class='ocrx_word' id='word_1_79' title='bbox 173 2091 254 2128; x_wconf 91' lang='lat' dir='ltr'>anno</span> <span class='ocrx_word' id='word_1_80' title='bbox 276 2071 365 2146; x_wconf 83' lang='lat'>1785.</span> <span class='ocrx_word' id='word_1_81' title='bbox 390 2072 486 2129; x_wconf 89' lang='lat' dir='ltr'>Unum</span> <span class='ocrx_word' id='word_1_82' title='bbox 503 2071 644 2128; x_wconf 90' lang='lat' dir='ltr'>volumen</span> <span class='ocrx_word' id='word_1_83' title='bbox 660 2073 688 2127; x_wconf 91' lang='grc'>111</span> <span class='ocrx_word' id='word_1_84' title='bbox 707 2070 790 2138; x_wconf 89' lang='grc'>10110,</span> <span class='ocrx_word' id='word_1_85' title='bbox 808 2071 940 2126; x_wconf 86' lang='lat' dir='ltr'>continet</span> <span class='ocrx_word' id='word_1_86' title='bbox 952 2088 1007 2145; x_wconf 87' lang='lat' dir='ltr'>pa-</span> 
     </span>
     <span class='ocr_line' id='line_1_15' title="bbox 173 2173 1006 2253; baseline -0.005 -20"><span class='ocrx_word' id='word_1_87' title='bbox 173 2176 343 2252; x_wconf 85' lang='lat' dir='ltr'>ginas398.</span> <span class='ocrx_word' id='word_1_88' title='bbox 360 2176 486 2233; x_wconf 88' lang='lat' dir='ltr'>Adncxa</span> <span class='ocrx_word' id='word_1_89' title='bbox 502 2189 548 2233; x_wconf 92' lang='lat' dir='ltr'>est</span> <span class='ocrx_word' id='word_1_90' title='bbox 560 2175 722 2253; x_wconf 85' lang='lat' dir='ltr'>appendix,</span> <span class='ocrx_word' id='word_1_91' title='bbox 740 2173 885 2231; x_wconf 90' lang='lat' dir='ltr'>exhibens</span> <span class='ocrx_word' id='word_1_92' title='bbox 904 2187 1006 2251; x_wconf 88' lang='lat' dir='ltr'>patres</span> 
     </span>
     <span class='ocr_line' id='line_1_16' title="bbox 174 2278 1006 2356; baseline -0.006 -17"><span class='ocrx_word' id='word_1_93' title='bbox 174 2281 419 2348; x_wconf 87' lang='lat' dir='ltr'>San-Blasianos‚</span> <span class='ocrx_word' id='word_1_94' title='bbox 442 2282 564 2356; x_wconf 88' lang='lat' dir='ltr'>pictate,</span> <span class='ocrx_word' id='word_1_95' title='bbox 586 2282 712 2337; x_wconf 88' lang='lat' dir='ltr'>scientia</span> <span class='ocrx_word' id='word_1_96' title='bbox 733 2293 763 2336; x_wconf 92' lang='lat' dir='ltr'>et</span> <span class='ocrx_word' id='word_1_97' title='bbox 783 2281 915 2355; x_wconf 91' lang='lat' dir='ltr'>scriptis,</span> <span class='ocrx_word' id='word_1_98' title='bbox 939 2278 1006 2335; x_wconf 85' lang='grc'>0111-</span> 
     </span>
     <span class='ocr_line' id='line_1_17' title="bbox 174 2383 1006 2462; baseline -0.004 -19"><span class='ocrx_word' id='word_1_99' title='bbox 174 2389 229 2443; x_wconf 92' lang='lat' dir='ltr'>ciis</span> <span class='ocrx_word' id='word_1_100' title='bbox 246 2400 275 2443; x_wconf 91' lang='lat' dir='ltr'>et</span> <span class='ocrx_word' id='word_1_101' title='bbox 291 2385 383 2443; x_wconf 91' lang='lat' dir='ltr'>rebus</span> <span class='ocrx_word' id='word_1_102' title='bbox 399 2384 477 2442; x_wconf 89' lang='lat' dir='ltr'>bene</span> <span class='ocrx_word' id='word_1_103' title='bbox 493 2388 588 2461; x_wconf 88' lang='lat' dir='ltr'>gestis</span> <span class='ocrx_word' id='word_1_104' title='bbox 604 2404 677 2462; x_wconf 89' lang='lat' dir='ltr'>prae</span> <span class='ocrx_word' id='word_1_105' title='bbox 691 2387 801 2443; x_wconf 88' lang='lat' dir='ltr'>ceteris</span> <span class='ocrx_word' id='word_1_106' title='bbox 813 2385 955 2442; x_wconf 88' lang='lat' dir='ltr'>inlustres</span> <span class='ocrx_word' id='word_1_107' title='bbox 968 2383 1006 2440; x_wconf 89' lang='lat' dir='ltr'>ab</span> 
     </span>
     <span class='ocr_line' id='line_1_18' title="bbox 174 2487 1006 2567; baseline -0.004 -20"><span class='ocrx_word' id='word_1_108' title='bbox 174 2510 252 2548; x_wconf 86' lang='lat' dir='ltr'>anno</span> <span class='ocrx_word' id='word_1_109' title='bbox 281 2488 357 2547; x_wconf 87' lang='lat'>1611</span> <span class='ocrx_word' id='word_1_110' title='bbox 374 2509 484 2567; x_wconf 62' lang='lat' dir='ltr'>,usque</span> <span class='ocrx_word' id='word_1_111' title='bbox 513 2505 611 2565; x_wconf 82' lang='lat'>1759,</span> <span class='ocrx_word' id='word_1_112' title='bbox 641 2509 718 2565; x_wconf 85' lang='lat' dir='ltr'>quae</span> <span class='ocrx_word' id='word_1_113' title='bbox 742 2490 892 2567; x_wconf 82' lang='lat' dir='ltr'>appendix</span> <span class='ocrx_word' id='word_1_114' title='bbox 916 2487 1006 2545; x_wconf 91' lang='lat' dir='ltr'>habet</span> 
     </span>
     <span class='ocr_line' id='line_1_19' title="bbox 173 2595 868 2672; baseline -0.003 -20"><span class='ocrx_word' id='word_1_115' title='bbox 173 2596 246 2652; x_wconf 86' lang='lat' dir='ltr'>lolia</span> <span class='ocrx_word' id='word_1_116' title='bbox 263 2612 313 2668; x_wconf 87' lang='lat'>29.</span> <span class='ocrx_word' id='word_1_117' title='bbox 329 2595 444 2651; x_wconf 81' lang='lat' dir='ltr'>Archiv</span> <span class='ocrx_word' id='word_1_118' title='bbox 459 2596 516 2652; x_wconf 91' lang='lat' dir='ltr'>No.</span> <span class='ocrx_word' id='word_1_119' title='bbox 534 2609 606 2667; x_wconf 81' lang='lat'><strong>2⁰3·</strong></span> <span class='ocrx_word' id='word_1_120' title='bbox 865 2664 868 2672; x_wconf 32' lang='grc' dir='ltr'>Ι</span> 
     </span>
    </p>

    <p class='ocr_par' dir='ltr' id='par_1_6' title="bbox 261 2697 1005 2776">
     <span class='ocr_line' id='line_1_20' title="bbox 261 2697 1005 2776; baseline -0.001 -20"><span class='ocrx_word' id='word_1_121' title='bbox 261 2700 313 2757; x_wconf 92' lang='lat' dir='ltr'>lll.</span> <span class='ocrx_word' id='word_1_122' title='bbox 337 2699 433 2757; x_wconf 87' lang='lat' dir='ltr'>Gesta</span> <span class='ocrx_word' id='word_1_123' title='bbox 453 2701 571 2757; x_wconf 89' lang='lat' dir='ltr'>Martini</span> <span class='ocrx_word' id='word_1_124' title='bbox 594 2701 631 2756; x_wconf 92' lang='lat' dir='ltr'>ll.</span> <span class='ocrx_word' id='word_1_125' title='bbox 656 2701 801 2776; x_wconf 90' lang='lat' dir='ltr'>principis</span> <span class='ocrx_word' id='word_1_126' title='bbox 823 2697 942 2756; x_wconf 91' lang='lat' dir='ltr'>abbatis</span> <span class='ocrx_word' id='word_1_127' title='bbox 967 2698 1005 2755; x_wconf 91' lang='lat' dir='ltr'>ad</span> 
     </span>
    </p>
   </div>
   <div class='ocr_carea' id='block_1_5' title="bbox 172 2803 1009 2881">
    <p class='ocr_par' dir='ltr' id='par_1_7' title="bbox 172 2803 1009 2881">
     <span class='ocr_line' id='line_1_21' title="bbox 172 2803 1009 2881; baseline -0.002 -20"><span class='ocrx_word' id='word_1_128' title='bbox 172 2825 197 2863; x_wconf 91' lang='lat' dir='ltr'>s.</span> <span class='ocrx_word' id='word_1_129' title='bbox 215 2806 345 2863; x_wconf 90' lang='lat' dir='ltr'>Blasium</span> <span class='ocrx_word' id='word_1_130' title='bbox 369 2819 440 2881; x_wconf 89' lang='lat' dir='ltr'>post</span> <span class='ocrx_word' id='word_1_131' title='bbox 463 2807 527 2861; x_wconf 88' lang='lat' dir='ltr'>eius</span> <span class='ocrx_word' id='word_1_132' title='bbox 548 2803 662 2861; x_wconf 91' lang='lat' dir='ltr'>obitum</span> <span class='ocrx_word' id='word_1_133' title='bbox 684 2807 845 2860; x_wconf 88' lang='lat' dir='ltr'>memoriae</span> <span class='ocrx_word' id='word_1_134' title='bbox 867 2819 897 2861; x_wconf 90' lang='lat' dir='ltr'>et</span> <span class='ocrx_word' id='word_1_135' title='bbox 912 2806 1009 2879; x_wconf 66' lang='lat' dir='ltr'>grati·</span> 
     </span>
    </p>
   </div>
   <div class='ocr_carea' id='block_1_6' title="bbox 171 2910 1003 3092">
    <p class='ocr_par' dir='ltr' id='par_1_8' title="bbox 171 2910 1003 3092">
     <span class='ocr_line' id='line_1_22' title="bbox 172 2910 1003 2985; baseline -0.002 -19"><span class='ocrx_word' id='word_1_136' title='bbox 172 2911 282 2968; x_wconf 92' lang='lat' dir='ltr'>tudinis</span> <span class='ocrx_word' id='word_1_137' title='bbox 299 2929 374 2985; x_wconf 88' lang='lat' dir='ltr'>ergo</span> <span class='ocrx_word' id='word_1_138' title='bbox 388 2912 561 2985; x_wconf 92' lang='lat' dir='ltr'>conscripta</span> <span class='ocrx_word' id='word_1_139' title='bbox 573 2927 652 2965; x_wconf 90' lang='lat' dir='ltr'>anno</span> <span class='ocrx_word' id='word_1_140' title='bbox 665 2910 786 2965; x_wconf 89' lang='lat' dir='ltr'>Domini</span> <span class='ocrx_word' id='word_1_141' title='bbox 800 2922 890 2982; x_wconf 84' lang='lat'>1793.</span> <span class='ocrx_word' id='word_1_142' title='bbox 908 2910 1003 2966; x_wconf 92' lang='lat' dir='ltr'>Unum</span> 
     </span>
     <span class='ocr_line' id='line_1_23' title="bbox 171 3013 1003 3092; baseline -0.002 -21"><span class='ocrx_word' id='word_1_143' title='bbox 171 3016 312 3072; x_wconf 82' lang='lat' dir='ltr'>volumen</span> <span class='ocrx_word' id='word_1_144' title='bbox 336 3017 365 3071; x_wconf 91' lang='lat' dir='ltr'>in</span> <span class='ocrx_word' id='word_1_145' title='bbox 387 3014 474 3092; x_wconf 85' lang='lat' dir='ltr'>folio,</span> <span class='ocrx_word' id='word_1_146' title='bbox 499 3016 632 3070; x_wconf 91' lang='lat' dir='ltr'>continet</span> <span class='ocrx_word' id='word_1_147' title='bbox 652 3016 780 3090; x_wconf 86' lang='lat' dir='ltr'>paginas</span> <span class='ocrx_word' id='word_1_148' title='bbox 801 3026 869 3086; x_wconf 87' lang='lat'>147,</span> <span class='ocrx_word' id='word_1_149' title='bbox 890 3013 1003 3070; x_wconf 86' lang='lat' dir='ltr'>Archiv</span> 
     </span>
    </p>
   </div>
   <div class='ocr_carea' id='block_1_7' title="bbox 168 3121 1002 4032">
    <p class='ocr_par' dir='ltr' id='par_1_9' title="bbox 170 3121 320 3193">
     <span class='ocr_line' id='line_1_24' title="bbox 170 3121 320 3193; baseline 0.007 -17"><span class='ocrx_word' id='word_1_150' title='bbox 170 3121 230 3177; x_wconf 91' lang='lat' dir='ltr'>No.</span> <span class='ocrx_word' id='word_1_151' title='bbox 252 3134 320 3193; x_wconf 83' lang='lat'>151.</span> 
     </span>
    </p>

    <p class='ocr_par' dir='ltr' id='par_1_10' title="bbox 169 3221 1002 3610">
     <span class='ocr_line' id='line_1_25' title="bbox 258 3221 1002 3299; baseline -0.003 -19"><span class='ocrx_word' id='word_1_152' title='bbox 258 3225 309 3282; x_wconf 91' lang='lat' dir='ltr'>IV.</span> <span class='ocrx_word' id='word_1_153' title='bbox 325 3224 540 3299; x_wconf 90' lang='lat' dir='ltr'>Necrologium</span> <span class='ocrx_word' id='word_1_154' title='bbox 558 3222 807 3280; x_wconf 87' lang='lat' dir='ltr'>San-Blasianum</span> <span class='ocrx_word' id='word_1_155' title='bbox 827 3221 875 3279; x_wconf 91' lang='lat' dir='ltr'>bis</span> <span class='ocrx_word' id='word_1_156' title='bbox 896 3241 1002 3279; x_wconf 89' lang='lat' dir='ltr'>saecu·</span> 
     </span>
     <span class='ocr_line' id='line_1_26' title="bbox 170 3323 1002 3402; baseline -0.004 -17"><span class='ocrx_word' id='word_1_157' title='bbox 170 3331 234 3386; x_wconf 92' lang='lat' dir='ltr'>lare</span> <span class='ocrx_word' id='word_1_158' title='bbox 255 3327 476 3402; x_wconf 81' lang='lat'>1597—1785‚</span> <span class='ocrx_word' id='word_1_159' title='bbox 498 3331 701 3385; x_wconf 89' lang='lat' dir='ltr'>continuatum</span> <span class='ocrx_word' id='word_1_160' title='bbox 723 3327 762 3384; x_wconf 92' lang='lat' dir='ltr'>ab</span> <span class='ocrx_word' id='word_1_161' title='bbox 779 3346 857 3383; x_wconf 89' lang='lat' dir='ltr'>anno</span> <span class='ocrx_word' id='word_1_162' title='bbox 878 3323 1002 3401; x_wconf 85' lang='lat'>1786—</span> 
     </span>
     <span class='ocr_line' id='line_1_27' title="bbox 175 3430 1001 3504; baseline -0.005 -14"><span class='ocrx_word' id='word_1_163' title='bbox 175 3433 265 3491; x_wconf 89' lang='lat'>1800.</span> <span class='ocrx_word' id='word_1_164' title='bbox 282 3434 378 3490; x_wconf 90' lang='lat' dir='ltr'>Unum</span> <span class='ocrx_word' id='word_1_165' title='bbox 391 3433 531 3489; x_wconf 85' lang='lat' dir='ltr'>volumen</span> <span class='ocrx_word' id='word_1_166' title='bbox 547 3435 577 3489; x_wconf 91' lang='lat' dir='ltr'>in</span> <span class='ocrx_word' id='word_1_167' title='bbox 594 3432 677 3496; x_wconf 81' lang='lat' dir='ltr'>lolio.</span> <span class='ocrx_word' id='word_1_168' title='bbox 694 3433 828 3488; x_wconf 88' lang='lat' dir='ltr'>continet</span> <span class='ocrx_word' id='word_1_169' title='bbox 844 3430 914 3487; x_wconf 86' lang='lat' dir='ltr'>lolia</span> <span class='ocrx_word' id='word_1_170' title='bbox 933 3444 1001 3504; x_wconf 82' lang='lat'>137,</span> 
     </span>
     <span class='ocr_line' id='line_1_28' title="bbox 169 3538 448 3610; baseline 0 -16"><span class='ocrx_word' id='word_1_171' title='bbox 169 3538 284 3594; x_wconf 84' lang='lat' dir='ltr'>Archiv</span> <span class='ocrx_word' id='word_1_172' title='bbox 300 3539 356 3595; x_wconf 94' lang='lat' dir='ltr'>No.</span> <span class='ocrx_word' id='word_1_173' title='bbox 379 3552 448 3610; x_wconf 80' lang='lat'>123.</span> 
     </span>
    </p>

    <p class='ocr_par' dir='ltr' id='par_1_11' title="bbox 168 3638 1002 4032">
     <span class='ocr_line' id='line_1_29' title="bbox 257 3638 1001 3717; baseline -0.003 -19"><span class='ocrx_word' id='word_1_174' title='bbox 257 3642 293 3700; x_wconf 91' lang='lat' dir='ltr'>V.</span> <span class='ocrx_word' id='word_1_175' title='bbox 310 3642 475 3699; x_wconf 85' lang='lat' dir='ltr'>Tractatus</span> <span class='ocrx_word' id='word_1_176' title='bbox 497 3640 534 3697; x_wconf 90' lang='lat' dir='ltr'>de</span> <span class='ocrx_word' id='word_1_177' title='bbox 555 3641 714 3717; x_wconf 90' lang='lat' dir='ltr'>disciplina</span> <span class='ocrx_word' id='word_1_178' title='bbox 735 3643 902 3697; x_wconf 90' lang='lat' dir='ltr'>monastica</span> <span class='ocrx_word' id='word_1_179' title='bbox 924 3638 1001 3696; x_wconf 88' lang='lat' dir='ltr'>San·</span> 
     </span>
     <span class='ocr_line' id='line_1_30' title="bbox 168 3745 1002 3814; baseline -0.006 -10"><span class='ocrx_word' id='word_1_180' title='bbox 168 3748 318 3804; x_wconf 86' lang='lat' dir='ltr'>Blasiana.</span> <span class='ocrx_word' id='word_1_181' title='bbox 342 3747 417 3803; x_wconf 85' lang='lat' dir='ltr'>Tria</span> <span class='ocrx_word' id='word_1_182' title='bbox 432 3746 583 3802; x_wconf 88' lang='lat' dir='ltr'>volumina</span> <span class='ocrx_word' id='word_1_183' title='bbox 600 3748 629 3801; x_wconf 90' lang='lat' dir='ltr'>in</span> <span class='ocrx_word' id='word_1_184' title='bbox 647 3745 732 3814; x_wconf 82' lang='lat' dir='ltr'>foli03</span> <span class='ocrx_word' id='word_1_185' title='bbox 751 3746 772 3801; x_wconf 92' lang='lat' dir='ltr'>l.</span> <span class='ocrx_word' id='word_1_186' title='bbox 790 3745 850 3801; x_wconf 89' lang='lat' dir='ltr'>vol.</span> <span class='ocrx_word' id='word_1_187' title='bbox 868 3747 1002 3801; x_wconf 85' lang='lat' dir='ltr'>continet</span> 
     </span>
     <span class='ocr_line' id='line_1_31' title="bbox 170 3850 1001 3929; baseline -0.005 -21"><span class='ocrx_word' id='word_1_188' title='bbox 170 3871 241 3929; x_wconf 86' lang='lat' dir='ltr'>pag.</span> <span class='ocrx_word' id='word_1_189' title='bbox 260 3866 332 3918; x_wconf 90' lang='lat'>210,</span> <span class='ocrx_word' id='word_1_190' title='bbox 350 3852 387 3907; x_wconf 93' lang='lat' dir='ltr'>ll.</span> <span class='ocrx_word' id='word_1_191' title='bbox 397 3851 456 3908; x_wconf 89' lang='lat' dir='ltr'>vol.</span> <span class='ocrx_word' id='word_1_192' title='bbox 471 3853 603 3908; x_wconf 90' lang='lat' dir='ltr'>continet</span> <span class='ocrx_word' id='word_1_193' title='bbox 616 3869 686 3925; x_wconf 90' lang='lat' dir='ltr'>pag.</span> <span class='ocrx_word' id='word_1_194' title='bbox 700 3864 715 3923; x_wconf 88' lang='lat'>7</span> <span class='ocrx_word' id='word_1_195' title='bbox 720 3864 736 3921; x_wconf 82' lang='lat'>5</span> <span class='ocrx_word' id='word_1_196' title='bbox 741 3864 772 3922; x_wconf 85' lang='lat'>3,</span> <span class='ocrx_word' id='word_1_197' title='bbox 789 3850 841 3906; x_wconf 92' lang='lat' dir='ltr'>lll.</span> <span class='ocrx_word' id='word_1_198' title='bbox 855 3850 914 3906; x_wconf 93' lang='lat' dir='ltr'>vol.</span> <span class='ocrx_word' id='word_1_199' title='bbox 929 3867 1001 3905; x_wconf 91' lang='lat' dir='ltr'>con·</span> 
     </span>
     <span class='ocr_line' id='line_1_32' title="bbox 169 3954 828 4032; baseline -0.006 -19"><span class='ocrx_word' id='word_1_200' title='bbox 169 3960 244 4013; x_wconf 88' lang='lat' dir='ltr'>tinet</span> <span class='ocrx_word' id='word_1_201' title='bbox 260 3975 330 4032; x_wconf 88' lang='lat' dir='ltr'>pag.</span> <span class='ocrx_word' id='word_1_202' title='bbox 353 3971 420 4028; x_wconf 77' lang='grc'>144,</span> <span class='ocrx_word' id='word_1_203' title='bbox 438 3954 552 4011; x_wconf 89' lang='lat' dir='ltr'>Archiv</span> <span class='ocrx_word' id='word_1_204' title='bbox 568 3957 625 4011; x_wconf 92' lang='lat' dir='ltr'>No.</span> <span class='ocrx_word' id='word_1_205' title='bbox 645 3969 718 4026; x_wconf 83' lang='lat'>223.</span> <span class='ocrx_word' id='word_1_206' title='bbox 827 3956 828 3960; x_wconf 74' lang='grc'>’</span> 
     </span>
    </p>
   </div>
   <div class='ocr_carea' id='block_1_8' title="bbox 84 4085 1001 5153">
    <p class='ocr_par' dir='ltr' id='par_1_12' title="bbox 84 4085 1001 5153">
     <span class='ocr_line' id='line_1_33' title="bbox 257 4085 1001 4176; baseline -0.001 -19"><span class='ocrx_word' id='word_1_207' title='bbox 257 4085 425 4158; x_wconf 85' lang='lat' dir='ltr'>Keusch</span> <span class='ocrx_word' id='word_1_208' title='bbox 453 4094 690 4176; x_wconf 91' lang='lat' dir='ltr'>Rupertus</span> <span class='ocrx_word' id='word_1_209' title='bbox 725 4093 1001 4175; x_wconf 83' lang='lat' dir='ltr'>(Muro-Grie-</span> 
     </span>
     <span class='ocr_line' id='line_1_34' title="bbox 84 4213 1001 4296; baseline 0 -21"><span class='ocrx_word' id='word_1_210' title='bbox 84 4244 87 4251; x_wconf 91' lang='lat'>·</span> <span class='ocrx_word' id='word_1_211' title='bbox 170 4213 332 4295; x_wconf 76' lang='lat' dir='ltr'>sensis),</span> <span class='ocrx_word' id='word_1_212' title='bbox 348 4215 463 4281; x_wconf 89' lang='lat' dir='ltr'>lucem</span> <span class='ocrx_word' id='word_1_213' title='bbox 476 4213 644 4294; x_wconf 87' lang='lat' dir='ltr'>adspexit</span> <span class='ocrx_word' id='word_1_214' title='bbox 657 4214 824 4275; x_wconf 91' lang='lat' dir='ltr'>Bosvilae</span> <span class='ocrx_word' id='word_1_215' title='bbox 838 4213 872 4275; x_wconf 90' lang='lat' dir='ltr'>in</span> <span class='ocrx_word' id='word_1_216' title='bbox 884 4214 1001 4296; x_wconf 87' lang='lat' dir='ltr'>Argo-</span> 
     </span>
     <span class='ocr_line' id='line_1_35' title="bbox 169 4336 1001 4418; baseline 0 -20"><span class='ocrx_word' id='word_1_217' title='bbox 169 4337 230 4399; x_wconf 91' lang='lat' dir='ltr'>via</span> <span class='ocrx_word' id='word_1_218' title='bbox 244 4336 434 4400; x_wconf 89' lang='lat' dir='ltr'>Helvetiae</span> <span class='ocrx_word' id='word_1_219' title='bbox 451 4337 508 4398; x_wconf 92' lang='lat' dir='ltr'>die</span> <span class='ocrx_word' id='word_1_220' title='bbox 526 4341 576 4399; x_wconf 85' lang='lat'>23.</span> <span class='ocrx_word' id='word_1_221' title='bbox 590 4336 694 4400; x_wconf 90' lang='lat' dir='ltr'>Mart.</span> <span class='ocrx_word' id='word_1_222' title='bbox 717 4340 807 4418; x_wconf 80' lang='lat'>1845,</span> <span class='ocrx_word' id='word_1_223' title='bbox 825 4345 1001 4398; x_wconf 87' lang='lat' dir='ltr'>monaste·</span> 
     </span>
     <span class='ocr_line' id='line_1_36' title="bbox 169 4458 1000 4542; baseline -0.001 -21"><span class='ocrx_word' id='word_1_224' title='bbox 169 4460 259 4522; x_wconf 92' lang='lat' dir='ltr'>rium</span> <span class='ocrx_word' id='word_1_225' title='bbox 280 4458 471 4522; x_wconf 87' lang='lat' dir='ltr'>Griesense</span> <span class='ocrx_word' id='word_1_226' title='bbox 496 4459 678 4542; x_wconf 89' lang='lat' dir='ltr'>ingressus</span> <span class='ocrx_word' id='word_1_227' title='bbox 700 4469 786 4521; x_wconf 89' lang='lat' dir='ltr'>vota</span> <span class='ocrx_word' id='word_1_228' title='bbox 806 4458 923 4521; x_wconf 90' lang='lat' dir='ltr'>emisit</span> <span class='ocrx_word' id='word_1_229' title='bbox 944 4458 1000 4520; x_wconf 91' lang='lat' dir='ltr'>die</span> 
     </span>
     <span class='ocr_line' id='line_1_37' title="bbox 171 4559 1001 4643; baseline 0 -2"><span class='ocrx_word' id='word_1_230' title='bbox 171 4584 199 4642; x_wconf 83' lang='lat'>3.</span> <span class='ocrx_word' id='word_1_231' title='bbox 210 4580 282 4643; x_wconf 87' lang='lat' dir='ltr'>lan.</span> <span class='ocrx_word' id='word_1_232' title='bbox 296 4585 376 4643; x_wconf 88' lang='lat'>1868</span> <span class='ocrx_word' id='word_1_233' title='bbox 394 4591 430 4643; x_wconf 89' lang='lat' dir='ltr'>et</span> <span class='ocrx_word' id='word_1_234' title='bbox 443 4559 680 4643; x_wconf 85' lang='lat' dir='ltr'>sacerdotium</span> <span class='ocrx_word' id='word_1_235' title='bbox 693 4580 795 4642; x_wconf 90' lang='lat' dir='ltr'>inivit</span> <span class='ocrx_word' id='word_1_236' title='bbox 808 4579 865 4642; x_wconf 88' lang='lat' dir='ltr'>die</span> <span class='ocrx_word' id='word_1_237' title='bbox 876 4584 905 4643; x_wconf 91' lang='lat'>8.</span> <span class='ocrx_word' id='word_1_238' title='bbox 915 4579 1001 4642; x_wconf 90' lang='lat' dir='ltr'>Maii</span> 
     </span>
     <span class='ocr_line' id='line_1_38' title="bbox 175 4702 1001 4784; baseline -0.004 -17"><span class='ocrx_word' id='word_1_239' title='bbox 175 4709 265 4782; x_wconf 84' lang='lat'>1870.</span> <span class='ocrx_word' id='word_1_240' title='bbox 279 4704 399 4766; x_wconf 88' lang='lat' dir='ltr'>Antea</span> <span class='ocrx_word' id='word_1_241' title='bbox 411 4704 524 4766; x_wconf 89' lang='lat' dir='ltr'>lector</span> <span class='ocrx_word' id='word_1_242' title='bbox 533 4714 568 4766; x_wconf 92' lang='lat' dir='ltr'>et</span> <span class='ocrx_word' id='word_1_243' title='bbox 578 4702 733 4766; x_wconf 92' lang='lat' dir='ltr'>director</span> <span class='ocrx_word' id='word_1_244' title='bbox 741 4704 899 4784; x_wconf 89' lang='lat' dir='ltr'>capellae</span> <span class='ocrx_word' id='word_1_245' title='bbox 913 4702 1001 4766; x_wconf 87' lang='lat' dir='ltr'>abiit</span> 
     </span>
     <span class='ocr_line' id='line_1_39' title="bbox 175 4823 1000 4906; baseline -0.004 -19"><span class='ocrx_word' id='word_1_246' title='bbox 175 4829 252 4905; x_wconf 84' lang='lat'>1872</span> <span class='ocrx_word' id='word_1_247' title='bbox 279 4826 314 4888; x_wconf 94' lang='lat' dir='ltr'>in</span> <span class='ocrx_word' id='word_1_248' title='bbox 329 4825 534 4888; x_wconf 88' lang='lat' dir='ltr'>Helvetiam</span> <span class='ocrx_word' id='word_1_249' title='bbox 557 4825 678 4906; x_wconf 92' lang='lat' dir='ltr'>ibique</span> <span class='ocrx_word' id='word_1_250' title='bbox 696 4826 801 4887; x_wconf 90' lang='lat' dir='ltr'>docet</span> <span class='ocrx_word' id='word_1_251' title='bbox 817 4824 852 4886; x_wconf 90' lang='lat' dir='ltr'>in</span> <span class='ocrx_word' id='word_1_252' title='bbox 869 4823 1000 4886; x_wconf 92' lang='lat' dir='ltr'>scholis</span> 
     </span>
     <span class='ocr_line' id='line_1_40' title="bbox 169 4946 1000 5031; baseline -0.005 -20"><span class='ocrx_word' id='word_1_253' title='bbox 169 4948 311 5031; x_wconf 89' lang='lat' dir='ltr'>collegii</span> <span class='ocrx_word' id='word_1_254' title='bbox 339 4946 527 5012; x_wconf 88' lang='lat' dir='ltr'>Sarnensis</span> <span class='ocrx_word' id='word_1_255' title='bbox 558 4947 732 5028; x_wconf 91' lang='lat' dir='ltr'>simulque</span> <span class='ocrx_word' id='word_1_256' title='bbox 764 4965 890 5008; x_wconf 92' lang='lat' dir='ltr'>munus</span> <span class='ocrx_word' id='word_1_257' title='bbox 919 4947 1000 5007; x_wconf 90' lang='lat' dir='ltr'>sub·</span> 
     </span>
     <span class='ocr_line' id='line_1_41' title="bbox 168 5068 998 5153; baseline -0.005 -20"><span class='ocrx_word' id='word_1_258' title='bbox 168 5070 344 5153; x_wconf 88' lang='lat' dir='ltr'>praefecti</span> <span class='ocrx_word' id='word_1_259' title='bbox 364 5069 399 5133; x_wconf 91' lang='lat' dir='ltr'>in</span> <span class='ocrx_word' id='word_1_260' title='bbox 419 5070 584 5132; x_wconf 91' lang='lat' dir='ltr'>convictu</span> <span class='ocrx_word' id='word_1_261' title='bbox 607 5069 839 5132; x_wconf 87' lang='lat' dir='ltr'>administrat.</span> <span class='ocrx_word' id='word_1_262' title='bbox 863 5068 998 5131; x_wconf 88' lang='lat' dir='ltr'>Edidit:</span> 
     </span>
    </p>
   </div>
   <div class='ocr_carea' id='block_1_9' title="bbox 169 5210 1001 5496">
    <p class='ocr_par' dir='ltr' id='par_1_13' title="bbox 169 5210 1001 5496">
     <span class='ocr_line' id='line_1_42' title="bbox 256 5210 1001 5287; baseline -0.004 -17"><span class='ocrx_word' id='word_1_263' title='bbox 256 5214 278 5270; x_wconf 90' lang='grc' dir='ltr'>Ι.</span> <span class='ocrx_word' id='word_1_264' title='bbox 305 5214 570 5287; x_wconf 89' lang='lat' dir='ltr'>Nothwendigkeit</span> <span class='ocrx_word' id='word_1_265' title='bbox 597 5213 651 5269; x_wconf 88' lang='lat' dir='ltr'>des</span> <span class='ocrx_word' id='word_1_266' title='bbox 679 5210 834 5270; x_wconf 87' lang='lat' dir='ltr'>Glaubcns</span> <span class='ocrx_word' id='word_1_267' title='bbox 861 5211 919 5268; x_wconf 90' lang='lat' dir='ltr'>und</span> <span class='ocrx_word' id='word_1_268' title='bbox 947 5211 1001 5267; x_wconf 86' lang='lat' dir='ltr'>der</span> 
     </span>
     <span class='ocr_line' id='line_1_43' title="bbox 170 5311 1000 5393; baseline -0.006 -18"><span class='ocrx_word' id='word_1_269' title='bbox 170 5319 310 5393; x_wconf 81' lang='lat' dir='ltr'>Religion</span> <span class='ocrx_word' id='word_1_270' title='bbox 328 5316 374 5373; x_wconf 87' lang='lat' dir='ltr'>lilr</span> <span class='ocrx_word' id='word_1_271' title='bbox 390 5316 612 5375; x_wconf 89' lang='lat' dir='ltr'>Wissenschalt</span> <span class='ocrx_word' id='word_1_272' title='bbox 629 5316 687 5372; x_wconf 93' lang='lat' dir='ltr'>und</span> <span class='ocrx_word' id='word_1_273' title='bbox 705 5317 812 5371; x_wconf 90' lang='lat' dir='ltr'>Kunst.</span> <span class='ocrx_word' id='word_1_274' title='bbox 830 5311 899 5392; x_wconf 82' lang='grc'>(1.0.</span> <span class='ocrx_word' id='word_1_275' title='bbox 917 5314 1000 5370; x_wconf 89' lang='lat' dir='ltr'>Fidei</span> 
     </span>
     <span class='ocr_line' id='line_1_44' title="bbox 169 5412 1000 5496; baseline -0.007 -16"><span class='ocrx_word' id='word_1_276' title='bbox 169 5437 200 5480; x_wconf 88' lang='lat' dir='ltr'>et</span> <span class='ocrx_word' id='word_1_277' title='bbox 216 5412 371 5496; x_wconf 84' lang='lat' dir='ltr'>religionis</span> <span class='ocrx_word' id='word_1_278' title='bbox 388 5423 560 5480; x_wconf 87' lang='lat' dir='ltr'>neccssaria</span> <span class='ocrx_word' id='word_1_279' title='bbox 577 5439 643 5477; x_wconf 90' lang='lat' dir='ltr'>cum</span> <span class='ocrx_word' id='word_1_280' title='bbox 657 5421 783 5477; x_wconf 89' lang='lat' dir='ltr'>scientia</span> <span class='ocrx_word' id='word_1_281' title='bbox 800 5432 830 5474; x_wconf 85' lang='lat' dir='ltr'>et</span> <span class='ocrx_word' id='word_1_282' title='bbox 844 5432 911 5474; x_wconf 87' lang='lat' dir='ltr'>arte</span> <span class='ocrx_word' id='word_1_283' title='bbox 928 5437 1000 5475; x_wconf 92' lang='lat' dir='ltr'>cou-</span> 
     </span>
    </p>
   </div>
   <div class='ocr_carea' id='block_1_10' title="bbox 1086 653 1917 837">
    <p class='ocr_par' dir='ltr' id='par_1_14' title="bbox 1086 653 1917 837">
     <span class='ocr_line' id='line_1_45' title="bbox 1087 653 1917 734; baseline 0.001 -22"><span class='ocrx_word' id='word_1_284' title='bbox 1087 653 1220 734; x_wconf 87' lang='lat' dir='ltr'>iunctio.)</span> <span class='ocrx_word' id='word_1_285' title='bbox 1244 656 1420 731; x_wconf 91' lang='lat' dir='ltr'>Programm</span> <span class='ocrx_word' id='word_1_286' title='bbox 1444 656 1498 712; x_wconf 89' lang='lat' dir='ltr'>der</span> <span class='ocrx_word' id='word_1_287' title='bbox 1519 656 1713 713; x_wconf 89' lang='lat' dir='ltr'>Lehranstalt</span> <span class='ocrx_word' id='word_1_288' title='bbox 1736 658 1766 712; x_wconf 88' lang='lat' dir='ltr'>in</span> <span class='ocrx_word' id='word_1_289' title='bbox 1789 655 1917 714; x_wconf 88' lang='lat' dir='ltr'>Samen.</span> 
     </span>
     <span class='ocr_line' id='line_1_46' title="bbox 1086 757 1732 837; baseline 0 -20"><span class='ocrx_word' id='word_1_290' title='bbox 1086 759 1214 826; x_wconf 87' lang='lat' dir='ltr'>Sarneu,</span> <span class='ocrx_word' id='word_1_291' title='bbox 1231 778 1279 835; x_wconf 89' lang='lat' dir='ltr'>ap.</span> <span class='ocrx_word' id='word_1_292' title='bbox 1297 760 1320 816; x_wconf 93' lang='lat' dir='ltr'>I.</span> <span class='ocrx_word' id='word_1_293' title='bbox 1337 759 1454 829; x_wconf 85' lang='lat' dir='ltr'>Mliller,</span> <span class='ocrx_word' id='word_1_294' title='bbox 1477 757 1566 834; x_wconf 84' lang='lat'>1876.</span> <span class='ocrx_word' id='word_1_295' title='bbox 1583 767 1627 833; x_wconf 87' lang='lat'>4⁰.</span> <span class='ocrx_word' id='word_1_296' title='bbox 1645 775 1683 817; x_wconf 92' lang='lat'>22</span> <span class='ocrx_word' id='word_1_297' title='bbox 1701 780 1732 837; x_wconf 90' lang='lat' dir='ltr'>p.</span> 
     </span>
    </p>
   </div>
   <div class='ocr_carea' id='block_1_11' title="bbox 1084 880 1962 1271">
    <p class='ocr_par' dir='ltr' id='par_1_15' title="bbox 1084 880 1962 1271">
     <span class='ocr_line' id='line_1_47' title="bbox 1172 880 1962 958; baseline 0.01 -22"><span class='ocrx_word' id='word_1_298' title='bbox 1172 881 1210 937; x_wconf 93' lang='grc' dir='ltr'>ΙΙ.</span> <span class='ocrx_word' id='word_1_299' title='bbox 1221 881 1418 956; x_wconf 88' lang='lat' dir='ltr'>Bengalischc</span> <span class='ocrx_word' id='word_1_300' title='bbox 1427 882 1634 957; x_wconf 87' lang='lat' dir='ltr'>Beleuchtung</span> <span class='ocrx_word' id='word_1_301' title='bbox 1646 901 1706 939; x_wconf 92' lang='lat' dir='ltr'>von</span> <span class='ocrx_word' id='word_1_302' title='bbox 1715 880 1830 958; x_wconf 88' lang='lat' dir='ltr'>Siglrid</span> <span class='ocrx_word' id='word_1_303' title='bbox 1839 881 1917 940; x_wconf 88' lang='lat' dir='ltr'>Abts</span> <span class='ocrx_word' id='word_1_304' title='bbox 1959 939 1962 944; x_wconf 30' lang='grc'>1</span> 
     </span>
     <span class='ocr_line' id='line_1_48' title="bbox 1085 984 1918 1066; baseline 0.002 -24"><span class='ocrx_word' id='word_1_305' title='bbox 1085 986 1219 1042; x_wconf 89' lang='lat' dir='ltr'>Aulruhr</span> <span class='ocrx_word' id='word_1_306' title='bbox 1238 989 1275 1043; x_wconf 92' lang='lat' dir='ltr'>im</span> <span class='ocrx_word' id='word_1_307' title='bbox 1297 987 1428 1042; x_wconf 90' lang='lat' dir='ltr'>Freiamt</span> <span class='ocrx_word' id='word_1_308' title='bbox 1448 1004 1516 1042; x_wconf 91' lang='lat' dir='ltr'>vom</span> <span class='ocrx_word' id='word_1_309' title='bbox 1537 986 1649 1062; x_wconf 89' lang='lat' dir='ltr'>Januar</span> <span class='ocrx_word' id='word_1_310' title='bbox 1669 986 1760 1059; x_wconf 83' lang='lat'>1841.</span> <span class='ocrx_word' id='word_1_311' title='bbox 1780 984 1918 1066; x_wconf 89' lang='lat' dir='ltr'>(Spectat</span> 
     </span>
     <span class='ocr_line' id='line_1_49' title="bbox 1086 1088 1916 1169; baseline 0.001 -22"><span class='ocrx_word' id='word_1_312' title='bbox 1086 1090 1124 1147; x_wconf 90' lang='lat' dir='ltr'>ad</span> <span class='ocrx_word' id='word_1_313' title='bbox 1145 1090 1297 1147; x_wconf 88' lang='lat' dir='ltr'>historiam</span> <span class='ocrx_word' id='word_1_314' title='bbox 1319 1092 1493 1147; x_wconf 90' lang='lat' dir='ltr'>monasterii</span> <span class='ocrx_word' id='word_1_315' title='bbox 1510 1088 1681 1169; x_wconf 87' lang='lat' dir='ltr'>Murensis.)</span> <span class='ocrx_word' id='word_1_316' title='bbox 1705 1090 1843 1167; x_wconf 87' lang='lat' dir='ltr'>Schwyz,</span> <span class='ocrx_word' id='word_1_317' title='bbox 1867 1112 1916 1168; x_wconf 90' lang='lat' dir='ltr'>ap.</span> 
     </span>
     <span class='ocr_line' id='line_1_50' title="bbox 1084 1193 1658 1271; baseline 0.003 -20"><span class='ocrx_word' id='word_1_318' title='bbox 1084 1194 1210 1269; x_wconf 81' lang='lat' dir='ltr'>Biirgler</span> <span class='ocrx_word' id='word_1_319' title='bbox 1226 1195 1357 1251; x_wconf 88' lang='lat' dir='ltr'>Roemer</span> <span class='ocrx_word' id='word_1_320' title='bbox 1377 1193 1468 1267; x_wconf 83' lang='lat'>1875.</span> <span class='ocrx_word' id='word_1_321' title='bbox 1487 1194 1530 1252; x_wconf 87' lang='lat'>8⁰.</span> <span class='ocrx_word' id='word_1_322' title='bbox 1552 1210 1611 1267; x_wconf 87' lang='lat'>144</span> <span class='ocrx_word' id='word_1_323' title='bbox 1628 1214 1658 1271; x_wconf 89' lang='lat' dir='ltr'>p.</span> 
     </span>
    </p>
   </div>
   <div class='ocr_carea' id='block_1_12' title="bbox 1080 1373 1966 4276">
    <p class='ocr_par' dir='ltr' id='par_1_16' title="bbox 1080 1373 1966 4276">
     <span class='ocr_line' id='line_1_51' title="bbox 1172 1373 1917 1467; baseline 0.003 -22"><span class='ocrx_word' id='word_1_324' title='bbox 1172 1373 1339 1446; x_wconf 86' lang='lat' dir='ltr'>Khinell</span> <span class='ocrx_word' id='word_1_325' title='bbox 1371 1384 1623 1447; x_wconf 89' lang='lat' dir='ltr'>Thaddaeus</span> <span class='ocrx_word' id='word_1_326' title='bbox 1651 1385 1690 1448; x_wconf 94' lang='lat' dir='ltr'>P.</span> <span class='ocrx_word' id='word_1_327' title='bbox 1721 1384 1917 1467; x_wconf 85' lang='lat' dir='ltr'>(Raigra-</span> 
     </span>
     <span class='ocr_line' id='line_1_52' title="bbox 1087 1501 1916 1584; baseline 0.007 -21"><span class='ocrx_word' id='word_1_328' title='bbox 1087 1501 1279 1584; x_wconf 85' lang='lat' dir='ltr'>diensis),</span> <span class='ocrx_word' id='word_1_329' title='bbox 1312 1503 1533 1565; x_wconf 91' lang='lat' dir='ltr'>Prostannae</span> <span class='ocrx_word' id='word_1_330' title='bbox 1564 1503 1600 1565; x_wconf 91' lang='lat' dir='ltr'>in</span> <span class='ocrx_word' id='word_1_331' title='bbox 1631 1503 1793 1568; x_wconf 91' lang='lat' dir='ltr'>Moravia</span> <span class='ocrx_word' id='word_1_332' title='bbox 1824 1523 1916 1569; x_wconf 87' lang='lat' dir='ltr'>anno</span> 
     </span>
     <span class='ocr_line' id='line_1_53' title="bbox 1090 1625 1915 1710; baseline 0.008 -25"><span class='ocrx_word' id='word_1_333' title='bbox 1090 1628 1171 1703; x_wconf 76' lang='grc' dir='ltr'>10ορ</span> <span class='ocrx_word' id='word_1_334' title='bbox 1188 1643 1235 1703; x_wconf 93' lang='grc'>17.</span> <span class='ocrx_word' id='word_1_335' title='bbox 1245 1625 1333 1706; x_wconf 90' lang='lat' dir='ltr'>Apr.</span> <span class='ocrx_word' id='word_1_336' title='bbox 1347 1636 1462 1706; x_wconf 80' lang='lat' dir='ltr'>natuS,</span> <span class='ocrx_word' id='word_1_337' title='bbox 1477 1646 1569 1688; x_wconf 88' lang='lat' dir='ltr'>anno</span> <span class='ocrx_word' id='word_1_338' title='bbox 1586 1631 1666 1704; x_wconf 81' lang='grc'>1710</span> <span class='ocrx_word' id='word_1_339' title='bbox 1679 1626 1915 1710; x_wconf 89' lang='lat' dir='ltr'>Raigradium</span> 
     </span>
     <span class='ocr_line' id='line_1_54' title="bbox 1086 1746 1915 1828; baseline 0.008 -21"><span class='ocrx_word' id='word_1_340' title='bbox 1086 1746 1192 1828; x_wconf 90' lang='lat' dir='ltr'>venit,</span> <span class='ocrx_word' id='word_1_341' title='bbox 1216 1756 1251 1808; x_wconf 89' lang='lat' dir='ltr'>ct</span> <span class='ocrx_word' id='word_1_342' title='bbox 1269 1767 1319 1811; x_wconf 89' lang='lat'>21.</span> <span class='ocrx_word' id='word_1_343' title='bbox 1337 1746 1415 1811; x_wconf 92' lang='lat' dir='ltr'>Oct.</span> <span class='ocrx_word' id='word_1_344' title='bbox 1440 1749 1650 1811; x_wconf 90' lang='lat' dir='ltr'>monachum</span> <span class='ocrx_word' id='word_1_345' title='bbox 1671 1749 1770 1812; x_wconf 91' lang='lat' dir='ltr'>hicce</span> <span class='ocrx_word' id='word_1_346' title='bbox 1792 1751 1915 1815; x_wconf 92' lang='lat' dir='ltr'>induit.</span> 
     </span>
     <span class='ocr_line' id='line_1_55' title="bbox 1086 1868 1916 1954; baseline 0.006 -24"><span class='ocrx_word' id='word_1_347' title='bbox 1086 1868 1174 1931; x_wconf 90' lang='lat' dir='ltr'>Post</span> <span class='ocrx_word' id='word_1_348' title='bbox 1189 1880 1374 1949; x_wconf 87' lang='lat' dir='ltr'>peractum</span> <span class='ocrx_word' id='word_1_349' title='bbox 1391 1870 1583 1933; x_wconf 88' lang='lat' dir='ltr'>novitiatus</span> <span class='ocrx_word' id='word_1_350' title='bbox 1600 1891 1728 1934; x_wconf 91' lang='lat' dir='ltr'>annum</span> <span class='ocrx_word' id='word_1_351' title='bbox 1746 1873 1916 1954; x_wconf 92' lang='lat' dir='ltr'>capitula-</span> 
     </span>
     <span class='ocr_line' id='line_1_56' title="bbox 1086 1991 1916 2078; baseline 0.006 -25"><span class='ocrx_word' id='word_1_352' title='bbox 1086 1991 1171 2053; x_wconf 88' lang='lat' dir='ltr'>riter</span> <span class='ocrx_word' id='word_1_353' title='bbox 1192 2011 1213 2053; x_wconf 90' lang='lat' dir='ltr'>a</span> <span class='ocrx_word' id='word_1_354' title='bbox 1234 1992 1431 2055; x_wconf 90' lang='lat' dir='ltr'>venerabili</span> <span class='ocrx_word' id='word_1_355' title='bbox 1455 2004 1634 2057; x_wconf 91' lang='lat' dir='ltr'>conventu</span> <span class='ocrx_word' id='word_1_356' title='bbox 1656 2004 1855 2078; x_wconf 88' lang='lat' dir='ltr'>susceptus,</span> <span class='ocrx_word' id='word_1_357' title='bbox 1880 1996 1916 2057; x_wconf 92' lang='lat' dir='ltr'>in</span> 
     </span>
     <span class='ocr_line' id='line_1_57' title="bbox 1086 2115 1916 2200; baseline 0.007 -25"><span class='ocrx_word' id='word_1_358' title='bbox 1086 2134 1211 2176; x_wconf 89' lang='lat' dir='ltr'>manus</span> <span class='ocrx_word' id='word_1_359' title='bbox 1227 2134 1349 2195; x_wconf 84' lang='lat' dir='ltr'>praep.</span> <span class='ocrx_word' id='word_1_360' title='bbox 1366 2115 1515 2177; x_wconf 88' lang='lat' dir='ltr'>Antonii</span> <span class='ocrx_word' id='word_1_361' title='bbox 1527 2115 1636 2178; x_wconf 93' lang='lat' dir='ltr'>Pirmi</span> <span class='ocrx_word' id='word_1_362' title='bbox 1652 2116 1835 2198; x_wconf 88' lang='lat' dir='ltr'>professus</span> <span class='ocrx_word' id='word_1_363' title='bbox 1851 2129 1916 2200; x_wconf 89' lang='lat' dir='ltr'>est,</span> 
     </span>
     <span class='ocr_line' id='line_1_58' title="bbox 1087 2237 1966 2320; baseline 0.007 -22"><span class='ocrx_word' id='word_1_364' title='bbox 1087 2257 1137 2298; x_wconf 88' lang='lat'>21.</span> <span class='ocrx_word' id='word_1_365' title='bbox 1154 2237 1244 2301; x_wconf 89' lang='lat' dir='ltr'>Nov.</span> <span class='ocrx_word' id='word_1_366' title='bbox 1271 2242 1360 2317; x_wconf 88' lang='lat'>1718.</span> <span class='ocrx_word' id='word_1_367' title='bbox 1385 2238 1453 2300; x_wconf 94' lang='lat' dir='ltr'>Die</span> <span class='ocrx_word' id='word_1_368' title='bbox 1479 2243 1525 2302; x_wconf 94' lang='grc'>15.</span> <span class='ocrx_word' id='word_1_369' title='bbox 1542 2239 1630 2320; x_wconf 94' lang='lat' dir='ltr'>Apr.</span> <span class='ocrx_word' id='word_1_370' title='bbox 1659 2260 1739 2319; x_wconf 83' lang='lat'>17²4</span> <span class='ocrx_word' id='word_1_371' title='bbox 1763 2244 1916 2304; x_wconf 85' lang='lat' dir='ltr'>sabbato</span> <span class='ocrx_word' id='word_1_372' title='bbox 1962 2264 1966 2277; x_wconf 70' lang='grc'><strong><em>’</em></strong></span> 
     </span>
     <span class='ocr_line' id='line_1_59' title="bbox 1086 2359 1916 2425; baseline 0.006 -5"><span class='ocrx_word' id='word_1_373' title='bbox 1086 2369 1210 2422; x_wconf 90' lang='lat' dir='ltr'>sancto</span> <span class='ocrx_word' id='word_1_374' title='bbox 1237 2359 1415 2424; x_wconf 88' lang='lat' dir='ltr'>Olomucii</span> <span class='ocrx_word' id='word_1_375' title='bbox 1442 2362 1477 2423; x_wconf 91' lang='lat' dir='ltr'>in</span> <span class='ocrx_word' id='word_1_376' title='bbox 1504 2361 1657 2425; x_wconf 87' lang='lat' dir='ltr'>ecclesia</span> <span class='ocrx_word' id='word_1_377' title='bbox 1686 2382 1711 2424; x_wconf 93' lang='lat' dir='ltr'>s.</span> <span class='ocrx_word' id='word_1_378' title='bbox 1740 2363 1868 2425; x_wconf 91' lang='lat' dir='ltr'>Annae</span> <span class='ocrx_word' id='word_1_379' title='bbox 1895 2382 1916 2424; x_wconf 90' lang='lat' dir='ltr'>a</span> 
     </span>
     <span class='ocr_line' id='line_1_60' title="bbox 1086 2467 1914 2568; baseline 0.005 -25"><span class='ocrx_word' id='word_1_380' title='bbox 1086 2467 1429 2545; x_wconf 62' lang='lat' dir='ltr'>Francisco&#39;comite</span> <span class='ocrx_word' id='word_1_381' title='bbox 1452 2484 1585 2546; x_wconf 90' lang='lat' dir='ltr'>Braida</span> <span class='ocrx_word' id='word_1_382' title='bbox 1607 2504 1661 2567; x_wconf 89' lang='lat' dir='ltr'>cp.</span> <span class='ocrx_word' id='word_1_383' title='bbox 1679 2484 1914 2568; x_wconf 90' lang='lat' dir='ltr'>Hipponensi,</span> 
     </span>
     <span class='ocr_line' id='line_1_61' title="bbox 1085 2603 1916 2689; baseline 0.006 -23"><span class='ocrx_word' id='word_1_384' title='bbox 1085 2603 1311 2687; x_wconf 88' lang='lat' dir='ltr'>suffraganeo</span> <span class='ocrx_word' id='word_1_385' title='bbox 1334 2604 1492 2668; x_wconf 92' lang='lat' dir='ltr'>Olomuc.</span> <span class='ocrx_word' id='word_1_386' title='bbox 1518 2609 1707 2689; x_wconf 89' lang='lat' dir='ltr'>presbyter</span> <span class='ocrx_word' id='word_1_387' title='bbox 1732 2609 1916 2671; x_wconf 91' lang='lat' dir='ltr'>ordinatus</span> 
     </span>
     <span class='ocr_line' id='line_1_62' title="bbox 1084 2726 1914 2811; baseline 0.006 -23"><span class='ocrx_word' id='word_1_388' title='bbox 1084 2726 1161 2808; x_wconf 88' lang='lat' dir='ltr'>fuit,</span> <span class='ocrx_word' id='word_1_389' title='bbox 1175 2736 1211 2789; x_wconf 92' lang='lat' dir='ltr'>et</span> <span class='ocrx_word' id='word_1_390' title='bbox 1223 2726 1389 2790; x_wconf 89' lang='lat' dir='ltr'>Calendis</span> <span class='ocrx_word' id='word_1_391' title='bbox 1404 2726 1510 2789; x_wconf 88' lang='lat' dir='ltr'>Maiis</span> <span class='ocrx_word' id='word_1_392' title='bbox 1523 2728 1680 2791; x_wconf 89' lang='lat' dir='ltr'>eiusdem</span> <span class='ocrx_word' id='word_1_393' title='bbox 1694 2730 1775 2792; x_wconf 89' lang='lat' dir='ltr'>anni</span> <span class='ocrx_word' id='word_1_394' title='bbox 1792 2730 1914 2811; x_wconf 91' lang='lat' dir='ltr'>primi-</span> 
     </span>
     <span class='ocr_line' id='line_1_63' title="bbox 1084 2850 1912 2933; baseline 0.001 -21"><span class='ocrx_word' id='word_1_395' title='bbox 1084 2850 1153 2913; x_wconf 90' lang='lat' dir='ltr'>tias</span> <span class='ocrx_word' id='word_1_396' title='bbox 1178 2851 1381 2912; x_wconf 89' lang='lat' dir='ltr'>celebravit.</span> <span class='ocrx_word' id='word_1_397' title='bbox 1413 2850 1519 2912; x_wconf 90' lang='lat' dir='ltr'>Anno</span> <span class='ocrx_word' id='word_1_398' title='bbox 1548 2855 1627 2930; x_wconf 80' lang='lat'>1726</span> <span class='ocrx_word' id='word_1_399' title='bbox 1651 2851 1912 2933; x_wconf 90' lang='lat' dir='ltr'>philosophiam</span> 
     </span>
     <span class='ocr_line' id='line_1_64' title="bbox 1083 2972 1913 3056; baseline 0.004 -23"><span class='ocrx_word' id='word_1_400' title='bbox 1083 2972 1913 3056; x_wconf 81' lang='lat' dir='ltr'>clericosdomiedocuit,1730verotheologiam,</span> 
     </span>
     <span class='ocr_line' id='line_1_65' title="bbox 1084 3096 1912 3190; baseline 0.005 -34"><span class='ocrx_word' id='word_1_401' title='bbox 1084 3096 1229 3158; x_wconf 91' lang='lat' dir='ltr'>iuvenes</span> <span class='ocrx_word' id='word_1_402' title='bbox 1246 3096 1401 3177; x_wconf 92' lang='lat' dir='ltr'>optimae</span> <span class='ocrx_word' id='word_1_403' title='bbox 1423 3096 1551 3159; x_wconf 90' lang='lat' dir='ltr'>indolis</span> <span class='ocrx_word' id='word_1_404' title='bbox 1573 3097 1755 3190; x_wconf 82' lang='lat' dir='ltr'>ordinique</span> <span class='ocrx_word' id='word_1_405' title='bbox 1777 3117 1912 3160; x_wconf 93' lang='lat' dir='ltr'>summo</span> 
     </span>
     <span class='ocr_line' id='line_1_66' title="bbox 1084 3218 1911 3282; baseline 0.002 -2"><span class='ocrx_word' id='word_1_406' title='bbox 1084 3220 1212 3280; x_wconf 87' lang='lat' dir='ltr'>decore</span> <span class='ocrx_word' id='word_1_407' title='bbox 1244 3218 1440 3281; x_wconf 88' lang='lat' dir='ltr'>servientes</span> <span class='ocrx_word' id='word_1_408' title='bbox 1475 3218 1568 3281; x_wconf 91' lang='lat' dir='ltr'>inter</span> <span class='ocrx_word' id='word_1_409' title='bbox 1603 3238 1685 3281; x_wconf 91' lang='lat' dir='ltr'>suos</span> <span class='ocrx_word' id='word_1_410' title='bbox 1721 3238 1911 3282; x_wconf 88' lang='lat' dir='ltr'>numerans</span> 
     </span>
     <span class='ocr_line' id='line_1_67' title="bbox 1082 3338 1910 3423; baseline 0.002 -21"><span class='ocrx_word' id='word_1_411' title='bbox 1082 3341 1252 3422; x_wconf 73' lang='grc'>5101111105,</span> <span class='ocrx_word' id='word_1_412' title='bbox 1280 3349 1319 3402; x_wconf 85' lang='grc'>111</span> <span class='ocrx_word' id='word_1_413' title='bbox 1344 3341 1383 3403; x_wconf 90' lang='lat' dir='ltr'>P.</span> <span class='ocrx_word' id='word_1_414' title='bbox 1404 3340 1625 3402; x_wconf 91' lang='lat' dir='ltr'>Richardum</span> <span class='ocrx_word' id='word_1_415' title='bbox 1648 3338 1807 3404; x_wconf 83' lang='lat' dir='ltr'>Scheller</span> <span class='ocrx_word' id='word_1_416' title='bbox 1831 3352 1910 3423; x_wconf 84' lang='lat' dir='ltr'>etc,</span> 
     </span>
     <span class='ocr_line' id='line_1_68' title="bbox 1082 3462 1912 3544; baseline 0.002 -21"><span class='ocrx_word' id='word_1_417' title='bbox 1082 3462 1268 3524; x_wconf 90' lang='lat' dir='ltr'>duodecim</span> <span class='ocrx_word' id='word_1_418' title='bbox 1288 3462 1442 3524; x_wconf 92' lang='lat' dir='ltr'>novitios</span> <span class='ocrx_word' id='word_1_419' title='bbox 1464 3463 1640 3544; x_wconf 85' lang='lat' dir='ltr'>educavit,</span> <span class='ocrx_word' id='word_1_420' title='bbox 1664 3482 1811 3544; x_wconf 92' lang='lat' dir='ltr'>quorum</span> <span class='ocrx_word' id='word_1_421' title='bbox 1832 3463 1912 3526; x_wconf 93' lang='lat' dir='ltr'>ulti-</span> 
     </span>
     <span class='ocr_line' id='line_1_69' title="bbox 1081 3583 1911 3664; baseline 0.005 -19"><span class='ocrx_word' id='word_1_422' title='bbox 1081 3603 1158 3645; x_wconf 89' lang='lat' dir='ltr'>mus</span> <span class='ocrx_word' id='word_1_423' title='bbox 1191 3603 1313 3664; x_wconf 89' lang='lat' dir='ltr'>praep.</span> <span class='ocrx_word' id='word_1_424' title='bbox 1347 3583 1539 3647; x_wconf 90' lang='lat' dir='ltr'>Othmarus</span> <span class='ocrx_word' id='word_1_425' title='bbox 1568 3583 1708 3647; x_wconf 90' lang='lat' dir='ltr'>Conrad</span> <span class='ocrx_word' id='word_1_426' title='bbox 1739 3584 1815 3647; x_wconf 87' lang='lat' dir='ltr'>fuit.</span> <span class='ocrx_word' id='word_1_427' title='bbox 1854 3584 1911 3649; x_wconf 93' lang='lat' dir='ltr'>Ob</span> 
     </span>
     <span class='ocr_line' id='line_1_70' title="bbox 1081 3704 1911 3788; baseline 0.004 -22"><span class='ocrx_word' id='word_1_428' title='bbox 1081 3706 1264 3787; x_wconf 88' lang='lat' dir='ltr'>praeclara</span> <span class='ocrx_word' id='word_1_429' title='bbox 1277 3704 1373 3766; x_wconf 91' lang='lat' dir='ltr'>vitae</span> <span class='ocrx_word' id='word_1_430' title='bbox 1389 3715 1493 3786; x_wconf 87' lang='lat' dir='ltr'>gesta</span> <span class='ocrx_word' id='word_1_431' title='bbox 1510 3712 1587 3784; x_wconf 85' lang='grc'>1731</span> <span class='ocrx_word' id='word_1_432' title='bbox 1607 3707 1771 3788; x_wconf 92' lang='lat' dir='ltr'>subprior</span> <span class='ocrx_word' id='word_1_433' title='bbox 1785 3709 1911 3770; x_wconf 90' lang='lat' dir='ltr'>domus</span> 
     </span>
     <span class='ocr_line' id='line_1_71' title="bbox 1080 3826 1910 3911; baseline 0.006 -23"><span class='ocrx_word' id='word_1_434' title='bbox 1080 3826 1206 3908; x_wconf 87' lang='lat' dir='ltr'>factus,</span> <span class='ocrx_word' id='word_1_435' title='bbox 1229 3845 1308 3889; x_wconf 89' lang='lat' dir='ltr'>curn</span> <span class='ocrx_word' id='word_1_436' title='bbox 1330 3827 1456 3888; x_wconf 89' lang='lat' dir='ltr'>studiis</span> <span class='ocrx_word' id='word_1_437' title='bbox 1477 3829 1681 3892; x_wconf 89' lang='lat' dir='ltr'>domesticis</span> <span class='ocrx_word' id='word_1_438' title='bbox 1703 3830 1749 3891; x_wconf 85' lang='lat' dir='ltr'>ad</span> <span class='ocrx_word' id='word_1_439' title='bbox 1770 3839 1910 3911; x_wconf 88' lang='lat' dir='ltr'>tempus</span> 
     </span>
     <span class='ocr_line' id='line_1_72' title="bbox 1081 3947 1910 4032; baseline 0.004 -21"><span class='ocrx_word' id='word_1_440' title='bbox 1081 3947 1241 4030; x_wconf 90' lang='lat' dir='ltr'>occlusis,</span> <span class='ocrx_word' id='word_1_441' title='bbox 1259 3948 1346 4010; x_wconf 92' lang='lat' dir='ltr'>nihil</span> <span class='ocrx_word' id='word_1_442' title='bbox 1358 3949 1492 4032; x_wconf 89' lang='lat' dir='ltr'>negotii</span> <span class='ocrx_word' id='word_1_443' title='bbox 1504 3949 1661 4032; x_wconf 89' lang='lat' dir='ltr'>haberet,</span> <span class='ocrx_word' id='word_1_444' title='bbox 1675 3971 1740 4032; x_wconf 93' lang='lat' dir='ltr'>per</span> <span class='ocrx_word' id='word_1_445' title='bbox 1753 3952 1823 4014; x_wconf 93' lang='lat' dir='ltr'>duo</span> <span class='ocrx_word' id='word_1_446' title='bbox 1836 3951 1910 4014; x_wconf 88' lang='lat' dir='ltr'>fere</span> 
     </span>
     <span class='ocr_line' id='line_1_73' title="bbox 1080 4072 1909 4154; baseline 0.002 -21"><span class='ocrx_word' id='word_1_447' title='bbox 1080 4072 1191 4133; x_wconf 90' lang='lat' dir='ltr'>lustra</span> <span class='ocrx_word' id='word_1_448' title='bbox 1204 4072 1332 4133; x_wconf 88' lang='lat' dir='ltr'>sedulo</span> <span class='ocrx_word' id='word_1_449' title='bbox 1349 4091 1454 4133; x_wconf 93' lang='lat' dir='ltr'>curae</span> <span class='ocrx_word' id='word_1_450' title='bbox 1470 4072 1664 4134; x_wconf 89' lang='lat' dir='ltr'>animarum</span> <span class='ocrx_word' id='word_1_451' title='bbox 1685 4092 1831 4154; x_wconf 90' lang='lat' dir='ltr'>operam</span> <span class='ocrx_word' id='word_1_452' title='bbox 1849 4093 1909 4135; x_wconf 90' lang='lat' dir='ltr'>na-</span> 
     </span>
     <span class='ocr_line' id='line_1_74' title="bbox 1080 4193 1909 4276; baseline -0.001 -19"><span class='ocrx_word' id='word_1_453' title='bbox 1080 4193 1189 4276; x_wconf 87' lang='lat' dir='ltr'>vavit,</span> <span class='ocrx_word' id='word_1_454' title='bbox 1207 4193 1326 4256; x_wconf 91' lang='lat' dir='ltr'>studia</span> <span class='ocrx_word' id='word_1_455' title='bbox 1342 4205 1381 4257; x_wconf 91' lang='lat' dir='ltr'>ut</span> <span class='ocrx_word' id='word_1_456' title='bbox 1397 4195 1596 4256; x_wconf 89' lang='lat' dir='ltr'>adamatam</span> <span class='ocrx_word' id='word_1_457' title='bbox 1609 4194 1806 4258; x_wconf 90' lang='lat' dir='ltr'>Rachelem</span> <span class='ocrx_word' id='word_1_458' title='bbox 1823 4215 1909 4257; x_wconf 90' lang='lat' dir='ltr'>nun-</span> 
     </span>
    </p>
   </div>
   <div class='ocr_carea' id='block_1_13' title="bbox 1081 4316 1910 4401">
    <p class='ocr_par' dir='ltr' id='par_1_17' title="bbox 1081 4316 1910 4401">
     <span class='ocr_line' id='line_1_75' title="bbox 1081 4316 1910 4401; baseline 0 -23"><span class='ocrx_word' id='word_1_459' title='bbox 1081 4337 1187 4398; x_wconf 89' lang='lat' dir='ltr'>quam</span> <span class='ocrx_word' id='word_1_460' title='bbox 1215 4337 1285 4380; x_wconf 88' lang='lat' dir='ltr'>non</span> <span class='ocrx_word' id='word_1_461' title='bbox 1312 4318 1551 4399; x_wconf 87' lang='lat' dir='ltr'>amplexurus.</span> <span class='ocrx_word' id='word_1_462' title='bbox 1585 4316 1721 4379; x_wconf 89' lang='lat' dir='ltr'>Redux</span> <span class='ocrx_word' id='word_1_463' title='bbox 1744 4318 1864 4401; x_wconf 90' lang='lat' dir='ltr'>Praga</span> <span class='ocrx_word' id='word_1_464' title='bbox 1889 4337 1910 4378; x_wconf 92' lang='lat' dir='ltr'>a</span> 
     </span>
    </p>
   </div>
   <div class='ocr_carea' id='block_1_14' title="bbox 1079 4438 1909 5493">
    <p class='ocr_par' dir='ltr' id='par_1_18' title="bbox 1079 4438 1909 5493">
     <span class='ocr_line' id='line_1_76' title="bbox 1081 4438 1909 4521; baseline -0.001 -20"><span class='ocrx_word' id='word_1_465' title='bbox 1081 4439 1238 4520; x_wconf 88' lang='lat' dir='ltr'>capitulo</span> <span class='ocrx_word' id='word_1_466' title='bbox 1254 4439 1462 4520; x_wconf 90' lang='lat' dir='ltr'>provinciali</span> <span class='ocrx_word' id='word_1_467' title='bbox 1475 4439 1607 4501; x_wconf 90' lang='lat' dir='ltr'>ordinis</span> <span class='ocrx_word' id='word_1_468' title='bbox 1619 4440 1715 4521; x_wconf 93' lang='lat' dir='ltr'>prior</span> <span class='ocrx_word' id='word_1_469' title='bbox 1728 4438 1909 4502; x_wconf 90' lang='lat' dir='ltr'>constitui·</span> 
     </span>
     <span class='ocr_line' id='line_1_77' title="bbox 1081 4559 1907 4643; baseline -0.002 -20"><span class='ocrx_word' id='word_1_470' title='bbox 1081 4571 1151 4641; x_wconf 90' lang='lat' dir='ltr'>tur,</span> <span class='ocrx_word' id='word_1_471' title='bbox 1175 4570 1249 4622; x_wconf 91' lang='lat' dir='ltr'>tum</span> <span class='ocrx_word' id='word_1_472' title='bbox 1273 4561 1319 4622; x_wconf 92' lang='lat' dir='ltr'>ad</span> <span class='ocrx_word' id='word_1_473' title='bbox 1342 4569 1483 4640; x_wconf 92' lang='lat' dir='ltr'>tempus</span> <span class='ocrx_word' id='word_1_474' title='bbox 1507 4559 1688 4640; x_wconf 91' lang='lat' dir='ltr'>inspector</span> <span class='ocrx_word' id='word_1_475' title='bbox 1711 4560 1907 4643; x_wconf 87' lang='lat' dir='ltr'>Nigrofani‚</span> 
     </span>
     <span class='ocr_line' id='line_1_78' title="bbox 1081 4681 1909 4764; baseline 0.001 -21"><span class='ocrx_word' id='word_1_476' title='bbox 1081 4684 1220 4744; x_wconf 91' lang='lat' dir='ltr'>demum</span> <span class='ocrx_word' id='word_1_477' title='bbox 1229 4681 1419 4764; x_wconf 90' lang='lat' dir='ltr'>Raigradii</span> <span class='ocrx_word' id='word_1_478' title='bbox 1431 4682 1593 4762; x_wconf 89' lang='lat' dir='ltr'>provisor</span> <span class='ocrx_word' id='word_1_479' title='bbox 1606 4692 1641 4745; x_wconf 90' lang='lat' dir='ltr'>et</span> <span class='ocrx_word' id='word_1_480' title='bbox 1651 4683 1784 4763; x_wconf 89' lang='lat' dir='ltr'>primus</span> <span class='ocrx_word' id='word_1_481' title='bbox 1796 4683 1909 4745; x_wconf 89' lang='lat' dir='ltr'>archi·</span> 
     </span>
     <span class='ocr_line' id='line_1_79' title="bbox 1080 4802 1908 4886; baseline 0.004 -23"><span class='ocrx_word' id='word_1_482' title='bbox 1080 4802 1199 4864; x_wconf 87' lang='lat' dir='ltr'>varius</span> <span class='ocrx_word' id='word_1_483' title='bbox 1216 4823 1361 4884; x_wconf 91' lang='lat' dir='ltr'>summa,</span> <span class='ocrx_word' id='word_1_484' title='bbox 1379 4824 1449 4885; x_wconf 92' lang='lat' dir='ltr'>qua</span> <span class='ocrx_word' id='word_1_485' title='bbox 1463 4823 1603 4886; x_wconf 90' lang='lat' dir='ltr'>semper</span> <span class='ocrx_word' id='word_1_486' title='bbox 1614 4803 1807 4885; x_wconf 87' lang='lat' dir='ltr'>fruebatur,</span> <span class='ocrx_word' id='word_1_487' title='bbox 1826 4823 1908 4866; x_wconf 91' lang='lat' dir='ltr'>con-</span> 
     </span>
     <span class='ocr_line' id='line_1_80' title="bbox 1079 4924 1907 5007; baseline 0.002 -22"><span class='ocrx_word' id='word_1_488' title='bbox 1079 4932 1208 4985; x_wconf 88' lang='lat' dir='ltr'>ventus</span> <span class='ocrx_word' id='word_1_489' title='bbox 1224 4935 1260 4986; x_wconf 92' lang='lat' dir='ltr'>et</span> <span class='ocrx_word' id='word_1_490' title='bbox 1275 4925 1471 5006; x_wconf 89' lang='lat' dir='ltr'>praepositi</span> <span class='ocrx_word' id='word_1_491' title='bbox 1487 4924 1616 4987; x_wconf 89' lang='lat' dir='ltr'>fiducia</span> <span class='ocrx_word' id='word_1_492' title='bbox 1638 4944 1707 4986; x_wconf 94' lang='lat' dir='ltr'>non</span> <span class='ocrx_word' id='word_1_493' title='bbox 1730 4924 1907 5007; x_wconf 86' lang='lat' dir='ltr'>indignus.</span> 
     </span>
     <span class='ocr_line' id='line_1_81' title="bbox 1080 5045 1908 5128; baseline 0 -19"><span class='ocrx_word' id='word_1_494' title='bbox 1080 5045 1183 5109; x_wconf 89' lang='lat' dir='ltr'>Sicce</span> <span class='ocrx_word' id='word_1_495' title='bbox 1200 5047 1512 5127; x_wconf 90' lang='lat' dir='ltr'>contemplativam</span> <span class='ocrx_word' id='word_1_496' title='bbox 1528 5066 1669 5128; x_wconf 92' lang='lat' dir='ltr'>semper</span> <span class='ocrx_word' id='word_1_497' title='bbox 1690 5067 1769 5110; x_wconf 93' lang='lat' dir='ltr'>cum</span> <span class='ocrx_word' id='word_1_498' title='bbox 1789 5045 1908 5109; x_wconf 91' lang='lat' dir='ltr'>activa</span> 
     </span>
     <span class='ocr_line' id='line_1_82' title="bbox 1079 5168 1908 5253; baseline 0 -22"><span class='ocrx_word' id='word_1_499' title='bbox 1079 5169 1210 5251; x_wconf 89' lang='lat' dir='ltr'>agendi</span> <span class='ocrx_word' id='word_1_500' title='bbox 1226 5168 1362 5230; x_wconf 90' lang='lat' dir='ltr'>ratione</span> <span class='ocrx_word' id='word_1_501' title='bbox 1376 5169 1594 5253; x_wconf 89' lang='lat' dir='ltr'>coniungens</span> <span class='ocrx_word' id='word_1_502' title='bbox 1611 5169 1715 5232; x_wconf 92' lang='lat' dir='ltr'>morti</span> <span class='ocrx_word' id='word_1_503' title='bbox 1732 5169 1839 5231; x_wconf 91' lang='lat' dir='ltr'>cessit</span> <span class='ocrx_word' id='word_1_504' title='bbox 1854 5170 1908 5231; x_wconf 93' lang='lat' dir='ltr'>vir</span> 
     </span>
     <span class='ocr_line' id='line_1_83' title="bbox 1080 5290 1907 5372; baseline -0.004 -18"><span class='ocrx_word' id='word_1_505' title='bbox 1080 5291 1235 5372; x_wconf 90' lang='lat' dir='ltr'>optimae</span> <span class='ocrx_word' id='word_1_506' title='bbox 1266 5291 1456 5352; x_wconf 88' lang='lat' dir='ltr'>memoriae</span> <span class='ocrx_word' id='word_1_507' title='bbox 1483 5300 1519 5352; x_wconf 94' lang='lat' dir='ltr'>et</span> <span class='ocrx_word' id='word_1_508' title='bbox 1545 5290 1749 5354; x_wconf 91' lang='lat' dir='ltr'>meritorum</span> <span class='ocrx_word' id='word_1_509' title='bbox 1780 5291 1907 5370; x_wconf 92' lang='lat' dir='ltr'>plenus</span> 
     </span>
     <span class='ocr_line' id='line_1_84' title="bbox 1084 5415 1363 5493; baseline -0.011 -17"><span class='ocrx_word' id='word_1_510' title='bbox 1084 5436 1131 5480; x_wconf 89' lang='lat'>11.</span> <span class='ocrx_word' id='word_1_511' title='bbox 1148 5415 1252 5478; x_wconf 91' lang='lat' dir='ltr'>Mart.</span> <span class='ocrx_word' id='word_1_512' title='bbox 1274 5417 1363 5493; x_wconf 84' lang='grc'>1753.</span> 
     </span>
    </p>
   </div>
   <div class='ocr_carea' id='block_1_15' title="bbox 0 0 2094 6196">
    <p class='ocr_par' dir='ltr' id='par_1_19' title="bbox 0 0 2094 6196">
     <span class='ocr_line' id='line_1_85' title="bbox 0 0 2094 6196; baseline 0 2"><span class='ocrx_word' id='word_1_513' title='bbox 0 0 2094 6196; x_wconf 95' lang='lat' dir='ltr'> </span> 
     </span>
    </p>
   </div>
  </div>
 </body>
</html>
