4178 6196
921 439 1151 506 ‚9-

158 624 254 703 (ddo.
266 622 427 686 Venetiis
444 623 501 686 die
518 626 568 684 31.
586 622 671 685 Maii
692 623 784 702 1800)
801 621 869 685 fuit
884 622 994 685 nomi·

158 755 264 807 natus
281 758 317 808 et
334 754 560 808 consecratus
573 745 861 826 archiepiscopus
877 744 993 807 titulo:

157 866 395 930 Eczmiadzini
411 867 446 929 in
461 877 551 948 part.
569 865 698 929 infidel.
715 867 822 929 Anno
838 870 915 928 1802
927 864 994 928 fuit

158 990 296 1052 electus
312 991 425 1052 abbas
437 989 614 1072 generalis
630 1008 750 1071 congr.
768 987 993 1051 Mechithari-

158 1112 271 1174 sticae
296 1112 537 1193 Tergestinae.
561 1109 773 1194 Opportuno
797 1131 882 1174 sane
906 1122 993 1173 tem-

158 1253 246 1316 pore
278 1245 472 1297 vocaverat
497 1233 723 1316 providentia
750 1233 869 1296 divina
900 1235 993 1296 hunc

159 1355 358 1437 praelatum
380 1357 426 1418 ad
446 1357 513 1418 hoc
534 1357 682 1418 arduum
699 1376 835 1438 munuS,
856 1366 895 1418 ut
917 1365 992 1418 tan-

159 1497 265 1556 quam
293 1486 464 1558 patronus
491 1498 532 1539 ac
559 1477 774 1559 praesidium
802 1477 993 1540 sustineret

160 1609 392 1680 tuereturque
417 1599 731 1681 congregationem
752 1600 787 1662 in
810 1619 993 1661 aerumna-

158 1741 236 1783 rum
261 1723 397 1803 diebuS,
422 1722 481 1803 qui
502 1741 585 1783 mox
606 1723 672 1785 toti
687 1720 841 1784 familiae
861 1721 994 1784 Mechi-

161 1844 365 1906 tharisticae
378 1844 544 1925 Tergesti
561 1843 799 1906 imminebant.
818 1841 910 1905 Galli
924 1844 995 1905 iam

160 1968 206 2027 ab
232 1986 325 2029 anno
356 1971 433 2027 1805
459 1966 495 2027 in
519 1977 648 2028 terram
671 1968 864 2048 urbemque
887 1967 995 2027 irrue-

160 2099 252 2160 rant;
270 2108 336 2170 pro
352 2087 629 2150 Mechitharistis
645 2090 856 2151 crescebant
869 2088 904 2150 in
919 2088 995 2150 dies

160 2210 301 2272 futurae
318 2211 530 2273 calamitatis
546 2211 714 2292 pericula.
733 2211 995 2273 Illustrissimus

160 2333 322 2394 dominus
346 2333 557 2395 Adeodatus
589 2333 640 2396 uti
670 2342 773 2414 pater
799 2345 994 2415 pastorque

161 2457 275 2517 bonus
306 2475 370 2517 suo
398 2456 562 2537 exemplo
596 2454 805 2537 efficacique
832 2476 995 2518 sermone

162 2597 261 2660 spem
279 2579 394 2640 anxiis
410 2579 588 2640 mentibus
605 2579 769 2660 viresque
786 2578 933 2660 addidit,
951 2598 994 2640 ne

162 2701 215 2761 sui
239 2701 274 2762 in
298 2701 496 2763 vocationis
523 2721 609 2763 suae
636 2701 830 2763 stabilitate
852 2701 994 2763 vacilla-

160 2835 248 2904 rent,
266 2825 330 2884 sed
347 2824 466 2904 potius
482 2824 626 2885 meliora
647 2833 808 2905 tempora
832 2844 852 2885 a
875 2823 995 2885 divina

160 2945 387 3023 providentia
408 2955 593 3025 sperantes
616 2965 658 3007 ac
678 2956 853 3028 petenteS,
878 2945 994 3008 animo

161 3065 283 3128 fidenti
301 3078 431 3130 essent.
449 3068 563 3129 Annis
580 3068 736 3149 quinque
749 3068 783 3130 in
796 3068 994 3130 huiusmodi

160 3189 344 3251 anxietate
366 3191 564 3272 transactis,
586 3210 665 3252 cum
682 3191 759 3253 dies
776 3189 920 3252 infausti
937 3210 994 3253 co·

160 3311 274 3372 minus
291 3311 547 3394 impenderent,
564 3314 731 3394 nullaque
744 3313 993 3375 incolumitatis

160 3452 243 3512 spes
252 3453 316 3514 pro
326 3435 775 3517 congregationeTergesti
784 3444 991 3517 remaneret,

160 3568 304 3616 coactus
328 3567 383 3617 est
406 3556 661 3646 illustrissimus
686 3558 848 3620 dominus
872 3558 991 3620 Adeo·

160 3680 264 3740 datus
291 3678 374 3739 alibi
402 3698 467 3758 pro
495 3680 567 3741 suis
595 3680 825 3742 familiaribus
853 3681 990 3763 asylum

160 3819 340 3880 quaerere.
364 3801 477 3882 Igitur
491 3801 591 3864 initio
608 3803 689 3864 anni
711 3807 792 3864 1810
808 3822 891 3864 suos
905 3802 990 3864 Ter-

159 3920 251 4001 gesti
275 3920 363 4007 De0,
387 3923 637 4005 Deiparaeque
657 3924 796 4007 Virgini
817 3935 989 4007 patronae

159 4047 446 4129 congregationis
458 4049 719 4129 commendans,
737 4048 813 4129 ipse
830 4068 908 4110 cum
925 4066 989 4109 suo

159 4170 348 4231 secretario
361 4170 428 4232 iter
440 4170 622 4251 ingressus
636 4180 700 4232 est.
717 4170 787 4233 Ast
799 4181 988 4251 postquam

160 4311 259 4372 spem
275 4290 381 4355 fausti
398 4312 584 4355 successus
603 4293 733 4373 ubique
750 4292 936 4354 extenuari
953 4302 988 4354 et

160 4433 374 4477 evanescere
390 4415 489 4496 vidit,
511 4415 633 4477 ultima
650 4414 804 4495 experiri
824 4414 987 4477 tentavit.

161 4535 377 4599 Continuans
393 4536 460 4598 iter
476 4556 585 4618 suum,
607 4537 730 4618 primis
748 4537 874 4599 diebus
890 4555 987 4598 men-

161 4659 207 4719 sis
223 4656 390 4721 Octobris
406 4658 563 4721 eiusdem
581 4658 664 4720 anni
680 4659 715 4721 in
730 4659 900 4721 Austriae
916 4678 987 4720 me-

161 4781 333 4861 tropolim,
350 4779 525 4843 Viennam
541 4781 715 4861 pervenit.
746 4781 893 4863 Ibidem,
910 4782 988 4844 Deo

161 4904 235 4964 eius
260 4903 446 4965 conamina
469 4913 671 4986 coronante,
694 4914 856 4985 optatum
879 4905 989 4986 impe·

161 5027 280 5089 travit:
305 5026 514 5108 pientissimi
531 5026 665 5089 seilicet
681 5025 843 5089 Caesaris
864 5036 900 5089 et
914 5027 990 5090 Re·

160 5150 215 5232 gis
230 5149 260 5211 F
262 5149 411 5211 rancisci
427 5149 452 5211 1.
474 5150 633 5232 gratioso
654 5169 824 5212 concessu
841 5147 989 5230 Capuci-

161 5293 282 5335 norum
303 5273 554 5335 monasterium
576 5293 655 5335 cum
674 5274 825 5335 ecclesia
848 5273 883 5334 in
908 5275 989 5334 sub-

161 5396 259 5457 urbio
276 5394 476 5478 acquisivit.
499 5396 587 5458 Mox
603 5397 714 5459 secuti
731 5407 813 5459 sunt
829 5416 909 5458 eum
925 5415 989 5458 sex

1074 619 1276 703 presbyteri
1292 619 1579 701 congregationis
1590 619 1755 702 Tergesti
1771 619 1904 682 exules

1074 741 1180 803 Anno
1201 740 1431 822 subsequenti
1450 741 1559 820 (1811)
1576 740 1675 802 initio
1691 741 1823 803 mensis
1839 740 1905 803 Fe-

1073 862 1215 944 bruarii,
1241 881 1363 925 omnes
1388 862 1491 924 simul
1511 863 1700 926 iubilantes
1726 873 1763 927 et
1781 865 1906 928 laudes

1073 986 1119 1047 ad
1134 984 1250 1046 Deum
1267 985 1301 1047 in
1319 985 1471 1047 excelsis
1486 987 1691 1050 attollentes
1706 986 1906 1069 ingressum

1073 1126 1174 1168 suum
1191 1107 1226 1169 in
1242 1127 1370 1170 novam
1389 1109 1649 1189 possessionem
1671 1109 1904 1172 celebrarunt.
1921 1138 1925 1145 ·

1073 1228 1361 1292 Mechitharistae
1385 1230 1682 1293 Vindobonenses
1712 1231 1747 1292 in
1774 1231 1906 1314 gratia-

1073 1370 1148 1412 rum
1176 1352 1351 1414 actionem
1380 1372 1445 1435 pro
1472 1353 1581 1415 tantis
1608 1354 1797 1436 laboribuS,
1829 1365 1905 1417 tan·

1074 1472 1190 1553 tisque
1213 1472 1395 1536 beneficiis
1423 1475 1645 1537 illustrissimi
1674 1476 1728 1537 sui
1752 1477 1903 1559 abbatiS,

1074 1605 1244 1676 tanquam
1260 1597 1406 1658 secundi
1423 1597 1630 1680 fundatoriS,
1651 1596 1747 1660 filiali
1769 1599 1905 1680 pietate

1074 1717 1278 1780 memoriam
1305 1719 1381 1780 eius
1408 1721 1569 1782 venerari
1598 1741 1776 1802 nunquam
1804 1723 1903 1785 omit-

1075 1849 1163 1903 tunt.
1188 1841 1271 1922 Ipse
1291 1853 1411 1904 autem
1431 1842 1685 1905 illustrissimus
1707 1846 1849 1925 praesul
1865 1854 1904 1907 ut

1075 1964 1150 2025 zelo
1165 1983 1356 2045 amoreque
1372 1976 1521 2046 patemo
1538 1985 1637 2027 suam
1652 1966 1819 2029 familiam
1831 1987 1903 2030 arn-

1075 2087 1308 2170 plectebatur,
1336 2088 1386 2149 ita
1409 2106 1474 2169 pro
1498 2088 1656 2150 eiusdem
1680 2090 1802 2151 maiori
1825 2110 1906 2172 pro-

1075 2229 1202 2291 gressu
1218 2209 1253 2272 in
1269 2210 1449 2273 literarum
1462 2211 1648 2292 disciplina
1661 2231 1801 2294 semper
1813 2214 1905 2276 solli·

1076 2331 1165 2394 citus
1188 2344 1275 2396 erat.
1304 2333 1387 2396 Fuit
1410 2334 1486 2415 ipse
1511 2335 1657 2398 multum
1681 2346 1845 2400 versatus
1870 2338 1905 2400 in

1075 2454 1204 2536 linguis
1225 2456 1351 2518 Latina
1375 2467 1411 2519 et
1434 2457 1568 2540 Italica,
1591 2460 1744 2522 maxime
1760 2479 1845 2522 vero
1869 2461 1904 2523 in

1074 2576 1298 2659 philosophia
1311 2590 1348 2640 et
1358 2580 1537 2662 theologia
1551 2581 1754 2663 (praecipue
1762 2582 1904 2645 Thorni-

1074 2698 1185 2779 stica).
1227 2697 1431 2762 Conabatur
1461 2703 1571 2763 verbo
1608 2712 1644 2764 et
1674 2704 1815 2785 scriptis
1824 2754 1833 2787 ,
1865 2714 1904 2767 ut

1074 2821 1230 2904 religiosi
1246 2822 1300 2883 sui
1316 2823 1351 2884 in
1371 2822 1425 2884 his
1446 2823 1573 2886 studiis
1594 2825 1821 2906 singulariter
1842 2846 1903 2888 ex-

1075 2945 1252 3007 cellerent.
1271 2945 1346 3007 Iam
1359 2965 1470 3008 senex
1482 2947 1732 3029 octogenarius
1745 2967 1815 3010 non
1828 2968 1902 3011 ces-

1075 3068 1178 3129 sabat
1193 3067 1229 3128 in
1251 3068 1454 3130 domesticis
1470 3069 1768 3150 praelectionibus
1789 3071 1902 3151 quoti-

1074 3189 1188 3251 dianis
1201 3189 1415 3272 theologiam
1429 3190 1667 3273 dogmaticam
1684 3202 1719 3254 et
1732 3194 1901 3254 moralem

1074 3312 1146 3373 suis
1167 3311 1304 3374 clericis
1326 3313 1361 3374 in
1377 3313 1497 3395 lingua
1513 3314 1727 3375 Armeniaca
1748 3316 1899 3377 tradere.

1072 3434 1209 3497 Meritis
1244 3435 1387 3518 plenus,
1423 3435 1604 3518 octoginta
1638 3455 1751 3498 annos
1786 3448 1901 3519 natuS,

1071 3556 1233 3619 Viennae
1261 3557 1296 3619 in
1323 3559 1537 3620 monasterio
1564 3577 1628 3621 suo
1652 3559 1709 3621 die
1742 3564 1789 3622 18.
1814 3560 1901 3641 Apr.

1076 3683 1153 3741 1825
1172 3679 1246 3742 vita
1263 3679 1451 3742 defunctus
1468 3691 1532 3743 est.

1157 3837 1308 3922 Scripsit
1329 3849 1364 3900 et
1380 3859 1426 3900 ex
1442 3839 1518 3901 Lat.
1536 3840 1570 3901 in
1588 3838 1903 3903 Palaeoarmenum

1070 3981 1267 4025 sermonem
1284 3963 1477 4025 transtulit:

1155 4128 1177 4182 1.
1188 4124 1499 4203 ΙΚηιίωΊιμῇηιβρύι
1510 4126 1550 4200 l}-
1560 4124 1728 4202 Ιΰνηίιῆιῃῤ,
1743 4128 1760 4182 i.
1774 4146 1800 4182 e.
1814 4122 1900 4201 (Cum

1067 4229 1218 4306 aliquibus
1240 4232 1331 4288 sociis
1352 4231 1428 4296 suis,
1453 4249 1520 4285 curn
1542 4229 1639 4286 adhuc
1657 4231 1791 4287 Venetiis
1808 4230 1901 4304 dege·

1068 4333 1124 4413 ret)
1138 4355 1174 4392 ex
1188 4336 1255 4391 Lat.
1269 4337 1297 4389 in
1310 4335 1576 4390 Palaeoarmenum
1589 4337 1679 4390 vertit
1690 4334 1805 4408 aliquot
1822 4346 1901 4389 trac·

1068 4454 1148 4496 tatus
1176 4459 1213 4496 ex
1237 4440 1270 4497 C.
1292 4439 1399 4495 Renati
1423 4439 1547 4496 Billuart
1576 4438 1640 4495 ord.
1665 4438 1770 4495 Praed.
1803 4439 1900 4494 Cursu

1068 4546 1241 4620 theologiae
1258 4545 1434 4600 universalis
1451 4546 1532 4600 iuxta
1545 4557 1670 4600 mentem
1689 4585 1696 4598 .
1714 4586 1721 4598 .
1739 4585 1745 4598 .
1764 4543 1801 4597 D.
1816 4542 1900 4599 Tho·

1068 4668 1143 4706 mae.
1167 4647 1291 4705 Scilicet
1308 4649 1471 4705 Tractatus
1491 4651 1523 4722 a)
1543 4648 1579 4703 dc
1596 4649 1664 4704 Deo
1684 4665 1743 4702 uno
1760 4659 1790 4702 et
1806 4649 1898 4711 trino;

1069 4754 1100 4826 b)
1115 4754 1152 4810 de
1173 4755 1393 4820 incarnatione;
1417 4755 1446 4826 c)
1466 4752 1626 4825 degrada,
1648 4764 1678 4806 et
1697 4751 1730 4824 d)
1750 4750 1788 4806 dc
1806 4770 1899 4824 ange-

1070 4860 1114 4916 lis.
1135 4859 1244 4914 —Ex
1268 4858 1324 4913 hac
1344 4859 1486 4913 versione
1506 4868 1618 4911 tantum
1640 4866 1785 4911 tractatus
1811 4857 1843 4925 a)
1863 4855 1900 4910 de

1071 4964 1137 5019 Deo
1156 4981 1214 5018 uno
1230 4976 1260 5018 et
1276 4965 1364 5031 trinu,
1382 4975 1411 5017 et
1428 4961 1459 5035 b)
1474 4961 1511 5016 de
1523 4961 1648 5034 angelis,
1667 4961 1696 5014 in
1715 4974 1730 5015 2
1746 4959 1806 5015 vol.
1820 4962 1900 5035 typis

1070 5067 1199 5123 mandati
1216 5079 1294 5122 sunt.
1314 5066 1465 5138 Tergesti,
1485 5067 1564 5140 typis
1581 5063 1721 5120 Mechith.
1743 5063 1833 5137 1788.

1156 5190 1216 5245 NB.
1241 5188 1360 5262 Reliqui
1381 5201 1525 5244 tractatus
1541 5206 1633 5262 supra
1648 5188 1800 5253 nominati,
1821 5206 1900 5261 quos

1070 5295 1285 5351 illustrissimus
1302 5293 1448 5349 Dominus
1463 5291 1638 5348 Adeodatus
1656 5293 1684 5346 in
1699 5291 1782 5347 Arm.
1799 5293 1898 5357 uertit,

1069 5403 1111 5455 uti
1139 5399 1262 5455 codices
1290 5398 1481 5472 manuscripti
1510 5415 1577 5452 curn
1605 5399 1715 5453 ceteris
1743 5394 1900 5453 codicibus
