4178 6196
908 394 1189 481 ..328-

266 596 366 659 Artis
392 596 548 659 musicae
570 596 806 678 peritissimus
833 597 868 659 in
893 616 1007 678 eaque

179 739 315 782 summa
331 719 503 782 industria
520 729 682 782 versatus
699 719 915 801 composuit:

264 846 535 903 AchtGradualien
544 846 591 902 1111
601 845 823 904 liinlStimmen.
837 846 1008 923 11.Haupt·

178 949 379 1024 vereinsgabe
404 951 458 1008 des
482 952 623 1008 Cacilian.
641 951 787 1007 Vereines
810 948 877 1029 (pro
905 949 1007 1029 1879).

178 1054 390 1132 Regensburg,
407 1054 455 1112 bei
472 1057 521 1112 Fr.
539 1056 653 1112 Pustet.
672 1052 700 1133 (i.
715 1074 741 1112 e.
757 1055 838 1112 Octo
851 1055 1008 1130 gradualia

178 1178 234 1240 pro
245 1159 272 1217 V
284 1158 421 1216 vocibus.
443 1160 529 1235 Opus
548 1162 720 1236 primarium
740 1158 894 1216 sodalibus
911 1161 1008 1215 socie-

178 1266 247 1320 tatis
261 1265 451 1321 Caecilianae
464 1284 520 1341 pro
539 1264 619 1339 1879
632 1261 891 1341 distribuendum.)
908 1264 1008 1320 Ratis·

177 1370 286 1438 bonae,
304 1370 384 1445 apud
399 1371 449 1426 Fr.
468 1371 580 1426 Pustet.

265 1479 453 1576 Osghian
489 1491 699 1576 Georgius
732 1490 1008 1576 (Mechithari-

178 1609 265 1690 sta),
288 1608 596 1691 Constantinopoli
618 1610 675 1673 die
698 1611 828 1673 25.Ι111.
850 1615 928 1672 1802
948 1631 1008 1673 na-

177 1741 248 1812 tus,
265 1731 427 1794 Viennae
451 1731 485 1794 in
507 1732 654 1794 Austria
678 1752 704 1796 s.
726 1732 849 1794 habitu
874 1732 931 1795 die
957 1754 1006 1794 21.

176 1853 263 1916 Dec.
294 1859 372 1934 1817
397 1856 552 1937 indutus,
579 1855 635 1916 die
662 1860 690 1918 (1.
715 1855 790 1917 Iun.
820 1859 899 1934 1819
923 1864 1008 1917 vota

179 1976 305 2058 emisit,
323 1987 358 2039 et
375 1977 431 2039 die
450 1998 499 2055 24.
514 1975 592 2040 Oct.
611 1981 691 2055 1824
709 1987 937 2040 consecratus
953 1987 1008 2040 est

176 2101 378 2181 presbyter.

264 2220 365 2302 Opus
378 2221 453 2284 eius
466 2223 607 2284 unicum
623 2222 658 2284 in
670 2222 754 2305 ling.
769 2222 1007 2286 Neo-armena

177 2344 274 2426 typis
292 2344 439 2407 editum:

264 2473 287 2528 1.
308 2471 540 2552 «1711117171
555 2475 669 2549 papa,
684 2472 810 2547 711171,
825 2471 926 2547 llam,
943 2475 961 2529 i.
979 2491 1005 2528 e.

178 2579 313 2634 Historia
328 2578 409 2633 vitae
422 2577 609 2633 Constantini
627 2577 728 2650 Magni
742 2572 788 2655 (I.)
805 2578 1005 2651 imperatoris.

177 2683 320 2747 Viennae,
339 2684 418 2757 typis
434 2681 575 2737 Mechith.
597 2679 686 2737 1820.

265 2787 516 2887 Ottmansky
552 2803 673 2886 Hugo
707 2803 1005 2887 (Raigradien-

176 2923 257 3004 sis),
274 2922 309 2984 in
323 2922 439 2984 vicino
451 2941 547 3005 pago
562 2921 762 2984 Telnicensi
774 2923 890 2984 lucem
902 2943 1005 3004 aspe-

175 3046 230 3108 xit
247 3045 392 3109 8.*Mart.
407 3064 499 3107 anno
518 3065 607 3123 1704.
624 3045 768 3107 Iuvenis
782 3045 938 3126 optimae
955 3045 1005 3107 in-

177 3168 267 3231 dolis
277 3167 598 3249 mittiturBrunam,
609 3176 646 3229 ut
656 3166 853 3229 rectoribus
863 3168 1005 3229 Iesuitis

175 3291 383 3354 humaniora
395 3290 513 3352 studia
522 3277 695 3370 absolvat,
709 3289 837 3371 quibus
850 3289 1006 3370 peractis

175 3414 285 3476 vitam
298 3433 319 3474 a
332 3411 575 3474 saecularibus
588 3411 807 3474 vanitatibus
824 3423 1004 3493 remotam,

176 3556 282 3618 quarn
305 3536 386 3597 inde
409 3555 430 3595 a
451 3534 603 3615 pueritia
624 3535 865 3616 adamaverat,
889 3535 923 3596 in
945 3554 1005 3596 no-

175 3669 248 3720 stro
259 3656 435 3720 asceterio
449 3657 636 3736 amplexus
651 3665 704 3718 est
718 3676 810 3718 anno
827 3661 917 3735 1725.
935 3656 1005 3718 No-

175 3781 302 3844 vitiatu
333 3779 497 3841 absoluto
529 3779 574 3839 ad
606 3779 809 3840 sollemnem
842 3791 1004 3842 votorum

175 3901 432 3986 professionem
457 3901 632 3961 admissus
657 3900 691 3962 in
716 3900 787 3964 ΡΡ.
810 3902 1004 3965 Thaddaeo

175 4024 309 4087 Khinel
334 4034 370 4086 et
394 4021 570 4103 Procopio
588 4023 724 4104 Knopp
749 4022 845 4085 viros
868 4024 1004 4106 profes-

174 4166 271 4210 sores
289 4146 324 4208 in
340 4146 542 4228 theologiae
564 4153 600 4206 et
622 4144 867 4226 philosophiae
884 4147 1003 4208 studio

173 4279 299 4332 nactus
312 4278 377 4349 est,
391 4267 451 4348 qui
462 4267 627 4329 eximiam
641 4267 868 4330 scientiarum
883 4269 1004 4352 cogni-

173 4393 305 4456 tionem
321 4390 398 4472 pari
415 4410 493 4452 curn
507 4389 716 4470 disciplinae
729 4389 869 4451 fervore
882 4402 918 4453 et
931 4411 1001 4453 mo-

173 4535 248 4577 rum
277 4514 431 4578 candore
455 4513 712 4593 coniungentes
740 4532 809 4573 non
837 4524 1003 4593 poterant

173 4657 241 4699 non
259 4636 430 4718 instigare
453 4636 499 4696 ad
521 4633 647 4696 altiora
664 4633 837 4697 iuvenem.
867 4634 1003 4699 Studiis

172 4758 345 4820 absolutis
361 4757 469 4840 Hugo
492 4761 683 4840 presbyter
707 4757 891 4821 ordinatur
912 4768 946 4821 et
968 4759 1003 4820 in

172 4881 265 4945 festo
283 4903 309 4945 1.
326 4880 462 4943 Placidi
484 4886 561 4960 1732
580 4880 755 4961 primitias
772 4881 938 4944 celebrat.
963 4882 1002 4944 In

172 5003 378 5066 humilitatis
393 5002 643 5083 fundamentiS,
654 5023 746 5084 quae
759 5023 829 5066 una
842 5024 920 5066 curn
933 5003 1003 5067 sin·

173 5145 254 5187 cera
279 5145 365 5207 erga
388 5125 666 5206 Deigenitricem
689 5125 872 5208 Virginem
897 5147 1003 5189 vene·

173 5246 308 5308 ratione
335 5267 419 5309 mox
446 5248 528 5310 inde
556 5249 601 5309 ab
630 5248 792 5330 ingressu
821 5268 884 5310 suo
893 5297 902 5330 ,
931 5250 1002 5311 alte

173 5369 270 5430 cordi
294 5367 467 5450 infixerat,
493 5369 625 5451 optime
650 5368 843 5452 stabilituS,
869 5371 1003 5434 ostiarii
1083 5374 1319 5452 pertinentibus,
1348 5375 1489 5432 idiomate
1518 5376 1680 5431 Bohemico
1710 5379 1910 5453 conscriptae.

1087 616 1213 658 munus
1223 646 1232 678 ,
1265 597 1394 660 deinde
1425 596 1645 660 catechistae
1677 596 1713 659 in
1744 597 1851 680 pagis
1885 607 1920 660 et

1088 719 1349 782 concionatoris
1365 719 1542 782 festivalis
1558 719 1674 782 vicino
1691 720 1919 784 obedientiae

1087 843 1180 923 pede
1204 843 1362 922 suscepit
1387 841 1448 923 ita,
1473 855 1512 904 ut
1537 842 1759 922 superiorum
1776 862 1920 906 suorum

1087 965 1230 1045 plenum
1243 965 1396 1046 adeptus
1409 964 1454 1027 sit
1467 966 1688 1046 applausum.
1713 966 1820 1028 Anno
1838 986 1917 1045 1744

1087 1087 1457 1169 parochusRaigradii
1467 1086 1593 1169 factuS,
1603 1097 1781 1150 annuente
1794 1107 1917 1169 praep.

1088 1210 1255 1272 Mathaeo
1274 1230 1351 1289 1747
1367 1211 1541 1292 capellam
1552 1210 1592 1272 B.
1603 1210 1702 1274 M.V.
1717 1210 1752 1272 in
1765 1211 1919 1274 ecclesia

1087 1332 1327 1394 monasteriali
1341 1333 1476 1394 exstrui
1488 1333 1634 1395 curavit.
1648 1331 1810 1414 Quatuor
1818 1334 1918 1396 annis

1088 1463 1170 1535 post
1198 1453 1232 1516 in
1255 1453 1382 1535 prioris
1405 1474 1531 1517 munus
1555 1466 1751 1537 promotuS,
1776 1455 1919 1537 provin-

1088 1576 1177 1638 ciam
1190 1577 1282 1638 hunc
1297 1580 1346 1640 25.
1358 1575 1457 1657 Sept.
1471 1596 1564 1639 anno
1582 1584 1659 1656 1712
1678 1597 1757 1640 cum
1771 1578 1919 1640 admini-

1088 1708 1242 1761 stratura
1270 1699 1460 1780 parochiae
1491 1698 1800 1763 Ostrovacicensis
1826 1720 1920 1763 com-

1087 1821 1246 1885 mutavit.
1266 1823 1322 1884 Ad
1336 1822 1652 1904 determinandum,
1666 1825 1808 1904 quando
1821 1823 1917 1886 illine

1086 1943 1194 2025 Hugo
1211 1944 1352 2005 domum
1368 1963 1533 2006 reversus
1555 1944 1611 2025 sit,
1636 1954 1674 2006 ut
1694 1943 1918 2026 provisorem

1088 2072 1222 2146 ageret,
1238 2066 1356 2128 fontes
1373 2065 1476 2128 nobis
1493 2085 1562 2128 non
1576 2067 1818 2148 suppeditant.
1836 2067 1919 2130 Cer-

1088 2197 1161 2250 tum
1178 2207 1272 2268 vero,
1295 2208 1374 2250 eum
1395 2200 1477 2269 post
1502 2188 1637 2251 obitum
1660 2208 1782 2270 praep.
1801 2188 1919 2252 Bona-

1087 2320 1259 2373 venturae
1277 2310 1392 2372 Pitter
1412 2330 1482 2372 una
1505 2330 1583 2372 cum
1605 2310 1763 2392 prioratu
1784 2321 1808 2374 t.
1826 2322 1850 2375 t.
1868 2313 1918 2374 vi-

1088 2435 1233 2495 duatum
1250 2433 1462 2495 asceterium
1478 2442 1636 2495 nostrum
1649 2434 1918 2498 administrasse
1951 2452 1956 2462 ·

1088 2560 1150 2635 (15.
1168 2556 1255 2618 Maii
1271 2558 1317 2618 ad
1338 2575 1385 2634 17.
1402 2556 1465 2618 Iul.
1487 2558 1580 2638 1764)
1606 2566 1642 2618 et
1665 2568 1748 2638 post
1772 2558 1918 2620 electio-

1086 2698 1166 2740 nem
1202 2677 1361 2741 Othmari
1400 2697 1522 2759 praep.
1560 2679 1686 2740 iterum
1723 2681 1916 2761 parochum

1087 2799 1420 2863 Ostrovacicensem
1442 2800 1672 2863 constitutum
1688 2800 1809 2864 fuisse.
1834 2801 1918 2885 Epi-

1086 2922 1253 2984 stolarum
1267 2923 1523 3006 commercium,
1541 2925 1636 3005 quod
1649 2923 1731 2986 inde
1744 2943 1859 3006 usque
1871 2927 1916 2988 ad

1085 3043 1190 3106 finem
1213 3045 1347 3107 dierum
1373 3045 1464 3107 inter
1484 3045 1523 3108 P.
1540 3045 1730 3128 Hugonem
1754 3056 1790 3109 et
1813 3067 1916 3129 prae-

1086 3167 1241 3248 positum
1258 3176 1343 3247 erat,
1362 3168 1601 3231 characterem
1619 3168 1695 3249 viri,
1713 3187 1818 3250 quem
1834 3189 1915 3252 gar-

1085 3291 1239 3353 rulorum
1260 3290 1456 3353 calumniae
1477 3290 1608 3353 frustra
1624 3300 1915 3374 attrectaverant,

1085 3414 1268 3494 praeclara
1284 3413 1362 3475 luce
1379 3413 1516 3496 fulgere
1533 3413 1628 3477 facit.
1655 3413 1805 3497 Semper
1822 3415 1914 3478 enim

1086 3538 1249 3598 decorem
1267 3537 1391 3597 domus
1404 3535 1473 3598 Dei
1489 3536 1651 3617 diligenS,
1668 3537 1796 3599 statuis
1813 3557 1913 3601 sanc·

1085 3668 1200 3720 torum
1217 3657 1402 3719 ecclesiam
1417 3624 1748 3721 Ostrovacicensem
1763 3677 1915 3723 exorna-

1085 3781 1146 3862 vit,
1167 3790 1375 3861 paramenta
1395 3779 1609 3861 procuravit,
1631 3780 1916 3864 ludimagistrum

1084 3923 1149 3984 pro
1159 3902 1376 3965 Domasovio
1386 3902 1551 3984 precibus
1565 3903 1779 3984 impetravit,
1794 3903 1915 3986 ibique

1089 4045 1163 4103 1771
1186 4044 1314 4087 novam
1331 4023 1518 4086 ecclesiam
1535 4024 1741 4107 erigendam
1764 4026 1913 4109 curavit,

1085 4166 1176 4228 quae
1193 4146 1304 4228 ipsius
1322 4166 1405 4208 cura
1423 4167 1468 4224 14.
1483 4146 1572 4209 Nov.
1590 4147 1749 4209 eiusdem
1768 4147 1851 4210 anni
1868 4149 1913 4210 ad

1084 4268 1266 4352 fastigium
1295 4271 1481 4350 perducta,
1510 4269 1544 4331 in
1575 4269 1667 4333 festo
1696 4290 1723 4332 s.
1751 4268 1913 4333 Othmari

1083 4391 1274 4454 benedicta
1295 4391 1422 4454 fuerat.
1447 4392 1587 4454 Paucos
1609 4401 1692 4472 post
1712 4411 1854 4455 menses
1874 4393 1913 4455 P.

1082 4514 1199 4598 Hug0,
1222 4513 1381 4597 religiosi
1402 4513 1529 4576 sinceri
1546 4515 1728 4595 exemplar
1748 4534 1814 4596 per
1829 4515 1914 4578 mul·

1083 4648 1138 4700 tos
1155 4657 1259 4700 casus
1274 4638 1456 4718 probatuS,
1473 4648 1603 4698 metam
1617 4636 1779 4699 curriculi
1793 4638 1913 4720 attigit

1085 4763 1135 4821 25.
1153 4759 1239 4840 Apr.
1257 4777 1448 4838 1111111771
1467 4758 1596 4820 aetatis
1613 4777 1699 4821 suae
1716 4762 1768 4822 68.

1172 4897 1262 4962 Sunt
1285 4898 1360 4961 eius
1383 4899 1453 4961 duo
1469 4900 1565 4978 apud
1582 4918 1647 4961 nos
1663 4899 1846 4962 adservati
1863 4899 1912 4962 fa-

1085 5021 1206 5083 sciculi
1222 5021 1467 5102 manuscripti:

1171 5167 1193 5223 Ι.
1211 5167 1382 5223 Conciones
1399 5169 1428 5222 in
1445 5165 1529 5223 festis
1545 5180 1727 5232 sanctorum,
1746 5185 1814 5223 curn
1831 5169 1910 5223 notis

1084 5271 1237 5328 historicis
1254 5275 1358 5328 summi
1376 5272 1516 5327 momenti
1529 5270 1566 5326 ad
1582 5271 1741 5327 ecclesiam
1758 5272 1911 5329 Moraviae
