4178 6196
868 438 1150 525 --169-

224 630 344 703 Hans
358 642 525 706 Blasius
548 643 884 728 (Lambertinus),
908 666 969 708 na·
1006 648 1009 664 '

138 768 195 823 tus
216 770 273 824 est
290 765 341 825 30.
359 760 438 826 Oct.
461 766 540 826 1808
568 765 614 826 ad
639 783 666 828 s.
683 764 912 828 Lambertum
933 765 968 828 in

137 881 269 965 Styria,
291 883 353 947 ubi
374 885 480 948 etiam
503 905 530 949 s.
554 886 687 950 ordinis
710 887 822 950 nostri
845 887 969 951 habitu

136 1006 282 1069 indutus
303 1017 358 1071 est
380 1028 431 1089 27.
448 1007 548 1092 Sept.
570 1013 660 1092 1828,
681 1019 767 1073 vota
787 1010 969 1073 sollemnia

138 1129 256 1191 emisit
276 1135 328 1194 30.
345 1128 445 1212 Sept.
467 1136 558 1213 1831,
584 1141 621 1196 et
645 1133 819 1196 absolutis
842 1133 969 1196 studiis

137 1251 349 1334 theologicis
365 1252 400 1315 in
413 1254 628 1318 monasterio
642 1255 890 1337 Admontensi,
899 1255 969 1337 pri-

137 1392 231 1435 mam
253 1372 333 1438 Deo
356 1376 509 1439 hostiam
534 1379 663 1441 obtulit
690 1400 738 1456 10.
760 1378 855 1461 Aug.
878 1382 968 1443 1832.

138 1495 277 1560 Exinde
294 1499 461 1561 continuo
485 1500 521 1562 in
542 1500 736 1563 animarum
759 1521 843 1564 cura
866 1521 970 1564 occu·

137 1627 244 1701 patus
258 1630 323 1702 est,
336 1621 473 1693 scilicet
486 1643 556 1704 qua
569 1633 781 1706 cooperator
793 1623 828 1687 in
840 1625 969 1687 Maria-

137 1741 214 1805 Hof
236 1747 415 1827 1833-43,
443 1746 606 1826 exceptis
630 1745 766 1828 aliquot
789 1747 969 1809 mensibus

137 1884 308 1929 annorum
340 1870 420 1930 1836
448 1876 484 1930 et
513 1872 607 1950 1837,
636 1878 781 1932 curatus
808 1868 844 1933 in
868 1869 969 1933 Zeut·

138 1991 268 2052 schach
289 1993 455 2068 1843-53
472 1999 509 2053 et
524 1993 700 2073 parochus
717 1991 752 2054 in
765 1992 973 2056 Maria-Hof

142 2116 219 2175 1853
245 2130 359 2193 usque
385 2113 510 2176 adhuc.
542 2113 644 2176 Hans
666 2113 702 2176 in
729 2114 969 2199 ornithologia

137 2233 401 2298 versatissimus
424 2243 489 2316 est,
519 2244 554 2298 et
577 2235 730 2317 plurium
758 2237 968 2302 societatum

138 2356 472 2439 omithologicarum
505 2367 541 2419 et
571 2357 769 2439 generatim
806 2368 968 2423 naturam

137 2478 369 2541 scrutantium
398 2478 599 2542 nominatur
628 2481 823 2543 membrum
855 2501 968 2546 corre-

136 2601 326 2684 spondens.
367 2599 595 2683 Quapropter
625 2622 717 2665 anno
750 2607 828 2682 1873
857 2605 969 2668 11111111·

136 2733 248 2785 smate
271 2743 297 2784 s.
320 2725 352 2787 d.
371 2724 627 2807 „expositionis
647 2725 877 2788 universalis“
902 2746 968 2809 pro

136 2845 270 2908 meritis
306 2846 350 2907 de
385 2845 623 2929 omithologia
661 2851 968 2930 repraesentativa

137 2968 325 3031 decoratus
338 2977 375 3031 et
384 2967 542 3050 praemio
552 2968 708 3032 civitatis
717 2970 967 3055 Hamburgen·

136 3091 184 3154 sis
199 3092 353 3154 donatus
369 3101 434 3154 est.

221 3213 277 3276 Ex
289 3213 366 3277 eius
378 3214 690 3298 publicationibus,
702 3237 849 3298 quarum
859 3238 966 3300 quae·

137 3337 216 3399 dam
240 3337 347 3401 etiam
368 3339 561 3420 separatim
582 3339 777 3422 impressae
797 3353 889 3424 sunt,
910 3362 965 3405 se·

136 3469 285 3541 quentes
299 3460 357 3523 hic
373 3461 607 3525 nominandae
624 3464 785 3527 veniunt:

220 3587 243 3642 1.
257 3586 526 3662 Omithologische
538 3589 774 3665 Mittheilungen.
788 3587 819 3669 (i.
829 3609 855 3647 e.
865 3592 963 3649 Notae

135 3689 396 3770 ornithologicae.)
418 3690 680 3767 Sitzungsbericht
698 3695 752 3752 des
770 3695 962 3772 zoologisch·

134 3777 331 3852 botanischeu
346 3796 493 3854 Vereines
509 3799 538 3853 in
554 3798 653 3855 Wien.
676 3799 727 3855 IV.
755 3798 844 3873 1854.
867 3820 896 3876 p.
915 3800 962 3870 18,

139 3914 292 3957 120-22.

184 4020 191 4027 ·
218 4005 256 4061 11.
283 4006 411 4062 Notizen
434 4005 509 4063 tiber
533 4009 632 4082 einige
656 4010 684 4064 111
709 4009 762 4086 der
783 4008 964 4086 Umgebung

133 4127 191 4166 von
206 4110 387 4166 Maria-Hos
399 4113 428 4167 in
446 4109 625 4169 Obersteier
645 4113 882 4172 vorkommende
904 4117 963 4172 sel·

134 4227 233 4271 tenere
257 4214 355 4289 Vogel
383 4215 442 4271 und
470 4213 545 4272 iiber
571 4216 629 4273 den
651 4217 881 4277 Federwechsel
909 4220 963 4277 des

133 4315 357 4387 Schneehuhns‚
379 4320 495 4376 Tetrao
516 4321 645 4398 lagopus
661 4322 697 4379 L.
720 4320 794 4401 (1.1.
813 4325 909 4381 Notae
925 4325 963 4382 de

132 4421 308 4498 quibusdam
336 4426 365 4480 in
393 4423 469 4481 locis
497 4424 594 4482 Aulae
622 4427 775 4484 Marianae
804 4430 832 4484 in
861 4427 963 4505 Styria

132 4528 279 4604 superiori
296 4530 477 4586 circumsitis
491 4528 706 4587 exsistentibus
719 4531 885 4590 rarioribus
897 4536 962 4591 avi·

132 4631 185 4690 bus
201 4647 232 4690 et
247 4633 285 4690 de
301 4637 466 4691 mutatione
482 4653 646 4711 pennarum
668 4639 813 4694 tetraonis
835 4635 961 4717 lagopi.)

132 4737 246 4795 Ebend.
264 4737 413 4795 Abhandl.
432 4739 482 4796 IV.
504 4739 595 4813 1854.
614 4759 642 4815 p.
661 4738 841 4814 617—628.

217 4861 269 4918 III.
292 4860 394 4919 Ueber
414 4861 471 4918 den
487 4864 553 4937 Zug
569 4862 624 4919 der
639 4863 738 4936 Vogel
760 4865 797 4920 im
813 4866 961 4941 Fn'ihjahr

136 4963 222 5039 1856.
241 4960 308 5042 (1.1.
323 4966 370 5022 1)1
383 4966 521 5041 prosectu
535 4970 635 5024 avium
648 4981 785 5044 tempore
798 4972 879 5026 veris
891 4972 960 5026 anni

136 5067 365 5148 1856.)Ε1)11κ1.
379 5069 590 5145 Sitzungsber.
604 5073 654 5131 VI.
673 5071 762 5147 1856.
777 5093 806 5149 p.
821 5090 958 5148 91-92.

213 5194 264 5251 IV.
281 5193 492 5251 Verzeichuiss
512 5193 566 5249 der
588 5196 617 5250 in
638 5194 692 5250 der
708 5194 888 5271 Umgebung
904 5182 958 5253 des

132 5297 315 5356 Furtteiches
343 5295 391 5354 bei
418 5298 603 5354 Maria-Hos
627 5300 655 5354 in
684 5298 863 5357 Obersteier
888 5319 959 5357 vor·

132 5401 327 5462 kommenden
339 5402 447 5478 Vogel.
465 5400 535 5481 (1.1.
551 5404 748 5479 Consignatio
764 5407 863 5461 avium
880 5407 958 5462 exsi-

1048 645 1188 700 stentium
1212 645 1292 700 iuxta
1315 643 1411 700 lacum
1432 644 1506 701 Furt
1527 662 1622 722 penes
1642 643 1749 702 Aulam
1771 646 1882 703 Maria·

1048 767 1115 805 nam
1141 751 1170 804 in
1194 747 1295 823 Styria
1319 746 1489 827 superiori.)
1514 749 1630 807 Ebend.
1656 747 1805 807 Abhandl.
1830 751 1881 808 VI.

1053 852 1143 926 1856.
1161 873 1190 929 p.
1209 851 1389 926 671-700,
1407 853 1466 909 und
1482 852 1631 911 Abhandl.
1648 854 1702 911 der
1718 854 1791 911 1111.
1809 873 1881 912 zoo-

1049 956 1381 1033 logisch·botanischen
1401 957 1604 1015 Gesellschalt
1624 961 1654 1015 in
1676 958 1776 1027 wien,
1798 960 1879 1017 VIII.

1053 1061 1143 1136 Ι858·
1161 1060 1388 1138 1³·529-548·

1135 1168 1171 1225 V.
1182 1166 1450 1241 Omithologische
1464 1166 1720 1243 Beobachtungen
1732 1187 1780 1224 arn
1792 1169 1881 1225 Furt-

1051 1272 1147 1329 teiche
1167 1291 1203 1327 zu
1224 1271 1407 1328 Maria-Hui.
1432 1268 1509 1350 (1.1.
1534 1271 1775 1330 Observationes
1800 1275 1882 1330 orni·

1050 1376 1222 1450 thologicae
1245 1376 1283 1431 ad
1307 1376 1402 1432 lacum
1426 1378 1500 1434 Furt
1522 1395 1616 1453 penes
1639 1377 1746 1435 Aulam
1770 1379 1881 1446 Maria·

1049 1478 1138 1572 nam.)
1169 1479 1286 1538 Ebend.
1313 1480 1463 1538 Abhandl.
1491 1482 1601 1540 XVIII.
1634 1481 1725 1540 1868.
1759 1503 1788 1558 p.
1817 1481 1875 1557 961

1048 1619 1091 1627 —
1136 1600 1166 1642 ο.

1094 1600 1187 1747 97VI.
1205 1690 1473 1764 Omithologische
1488 1691 1652 1748 Miscellen.
1670 1687 1699 1769 (i.
1717 1710 1743 1748 e.
1761 1692 1881 1748 Miscel-

1049 1795 1135 1850 lanea
1147 1792 1392 1873 ornithologica.)
1406 1793 1523 1852 Ebend.
1533 1789 1682 1852 Abhandl.
1691 1796 1773 1852 XXI.
1787 1793 1878 1868 1871.

1049 1918 1078 1975 1³·
1097 1897 1235 1975 87-98·
1818 1948 1821 1952 ·

1136 2004 1201 2061 Vll.
1223 2003 1492 2078 Omithologische
1512 2003 1779 2078 Beobachtungen.
1802 2000 1830 2082 (i.
1849 2023 1876 2062 e.

1049 2108 1290 2166 Observationes
1307 2104 1568 2186 ornithologicae.)
1592 2107 1709 2166 Ebend.
1726 2108 1876 2166 Abhandl.

1048 2214 1145 2269 XXII.
1167 2212 1257 2287 1872.
1275 2233 1304 2289 p.
1321 2227 1503 2288 399—404.

1135 2318 1215 2375 VIlI.
1243 2319 1369 2383 Notizen
1393 2316 1468 2374 iiber
1495 2317 1543 2374 die
1566 2319 1803 2394 Fortpilanzung
1825 2317 1880 2375 der

1049 2421 1153 2497 Sylvia
1172 2423 1333 2479 Nattercrii
1354 2421 1463 2479 Schinz
1487 2419 1516 2501 (1.
1538 2441 1564 2479 1.
1583 2423 1687 2480 -Notae
1710 2423 1747 2479 de
1768 2441 1880 2499 propa·

1048 2530 1171 2603 gatione
1187 2525 1310 2602 Sylviae
1325 2524 1496 2605 Nattercrii)
1512 2530 1541 2583 in
1558 2526 1613 2584 der
1628 2526 1808 2603 Umgebung
1819 2547 1880 2585 von

1048 2631 1225 2689 Maria-Hos
1238 2635 1276 2688 im
1292 2632 1382 2708 Jahre
1403 2630 1492 2704 1872.
1511 2630 1632 2690 Ebend.
1647 2631 1756 2689 Abhdl.
1766 2633 1879 2689 XXIII.

1053 2735 1142 2810 Ι871·
1160 2755 1190 2812 1³·
1207 2734 1387 2810 4⁶9-474·

1135 2842 1187 2898 IX.
1211 2840 1467 2915 Beobachtungen
1490 2841 1545 2898 der
1565 2842 1801 2916 Fortpssanzung
1823 2840 1878 2897 des

1047 2942 1428 3003 Fichtenkreuzschnabels
1456 2947 1495 3002 im
1522 2945 1642 3001 Winter
1674 2943 1788 3020 187172
1819 2944 1878 3001 und

1051 3047 1176 3128 187275.
1209 3047 1238 3127 (1.
1266 3068 1291 3106 1.
1319 3047 1560 3107 Observationes
1587 3049 1625 3106 de
1653 3051 1876 3125 propagatione

1046 3155 1140 3212 loriae
1170 3138 1375 3211 curvirostrae
1405 3155 1501 3211 hieme
1531 3151 1645 3232 187172
1674 3167 1704 3210 11
1733 3149 1872 3233 187275.)

1044 3260 1194 3318 Abhandl.
1211 3260 1320 3317 XXIV.
1342 3258 1432 3333 1874.
1450 3278 1480 3335 p.
1497 3257 1656 3316 211-16.

1130 3383 1167 3439 X.
1190 3382 1459 3457 Omithologische
1479 3382 1614 3438 Notizen.
1640 3381 1704 3437 Der
1718 3379 1877 3456 Vogelzug

1043 3506 1090 3543 am
1104 3487 1276 3544 Furtteiche
1292 3484 1340 3542 bei
1353 3484 1679 3562 Μυῖα-1111071111
1696 3483 1788 3560 1876.
1805 3482 1834 3564 (1.
1849 3504 1876 3542 1.

1043 3595 1139 3650 Notae
1164 3592 1413 3667 ornithologicae.
1446 3591 1493 3648 De
1516 3591 1686 3668 agminibus
1713 3593 1811 3648 avium
1836 3590 1876 3646 ad
1901 3632 1906 3640 .

1043 3697 1139 3755 lacum
1161 3698 1235 3752 Furt
1256 3715 1350 3772 penes
1366 3695 1473 3752 Aulam
1489 3697 1653 3752 Marianam
1676 3697 1745 3752 anni
1772 3691 1876 3772 1876.)

1042 3800 1160 3858 Ebend.
1176 3800 1326 3858 Abhandl.
1343 3801 1467 3858 XXVII.
1489 3799 1580 3874 1877.
1598 3820 1627 3877 p.
1646 3814 1806 3874 235-40.

1129 3924 1181 4001 111.
1199 3924 1321 3980 Bericht
1336 3921 1411 3979 iiber
1426 3922 1483 3979 den
1494 3923 1653 3997 ngelzug
1665 3922 1808 3979 wahrend
1821 3922 1875 3979 des

1043 4027 1192 4087 Herbstes
1213 4026 1291 4100 1863
1310 4029 1339 4084 in
1356 4027 1409 4083 der
1421 4026 1602 4102 Umgebung
1618 4045 1678 4083 von
1691 4025 1873 4084 Maria-Hos.

1043 4130 1117 4211 (ie.
1140 4134 1186 4189 De
1208 4131 1348 4209 prosectu
1367 4134 1466 4188 avium
1486 4146 1629 4188 autumno
1651 4129 1729 4202 1863
1749 4133 1777 4187 in
1799 4130 1873 4187 locis

1043 4238 1139 4294 Aulae
1162 4239 1314 4294 Marianae
1340 4233 1541 4315 circumsitis.)
1569 4234 1798 4309 Mittheilungen
1820 4234 1874 4290 des

1042 4340 1439 4399 naturwissenschaftlichen
1452 4342 1599 4399 Vereines
1616 4339 1663 4396 fiir
1675 4337 1871 4396 Steiermark.

1047 4446 1136 4520 1864·
1155 4466 1183 4523 p·
1201 4446 1340 4519 32-38·

1128 4553 1194 4608 XII.
1220 4549 1476 4623 Beobachtungen
1501 4551 1538 4605 im
1561 4547 1691 4606 Gebicte
1713 4547 1767 4604 der
1783 4547 1874 4602 Orni-

1041 4658 1176 4731 thologie
1193 4658 1230 4713 im
1247 4656 1336 4732 Jahre
1358 4651 1448 4727 1864.
1473 4651 1502 4732 (1.
1520 4673 1546 4710 1.
1565 4652 1807 4709 Observationes
1823 4670 1873 4707 or·

1041 4761 1245 4834 nithologicae
1257 4761 1325 4815 anni
1340 4755 1442 4836 1864.)
1455 4757 1571 4814 Ebend.
1587 4754 1676 4828 1865.
1691 4775 1720 4831 p.
1732 4754 1872 4829 32—-38,

1126 4883 1207 4938 XIII.
1222 4884 1363 4955 Beitriige
1376 4900 1429 4936 zur
1440 4880 1873 4955 Fortpllanzungsgeschichte

1040 4987 1093 5043 des
1110 4986 1247 5042 Kukulrs.
1270 4983 1299 5063 (i.
1320 5004 1347 5041 e.
1364 4986 1469 5041 Novae
1486 4984 1721 5040 observationes
1742 4983 1780 5040 de
1801 5002 1873 5060 pro·

1039 5093 1202 5168 pagatione
1226 5089 1321 5146 cuculi
1346 5087 1473 5167 canori.)
1498 5087 1614 5145 Ebend.
1642 5086 1731 5161 1875.
1758 5107 1787 5163 p.
1814 5103 1872 5162 159

1038 5194 1156 5253 -166,

1125 5299 1204 5356 XIV.
1215 5297 1482 5373 Omithologische
1491 5297 1656 5355 Miscellen.
1674 5295 1703 5375 (1.
1714 5317 1740 5355 1.
1750 5298 1872 5355 Miscel-

1038 5406 1124 5462 lanea
1147 5399 1389 5479 ornithologica.)
1418 5399 1697 5476 Sitzungsberichte
1714 5403 1768 5460 der
1784 5403 1813 5460 k.
1835 5405 1864 5459 k.
