4178 6196
856 446 1147 508 —XXV-

258 674 388 739 Omnia
411 674 545 737 ordinis
569 672 755 754 domicilia,
779 671 932 734 maxime
953 690 1038 733 vero
1062 672 1313 734 monasterium
1329 671 1466 733 Mariae
1483 670 1646 734 Cellense
1662 673 1697 734 in
1718 671 1867 735 Austria

124 814 305 896 inferiore,
329 814 584 892 Lambacense,
608 812 874 874 Lunaelacense
890 810 926 872 in
942 810 1090 873 Austria
1106 810 1298 892 superiore,
1323 830 1349 871 s.
1367 810 1465 872 Petri
1481 821 1518 873 et
1533 811 1863 875 Michaelburanum

122 955 161 1015 in
184 951 407 1034 SalisburgO,
432 949 685 1014 monasterium
702 950 948 1011 Admontense
972 948 1007 1010 in
1032 946 1140 1011 Stiria
1156 950 1188 1028 ¹),
1214 967 1260 1009 ex
1283 949 1337 1010 his
1361 949 1475 1012 turbis
1500 948 1740 1012 calamitatem
1763 970 1866 1013 acce·

123 1103 268 1172 perunt.
314 1090 463 1155 Tristior
492 1109 579 1152 vero
610 1108 746 1152 morum
776 1086 994 1168 perversitas
1025 1099 1101 1149 erat
1132 1086 1261 1149 exinde
1293 1098 1380 1150 orta.
1426 1085 1607 1149 Effrenata
1638 1088 1731 1149 enim
1764 1089 1867 1151 huius

124 1230 263 1292 saeculi
284 1229 429 1293 licentia
450 1229 557 1291 etiam
581 1226 874 1290 monasteriorum
898 1235 1020 1308 portas
1040 1191 1274 1306 perfregerat,
1299 1224 1415 1287 omnia
1432 1224 1633 1306 miscuerat,
1658 1246 1792 1288 morum
1816 1228 1867 1289 in-

124 1370 334 1451 tegritatem
357 1385 503 1449 pessum
527 1368 686 1430 dederat.
725 1365 826 1447 Quae
850 1364 1034 1427 calamitas
1065 1384 1110 1426 ne
1137 1364 1280 1446 longius
1309 1366 1572 1445 extenderetur,
1596 1366 1741 1428 tandem
1765 1365 1867 1430 Sum-

123 1528 264 1571 morum
287 1506 499 1570 Pontificum
522 1506 748 1587 providentia
771 1515 914 1567 cautum
939 1514 1003 1567 est.
1042 1505 1271 1567 Innocentius
1295 1504 1368 1584 111,
1397 1524 1547 1585 magnus
1571 1503 1755 1583 Pontifex,
1785 1524 1868 1567 con-

124 1647 254 1729 stituit,
278 1657 316 1709 ut
340 1645 484 1709 comitia
507 1643 640 1708 ordinis
663 1665 684 1706 a
707 1643 1005 1707 Cisterciensibus
1028 1644 1179 1725 primum
1204 1643 1327 1705 habita
1349 1664 1370 1704 a
1394 1642 1538 1722 reliquis
1562 1662 1703 1724 quoque
1721 1663 1868 1726 congre-

124 1785 333 1869 gationibus
356 1786 632 1847 celebrarentur.
678 1782 801 1845 Tertio
825 1802 966 1864 quoque
990 1802 1082 1845 anno
1106 1782 1413 1862 monasteriorum,
1446 1782 1506 1862 qui
1537 1781 1592 1843 sui
1623 1781 1708 1844 iuris
1737 1792 1867 1863 essent,

123 1925 371 2003 abbatiarum„
393 1923 613 2004 prioratuum
641 1920 827 2004 praesides
851 1921 1081 1984 convenirent
1114 1931 1149 1982 et
1181 1921 1225 1982 de
1257 1920 1445 2000 disciplina
1476 1920 1638 1983 instituta
1669 1922 1715 1983 ad
1746 1941 1869 1984 omnes

123 2062 343 2145 pertinentia
366 2070 617 2143 proponerent.
656 2060 737 2123 Hoc
761 2059 959 2122 institutum
983 2061 1029 2122 ab
1044 2059 1203 2121 Honorio
1220 2059 1282 2122 III.
1307 2068 1343 2120 et
1367 2055 1542 2139 Gregorio
1564 2059 1631 2123 IX.
1655 2059 1705 2122 ita
1726 2071 1868 2123 auctum

123 2213 200 2279 est,
232 2210 272 2263 ut
302 2200 445 2263 comitia
476 2199 667 2281 quotannis
701 2201 927 2261 haberentur.
973 2199 1073 2261 Idem
1104 2217 1169 2280 per
1199 2199 1373 2280 synodum
1406 2197 1654 2260 dioecesanam
1685 2198 1868 2262 Vindobo-

123 2359 274 2402 nensem
304 2337 386 2401 anni
425 2343 503 2417 1267
533 2337 778 2400 Benedictinis
809 2337 1059 2400 archiducatus
1091 2336 1272 2399 Austriaci
1302 2335 1517 2398 inculcatum
1550 2346 1622 2410 est;
1654 2357 1868 2419 quamquam

122 2479 241 2561 prima
272 2477 416 2540 comitia
446 2475 581 2538 ordinis
609 2496 689 2555 1²74
720 2477 861 2538 demum
893 2473 1095 2556 Salisburgi
1128 2475 1251 2537 habita
1286 2484 1377 2555 sunt,
1413 2494 1491 2536 cum
1523 2474 1725 2538 Fridericus
1757 2478 1869 2540 archi·

122 2617 319 2698 episcopus
342 2612 626 2696 Salisburgensis
651 2613 686 2674 in
711 2611 860 2675 concilio
876 2612 1096 2694 provinciali,
1121 2632 1214 2674 anno
1236 2614 1475 2694 praecedente
1498 2614 1631 2696 habito,
1656 2617 1868 2679 auctoritate

122 2753 268 2817 concilii
290 2751 543 2835 Lugdunensis
565 2762 778 2831 commotus,
806 2764 845 2813 ut
869 2751 1032 2814 instituta
1054 2751 1253 2814 Innocentii
1278 2752 1340 2816 III.
1365 2754 1509 2815 tandem
1533 2765 1774 2837 servarentur,
1806 2755 1869 2818 im·

122 2892 339 2974 perasset2).
386 2890 465 2972 Quo
496 2889 636 2953 facilius
667 2889 877 2953 instauratio
910 2890 1044 2952 ordinis
1074 2888 1190 2971 fieret,
1218 2890 1437 2954 Benedictus
1460 2891 1545 2954 XII.
1569 2893 1666 2955 bulla
1697 2893 1867 2976 „Summi-

122 3031 290 3114 magistri
314 3029 495 3112 dignatio“
525 3031 610 3092 data
637 3038 721 3092 ante
750 3030 842 3092 diem
865 3029 942 3092 XII
965 3028 1141 3092 Calendas
1164 3030 1272 3093 Iulias
1296 3030 1378 3092 anni
1407 3034 1486 3093 1336
1514 3043 1626 3096 totum
1650 3034 1809 3097 ordinem
1833 3035 1869 3098 in

123 3169 330 3253 provincias
354 3168 475 3232 divisit
498 3167 639 3248 aliaque
662 3169 708 3230 ad
732 3167 957 3249 disciplinam
980 3169 1196 3250 pertinentia
1221 3170 1429 3252 decrevit3).

257 3308 324 3370 His
348 3307 457 3390 igitur
480 3307 576 3369 sedis
599 3306 819 3388 apostolicae
843 3308 1007 3389 decretis,
1036 3327 1128 3388 quae
1157 3309 1192 3370 in
1215 3310 1376 3390 pluribus
1406 3311 1565 3374 conciliis
1588 3311 1867 3393 provincialibus

125 3446 329 3529 Salisburgi
358 3446 489 3509 habitis
524 3465 590 3527 pro
624 3456 823 3527 temporum
858 3455 895 3509 et
927 3448 1084 3509 locorum
1119 3447 1328 3511 diversitate
1366 3451 1511 3532 saepius
1549 3452 1867 3533 commutabantur,

124 3586 294 3650 effectum
319 3596 383 3668 est,
407 3595 447 3648 ut
470 3587 557 3648 ordo
580 3604 693 3647 novas
717 3595 865 3666 caperet
887 3585 996 3667 vires,
1021 3595 1057 3648 et
1080 3588 1193 3650 laetos
1217 3590 1418 3669 uberesque
1445 3587 1582 3651 fructus
1610 3590 1804 3671 praecipue
1832 3590 1867 3652 in

124 3726 229 3788 terris
254 3724 396 3806 Alpinis
419 3723 558 3805 imperii
579 3721 763 3785 Austriaci
785 3722 904 3785 ferret.
950 3722 1085 3806 Magna
1116 3726 1264 3807 praedia
1294 3736 1444 3808 propter
1475 3747 1591 3790 rerum
1624 3728 1867 3792 confusionem

122 3874 270 3929 vastata
293 3873 329 3927 et
353 3864 496 3925 deserta
520 3864 636 3925 denuo
660 3863 728 3925 coli
751 3872 880 3944 coepta
904 3873 995 3926 sunt.
1034 3863 1178 3945 Ubique
1203 3865 1238 3927 in
1260 3865 1380 3928 fundis
1412 3876 1448 3928 et
1475 3867 1764 3948 possessionibus
1792 3867 1867 3930 eius

123 4003 301 4068 ecclesiae
324 4012 361 4065 et
383 4001 538 4064 oratoria
562 4000 751 4064 aedificata
774 4014 871 4082 sunt,
904 4021 950 4064 ex
974 4003 1103 4083 quibus
1126 4004 1311 4084 paullatim
1343 4005 1533 4088 parochiae
1564 4008 1766 4088 prodibant.
1811 4008 1867 4070 Ita

120 4146 206 4226 plus
230 4145 384 4205 ducenta
408 4140 544 4223 oppida
567 4149 604 4203 et
626 4139 703 4202 fora
726 4159 820 4202 nunc
842 4142 1012 4221 opulenta
1035 4162 1056 4204 a
1080 4142 1325 4206 Benedictinis
1349 4143 1523 4226 originem
1549 4145 1682 4208 ducunt
1696 4147 1730 4226 ⁴).

255 4280 357 4343 Haec
380 4280 610 4359 incrementa,
644 4297 736 4359 quae
766 4279 853 4341 ordo
885 4279 921 4341 in
950 4279 1053 4342 terris
1077 4280 1219 4363 Alpinis
1249 4284 1371 4345 seculo
1403 4283 1540 4346 decimo
1572 4283 1678 4346 tertio
1710 4296 1865 4366 ceperat,

121 4441 204 4485 cum
237 4418 420 4482 beneficiis
453 4429 489 4481 et
520 4417 819 4501 immunitatibus,
852 4438 943 4499 quae
975 4439 994 4480 a
1026 4420 1171 4482 summis
1202 4421 1449 4504 pontificibus,
1482 4421 1678 4504 episcopiS,
1709 4424 1866 4506 regibus,

256 4714 279 4795 ¹)
303 4717 392 4773 Plura
416 4718 445 4771 in
469 4717 572 4773 Friess
596 4714 732 4773 Studien.
756 4717 896 4773 Monachi
920 4717 1153 4785 Admontense3‚
1178 4738 1244 4775 cum
1262 4720 1386 4796 praedia
1403 4739 1505 4777 eorum
1523 4724 1564 4777 ita
1580 4721 1736 4777 devastata
1753 4735 1865 4787 essent,

117 4845 151 4887 ut
175 4829 258 4887 fame
283 4842 313 4884 et
338 4830 440 4904 inopia
463 4841 682 4905 premerentur,
706 4847 743 4885 ex
767 4829 835 4885 solo
851 4830 950 4904 patrio
967 4827 1175 4906 Salisburgum
1199 4830 1369 4907 demigrare
1394 4835 1491 4889 coacti
1510 4849 1587 4901 sunt,
1612 4833 1663 4890 ubi
1683 4852 1701 4888 a
1721 4833 1866 4891 fratribus

117 4964 142 5001 s.
156 4944 253 5010 Petri,
267 4944 408 5016 quamvis
427 4955 457 4998 et
472 4942 530 5017 ipsi
543 4939 771 5016 perturbatione
785 4942 863 4998 civili
877 4956 1096 5018 premerentur,
1109 4942 1240 5019 benigne
1257 4944 1494 5021 excipiebantur.
1513 4947 1667 5013 Wichner‚
1681 4945 1814 5003 Admont
1826 4948 1863 5002 11.

254 5053 278 5131 ²)
303 5055 350 5112 De
373 5056 592 5112 instauratione
608 5054 722 5111 ordinis
739 5055 845 5111 confer
861 5073 938 5131 opus
955 5057 1087 5129 spissum
1103 5055 1301 5115 Schmiederii
1318 5057 1555 5115 Lambacensis:
1580 5059 1637 5114 Die
1654 5058 1865 5116 Benedictiner

115 5166 361 5228 Ordensrelorm
386 5170 423 5223 im
447 5168 531 5224 Xlll.
555 5166 614 5222 und
637 5167 718 5224 XIV.
742 5167 953 5243 Jahrhundert.

253 5278 278 5358 ³)
303 5280 475 5346 Cherubim,
500 5280 661 5335 Bullatium
685 5298 824 5354 magnum
848 5281 871 5336 l.
900 5293 969 5353 179.

254 5391 279 5471 4)
303 5394 406 5449 Friess
431 5394 448 5450 Ι.
474 5412 500 5451 c.
526 5405 555 5449 et
579 5393 721 5449 historias
744 5392 932 5466 singulorum
957 5396 1218 5452 monasteriorum.
