4178 6196
929 413 1212 481 -180—

201 635 355 678 summos
383 616 534 678 honores
563 622 769 696 provectus,
801 633 936 677 summa
963 614 1031 678 sibi

200 757 268 828 ope
285 737 489 800 enitendum
506 755 586 799 esse
600 737 959 818 contendendumque
976 756 1030 799 ar-

200 861 352 923 bitratus
365 868 430 943 est,
442 868 482 922 ut
494 868 530 922 et
543 859 628 922 illud
641 860 862 940 praeclarum
875 878 902 923 s.
916 859 1031 922 Bene-

201 982 296 1064 dicti,
320 990 360 1045 ut
382 981 419 1044 in
440 981 601 1044 omnibus
617 980 836 1064 glorificetur
850 982 960 1062 DeuS,
984 982 1031 1044 ad
1062 973 1064 976 ⁴

201 1104 366 1168 effectum
381 1106 595 1188 perduceret
616 1114 651 1167 et
671 1104 835 1167 asceterii
851 1103 921 1167 sibi
937 1124 1030 1167 com·
1055 1128 1067 1151 ·

200 1226 298 1289 missi
313 1225 419 1290 saluti
434 1246 626 1307 numquam
642 1245 713 1289 non
729 1225 887 1290 studiose
904 1246 1032 1290 consu·

200 1350 299 1412 leret.
335 1348 441 1431 Quod
468 1359 655 1431 utrumque
683 1357 816 1430 quanta
843 1369 923 1412 cum
949 1368 1032 1430 pru-

201 1474 322 1536 dentia
349 1482 568 1554 quantaque·
583 1471 798 1535 dexteritate
822 1471 946 1555 egerit,
971 1473 1032 1534 do-

200 1605 364 1659 cumento
385 1594 620 1675 pulcherrimo
645 1614 724 1657 esse
746 1603 897 1676 possunt
916 1594 1033 1677 gratia

199 1718 278 1801 Dei,
296 1738 388 1801 quae
405 1737 485 1779 eum
501 1736 614 1798 usque
635 1717 751 1779 adhuc
772 1715 960 1779 manifeste
977 1724 1033 1778 est

200 1853 341 1923 secuta,
368 1860 467 1902 amor
496 1838 644 1902 fratrum
671 1838 705 1901 in
734 1838 900 1901 dilectum
930 1857 1033 1921 prae-

201 1964 313 2027 sulem
329 1980 538 2044 propensus‚
560 1979 688 2042 resque
704 1959 910 2022 monasterii
925 1961 972 2021 ab
989 1978 1032 2021 eo

201 2098 388 2168 tantopere
405 2093 541 2147 auctae.
565 2082 666 2145 Haec
682 2101 768 2145 vero
785 2081 861 2145 eius
878 2083 1032 2164 pruden-

200 2210 266 2292 tia,
292 2229 362 2291 qua
387 2209 494 2270 rebus
522 2205 726 2269 monasterii
749 2204 937 2285 consuluit,
962 2223 1032 2266 non

201 2340 339 2396 tantum
370 2329 402 2393 ei
429 2348 571 2400 suorum
599 2329 663 2390 sed
690 2336 893 2390 exterorum
925 2326 1032 2389 etiam

201 2453 327 2516 merito
344 2450 622 2515 conciliaverunt
637 2448 744 2512 fidem
765 2458 801 2511 et
817 2448 1033 2512 aestimatio·

201 2595 291 2638 nem.
312 2574 439 2655 Itaque
454 2571 598 2654 factum,
619 2581 659 2634 ut
675 2591 703 2634 1.
720 2591 747 2634 r.
763 2590 820 2652 ap.
837 2568 1033 2633 maiestatis

201 2697 381 2761 Francisci
408 2694 552 2777 Iosephi
587 2693 810 2775 imperatoris
843 2702 879 2756 et
910 2692 1033 2775 inclyti

201 2819 382 2904 regiminis
394 2817 575 2882 Austriaci
589 2815 810 2880 consiliarius
820 2814 1032 2896 nominatus,

202 2964 281 3008 cum
315 2943 528 3024 inclytorum
564 2938 726 3001 ordinum
764 2937 1033 3019 provincialium

201 3065 371 3131 Austriae
387 3062 563 3127 inferioris
582 3083 604 3125 a
619 3061 793 3124 selectior.
808 3059 955 3123 consilio
972 3061 1033 3122 ad·

200 3190 334 3253 hibitus
347 3185 510 3269 deputati
522 3203 666 3247 munere
678 3182 897 3265 fungeretur,
911 3182 968 3244 die
985 3187 1032 3244 16.

202 3313 298 3394 Aug.
315 3314 397 3388 1870
414 3308 623 3390 designatus
641 3305 687 3368 sit
702 3304 909 3386 provinciae
921 3323 1033 3366 mare-

203 3433 367 3497 schallus.
385 3430 498 3512 Quem
511 3447 669 3490 summae
682 3427 866 3521 dignitatis
882 3428 1032 3509 gradum

203 3554 320 3639 gratia
336 3550 578 3634 augustissimi
593 3548 815 3632 imperatoris
829 3548 1032 3630 identidem,

204 3688 240 3742 et
262 3676 367 3741 tertia
387 3675 466 3737 vice
483 3692 575 3735 anno
596 3676 676 3751 1878
701 3690 918 3753 concessum,
943 3673 1033 3734 adeo

204 3798 350 3883 egregie
378 3795 545 3858 sustinuit
575 3813 641 3857 nec
672 3813 744 3856 non
775 3812 887 3875 usque
918 3794 1034 3855 adhuc

204 3922 307 4007 gerit,
331 3932 370 3983 ut
394 3919 471 4001 ipse
492 3918 764 4000 augustissimus
781 3917 950 3979 Austriae
972 3916 1035 3979 im-

182 4091 187 4103 .
204 4053 350 4128 perator
364 4041 431 4104 viri
447 4050 635 4122 tantopere
652 4041 697 4102 de
709 4058 748 4102 re
760 4039 904 4121 publica
920 4039 1035 4102 meriti

205 4174 334 4248 pectus
356 4182 460 4227 cruce
477 4162 634 4245 equestri
650 4160 783 4224 ordinis
800 4180 952 4224 coronae
968 4159 1036 4223 fer-

205 4307 287 4351 reae
298 4287 343 4350 ΙΙ.
357 4287 399 4349 cl.
416 4285 473 4348 die
491 4306 515 4346 1.
529 4284 634 4346 Mart.
652 4288 733 4363 1874
748 4283 924 4346 decorarit
941 4302 1036 4345 eum-

206 4430 274 4492 que
303 4409 422 4472 curiae
445 4407 656 4490 optimatum
683 4407 729 4468 ad
755 4406 830 4468 dies
854 4406 950 4468 vitae
974 4406 1036 4468 ad-

205 4532 389 4614 scripserit
408 4530 497 4593 Νον.
523 4533 614 4608 1875.
646 4529 752 4591 Anno
777 4533 857 4608 1879
878 4549 899 4590 a
917 4528 1036 4591 celsis-

206 4656 294 4718 simo
318 4653 487 4725 Austriae
515 4651 687 4734 regimine
712 4653 849 4714 electus
871 4651 951 4733 fuit,
977 4653 1035 4735 qui

207 4775 451 4858 subpraesidis
467 4793 611 4837 munere
628 4774 663 4836 in
680 4793 856 4837 consensu
871 4774 1035 4856 virorum,

207 4899 268 4981 qui
284 4896 459 4961 communi
475 4896 644 4959 Austriae
660 4895 941 4978 Hungariaeque
957 4916 1036 4980 reg-

207 5039 333 5083 norum
363 5038 493 5081 causae
524 5017 739 5099 utilitatique
776 5018 1037 5100 consuluerunt,

207 5141 344 5204 Pestini
369 5141 587 5224 fungeretur.
611 5141 748 5204 Multae
771 5150 960 5222 praeterea
982 5160 1038 5203 so-

209 5262 359 5325 cietates
376 5271 412 5325 et
427 5261 642 5326 scientificae
665 5272 700 5325 et
722 5264 767 5325 ad
783 5262 1037 5338 humanitatem

209 5393 429 5466 spectantes,
462 5403 540 5446 eum
572 5384 639 5447 sibi
667 5384 826 5447 sodalem
857 5384 1036 5447 addidere.

1111 614 1248 697 Quibus
1263 636 1348 679 vero
1364 626 1437 679 tam
1458 616 1578 680 multis
1602 619 1753 700 publicis
1775 618 1944 701 privatis-

1111 757 1180 819 que
1206 739 1360 821 negotiis
1390 749 1499 821 atque
1526 742 1745 824 muneribus,
1777 744 1943 824 quamvis

1110 879 1226 942 paene
1242 863 1390 924 obrutus
1406 861 1453 924 sit
1468 862 1522 925 vir
1537 863 1770 946 septuaginta
1786 864 1861 927 fere
1879 886 1944 929 an-

1110 1003 1244 1065 norum,
1258 993 1377 1047 tamen
1385 987 1480 1047 bona
1492 987 1846 1068 sempervaletudine
1856 1009 1943 1052 usus

1111 1126 1290 1188 nunquam
1313 1127 1384 1169 non
1405 1109 1493 1171 satis
1513 1109 1640 1171 virium
1659 1111 1779 1191 habet,
1804 1119 1844 1174 ut
1863 1112 1944 1175 Deo

1111 1227 1250 1292 fautore
1270 1228 1437 1293 abbatiae
1454 1229 1617 1295 Scotensi
1638 1233 1752 1314 possit
1774 1253 1945 1316 praeesse

1112 1350 1158 1412 ad
1174 1351 1303 1415 multos
1319 1353 1434 1415 adhuc
1451 1373 1573 1416 anuos.

1197 1490 1239 1553 Iu
1254 1490 1377 1572 primis
1392 1492 1550 1557 fervidus
1566 1495 1667 1557 verbi
1685 1495 1795 1558 divini
1811 1516 1943 1579 praeco

1112 1632 1177 1675 nec
1193 1633 1263 1677 non
1276 1633 1302 1676 5.
1316 1625 1457 1696 patrum
1470 1615 1682 1699 scriptorum
1694 1619 1942 1702 peritissimus,

1113 1735 1209 1820 typis
1226 1736 1352 1801 edidit:

1200 1883 1221 1938 1.
1246 1882 1417 1940 Conciones
1440 1884 1469 1939 in
1489 1882 1596 1941 dicbus
1617 1885 1702 1942 115115
1727 1905 1768 1943 55.
1792 1886 1945 1962 Leopoldi

1113 1999 1143 2043 et
1158 1985 1319 2063 Stephani:
1343 1987 1401 2044 Am
1422 1988 1514 2046 Peste
1536 1989 1590 2046 des
1614 1990 1641 2046 h.
1664 1989 1815 2067 Leopold,
1837 1991 1944 2048 Beich·

1113 2092 1216 2166 tigers‚
1234 2091 1428 2166 Markgralen
1450 2094 1478 2148 in
1495 2093 1700 2150 Oesterreich.
1725 2093 1781 2151 Am
1803 2110 1849 2168 15.
1867 2095 1944 2152 Nou.

1118 2195 1197 2270 1839
1222 2197 1251 2251 in
1274 2196 1328 2252 der
1348 2195 1450 2253 Stifts·
1475 2197 1534 2253 und
1554 2196 1747 2255 Psarrkirche
1767 2198 1821 2255 der
1840 2199 1944 2257 Hoch·

1113 2301 1268 2376 wtirdigen
1284 2302 1379 2376 regul.
1398 2301 1447 2357 lat.
1464 2302 1657 2358 Chorherren
1673 2301 1726 2358 des
1743 2303 1771 2359 h.
1788 2302 1943 2378 Augustin

1112 2427 1148 2462 zu
1171 2405 1445 2480 Klosterneuburg.
1469 2406 1612 2472 Viennae,
1634 2405 1725 2480 1839,
1744 2409 1823 2483 typis
1840 2407 1944 2465 Caroli

1113 2509 1237 2567 Gerold.
1254 2544 1297 2551 —
1311 2508 1368 2565 Am
1381 2510 1473 2566 Peste
1485 2508 1539 2566 des
1552 2509 1580 2566 h.
1590 2508 1764 2586 Stephanus
1776 2511 1830 2568 des
1843 2525 1945 2568 ersten

1113 2615 1279 2688 Martyrers
1305 2613 1364 2669 und
1391 2612 1638 2689 Schutzheiligen
1665 2613 1719 2670 der
1747 2615 1764 2670 l.
1793 2614 1812 2672 s.
1842 2614 1946 2673 Stadt·

1114 2717 1304 2775 Psarrkirche
1326 2738 1361 2774 zu
1382 2718 1493 2774 Eaden.
1518 2717 1574 2774 Am
1592 2716 1642 2775 26.
1660 2719 1734 2775 Dee.
1756 2718 1946 2793 1852111111-

1113 2822 1247 2880 daselbst
1263 2837 1476 2898 vorgetragen.
1498 2824 1641 2890 Viennae,
1663 2822 1754 2897 1853,
1773 2826 1853 2901 typis
1871 2826 1946 2882 Fer·

1113 2928 1233 2985 dinandi
1250 2928 1371 2985 Ullrich.

1200 3061 1236 3116 Il.
1254 3060 1425 3116 Conciones
1441 3078 1498 3135 pro
1514 3058 1621 3116 diebus
1636 3063 1864 3118 anniversariis:
1886 3061 1944 3118 Am

1114 3163 1944 3241 Restaurations-FestederKirchederBiirgerspitals·

1113 3269 1312 3343 Versorgung
1335 3288 1371 3324 zu
1395 3266 1440 3325 St.
1462 3269 1548 3324 Marx
1573 3271 1602 3325 in
1622 3270 1722 3325 Wien.
1754 3268 1810 3326 Am
1835 3270 1945 3327 achten

1113 3372 1269 3448 Sonntage
1291 3374 1366 3430 nach
1388 3374 1541 3448 Psingsten
1562 3388 1775 3448 vorgetragen.
1800 3360 1954 3444 Viennae,

1118 3477 1208 3551 1841.
1226 3480 1259 3535 ln
1275 3497 1351 3535 com.
1370 3478 1449 3554 apud
1465 3479 1571 3552 Mayer
1587 3493 1616 3534 et
1633 3498 1731 3554 comp.
1748 3512 1790 3519 -
1806 3479 1858 3535 Bei
1876 3479 1944 3536 dem

1110 3583 1276 3658 jdhrlichen
1297 3582 1465 3639 Dankfeste
1487 3582 1541 3638 des
1562 3583 1878 3640 Kranken·lnstitutes
1899 3584 1947 3640 fdr

1113 3688 1417 3762 Handlungscommis
1449 3689 1479 3743 in
1509 3688 1608 3744 Wien.
1652 3687 1865 3762 Vorgetragen
1897 3707 1945 3744 am

1113 3793 1372 3867 Psingstmontage
1386 3791 1443 3847 den
1456 3806 1503 3847 12.
1514 3793 1573 3847 Mai
1588 3790 1678 3864 1845.
1692 3782 1836 3859 Viennae,
1854 3792 1946 3866 1845,

1115 3899 1194 3973 typis
1212 3915 1358 3971 congreg.
1374 3896 1517 3952 Mechith.

1203 4029 1253 4084 ΙΙΙ.
1279 4028 1450 4085 Concioncs
1470 4047 1526 4103 pro
1548 4029 1685 4102 primitiis
1707 4041 1736 4083 et
1753 4027 1944 4086 secunditiis:

1115 4134 1171 4190 Am
1195 4146 1325 4190 neunten
1348 4130 1506 4206 Sonntage
1527 4131 1603 4187 nach
1624 4130 1794 4205 Psingstcn,
1820 4132 1865 4187 als
1894 4132 1947 4188 der

1115 4239 1195 4294 Herr
1216 4239 1247 4293 P.
1264 4238 1393 4312 Magnus
1409 4233 1530 4302 BobieS,
1552 4254 1580 4292 0.
1598 4255 1621 4292 5.
1639 4237 1671 4291 Β.
1694 4232 1858 4315 (Scotens.)
1883 4239 1947 4292 sein

1116 4355 1213 4399 erstes
1244 4342 1370 4416 heiliges
1400 4339 1572 4415 Messopser
1603 4339 1679 4395 Gott
1709 4339 1846 4398 feierlich
1876 4341 1945 4398 dar·

1115 4446 1249 4504 brachte.
1274 4448 1418 4512 Viennae,
1447 4443 1536 4518 1841,
1563 4447 1643 4521 typis
1665 4445 1755 4502 Ulrici
1777 4446 1948 4521 11107111-

1116 4554 1176 4608 Zur
1195 4550 1448 4608 Secundiz·Fcier
1472 4551 1526 4606 des
1550 4552 1649 4606 Herrn
1674 4550 1705 4606 P.
1729 4551 1839 4607 Martin
1864 4551 1947 4607 Teu·

1116 4658 1226 4725 schert,
1248 4656 1535 4731 Capitularpriester
1556 4655 1615 4711 und
1636 4654 1745 4712 Senior
1767 4655 1821 4712 des
1842 4654 1948 4712 Stiftes

1116 4760 1274 4829 Schotten,
1286 4760 1526 4817 Psarrverweser
1538 4781 1573 4816 zu
1586 4759 1631 4817 St.
1646 4760 1756 4826 Ulrich,
1777 4760 1876 4817 Ritter
1894 4760 1947 4818 des

1117 4866 1212 4921 Franz
1227 4864 1505 4941 Josephs-Ordens,
1521 4863 1661 4922 bischofl.
1676 4864 1945 4922 Consistorialrath

1117 4989 1153 5024 zu
1170 4969 1312 5038 Tarnow,
1329 4987 1377 5024 am
1398 4983 1444 5042 15.
1458 4970 1533 5026 Nov.
1552 4967 1632 5043 1870
1649 4971 1677 5024 in
1690 4968 1744 5025 der
1756 4967 1949 5025 Psarrkirche

1117 5093 1153 5129 zu
1181 5070 1225 5136 St.
1252 5072 1363 5130 Ulrich.
1395 5074 1538 5139 Viennae,
1562 5062 1662 5147 1870,
1690 5075 1770 5149 typis
1798 5092 1947 5149 congreg.

1117 5177 1258 5234 Mechith.
1286 5210 1328 5219 -
1355 5179 1414 5234 Zur
1437 5177 1692 5235 Secundiz-Feier
1715 5177 1768 5234 des
1792 5179 1892 5234 Herrn
1915 5179 1947 5234 P.

1118 5282 1209 5339 Odilo
1225 5283 1331 5358 Kopp,
1349 5282 1635 5359 Capitularpriester
1651 5283 1703 5339 des
1720 5280 1827 5339 Stiites
1840 5281 1949 5339 Schot-

1118 5400 1182 5453 ten,
1214 5387 1455 5445 Pfarrverweser
1487 5390 1515 5443 in
1546 5386 1769 5463 Gumpendorf,
1806 5387 1949 5444 111151111-
