4178 6196
943 434 1198 522 ..46-

199 645 275 700 tum
287 634 519 699 benedicitur.
544 632 713 717 Sequitur
725 655 818 698 anno
834 639 913 714 1773
927 655 1029 716 prae·

201 758 366 822 cedentia
382 760 452 821 duo
467 758 589 840 legata
600 757 758 821 notabile
770 757 855 820 illud
871 760 1029 840 legatum

200 880 328 945 nobilis
343 880 487 943 herulae
498 878 727 942 Elisabethae
744 881 789 942 de
802 877 1029 944 Schwalben·

199 1003 283 1084 feld,
305 1022 375 1085 quo
396 1001 547 1065 ecclesia
565 1001 840 1085 Raigradiensis
862 1021 980 1065 21.ooo
994 1001 1028 1065 fl.

200 1126 350 1208 accepit,
368 1125 565 1205 eodemque
581 1143 674 1186 0000
685 1132 803 1186 100101
818 1123 959 1206 collegii
973 1143 1030 1187 so-

200 1247 341 1313 cietatis
364 1248 446 1310 Iesu
470 1244 664 1308 Brunensis
687 1245 831 1309 ultimus
854 1245 1028 1308 Martinus

199 1371 308 1436 Raab
318 1354 400 1453 post
408 1369 484 1433 eius
493 1368 626 1431 ordinis
635 1368 923 1450 subpressionem
932 1369 1029 1449 apud

200 1514 265 1558 nos
277 1492 433 1575 hospitio
445 1491 632 1573 excipitur.
660 1509 739 1570 1777
754 1490 953 1553 incendium
966 1510 1029 1572 pa-

200 1637 285 1700 gum
301 1625 460 1681 nostrum
475 1613 685 1697 Rybesovic
701 1622 815 1676 totum
836 1613 871 1675 in
892 1612 1029 1675 cineres

199 1738 317 1818 vertit,
337 1736 500 1819 sequenti
521 1734 673 1798 ecclesia
693 1735 729 1797 in
752 1732 902 1817 Syrovic
923 1734 1029 1816 erigi-

200 1871 270 1942 tur,
296 1865 376 1940 1770
401 1859 539 1940 capella
562 1877 589 1922 s.
612 1857 740 1921 Annae
764 1858 798 1919 in
823 1876 919 1939 pago
941 1856 1029 1918 Hlu·

199 1984 298 2066 boky
307 1990 490 2045 exstructa
503 2000 544 2043 ac
553 1979 743 2042 benedicta
753 1977 1030 2060 frequentationi

199 2106 364 2189 publicae
389 2102 556 2184 aperitur,
587 2121 666 2181 1777
692 2100 853 2182 superior
875 2100 1029 2163 ambitus

201 2227 439 2309 praelaturam
460 2224 551 2287 inter
572 2232 608 2286 et
628 2232 841 2285 conventum
865 2220 1029 2285 aedifica·

200 2360 267 2428 tur,
288 2346 470 2409 archivum
489 2364 619 2408 novum
639 2344 819 2426 inceptum
839 2343 1029 2426 perficitur,

201 2481 347 2553 totaque
365 2468 517 2532 ecclesia
529 2476 749 2530 restauratur
760 2466 1029 2545 monasterialia,

200 2595 235 2657 in
245 2613 325 2676 qua,
335 2611 414 2654 cum
423 2588 624 2653 novissimis
634 2590 759 2652 diebus
769 2588 960 2652 oratorium
973 2608 1030 2650 su-

200 2736 265 2798 per
276 2713 473 2778 sacristiam
482 2709 707 2776 aedificatum
720 2722 825 2793 esset,
838 2712 915 2775 sine
923 2712 1030 2774 inter-

199 2839 364 2921 ruptione
378 2836 505 2899 chorus
522 2835 803 2915 persolvebatur.
826 2834 932 2897 Anno
949 2837 1030 2912 1780

199 2963 387 3024 traduntur
409 2956 512 3020 nobis
541 2956 757 3018 sollemniter
780 2975 850 3037 qua
879 2951 1030 3036 patrono

197 3084 323 3147 literae
338 3078 555 3143 fundationis
571 3075 734 3140 beneficii
746 3077 858 3140 curati
874 3076 907 3139 in
922 3075 1030 3159 Syro-

199 3206 271 3287 vic,
292 3204 412 3285 ibique
431 3196 877 3264 P..sareanders110biseh
896 3199 1030 3280 primus

200 3325 448 3391 denominatus
480 3330 633 3401 curatus,
665 3320 770 3383 sicuti
797 3320 1029 3402 quadriennio

198 3459 282 3513 ante
294 3447 334 3511 P.
348 3447 499 3509 Ioannes
512 3441 667 3523 Zvolsky
683 3442 818 3523 primus
830 3461 895 3523 pro
914 3461 1029 3504 resus-

198 3571 310 3634 citata
332 3576 415 3649 post
438 3584 610 3628 annorum
636 3567 695 3625 160
717 3563 872 3644 spatium
893 3563 1028 3627 curatia

198 3688 483 3756 Domasoviensi.
503 3687 599 3749 Loco
611 3694 808 3748 statuarum
825 3685 860 3748 in
872 3685 1029 3749 turribus

200 3811 372 3876 ecclesiae
385 3828 509 3873 cruces
521 3808 759 3888 imponuntur,
772 3818 808 3870 et
825 3811 900 3886 1781
917 3808 1028 3871 sacel-

197 3937 279 4016 lum,
293 3933 508 3996 bibliotheca
520 3931 556 3992 in
569 3930 772 4011 praelatura
785 3930 932 4011 eiusque
945 3949 1028 4011 pars

198 4076 323 4120 versus
347 4056 475 4118 molam
496 4052 625 4134 partim
646 4061 874 4133 restauratur,
898 4051 1028 4133 partim

199 4182 244 4244 de
260 4199 354 4244 novo
370 4174 586 4240 aedificatur.
616 4173 676 4236 Ad
695 4172 801 4236 finem
822 4174 925 4236 huius
945 4175 1027 4237 anni

132 4336 135 4340 ·
202 4309 250 4367 13.
264 4302 344 4367 Oct.
359 4300 514 4363 edictum
530 4295 740 4360 tolerantiae
756 4295 976 4359 Moravicum
992 4297 1028 4360 in

198 4424 378 4507 publicum
400 4419 541 4504 prodiit,
565 4418 601 4481 vi
626 4416 726 4480 cuius
750 4436 815 4498 per
839 4420 1027 4481 decursum

197 4547 339 4621 triennii
351 4542 644 4608 monasteriorum
658 4548 694 4602 et
707 4516 939 4603 claustrorum
955 4561 1028 4604 ma-

198 4660 296 4723 xima
330 4678 414 4740 pars
445 4657 578 4720 abolita
613 4669 682 4736 est;
722 4672 908 4726 cassantur
943 4663 1027 4726 item

198 4801 320 4845 omnes
344 4780 591 4862 exemptiones
616 4783 777 4846 ordinum
804 4786 949 4848 decreto
973 4786 1028 4849 Io-

198 4903 300 4986 sephi
312 4904 356 4984 II,
373 4903 454 4967 hinc
471 4914 506 4967 et
519 4905 649 4968 nostris
661 4904 853 4988 Raigradii
865 4915 1028 4988 tempora

199 5024 354 5087 infausta
364 5025 581 5109 inchoantur,
592 5030 734 5091 domum
744 5038 1027 5092 tamennostram

198 5147 369 5228 singulari
384 5167 413 5211 c.
426 5169 451 5210 r.
466 5150 568 5212 aulae
584 5149 824 5214 munificentia
840 5170 1029 5214 conserva-

197 5276 270 5331 tam
283 5267 454 5333 videmus.
470 5269 633 5334 Fratrum
645 5291 764 5335 amore
777 5271 965 5336 deficiente
977 5271 1028 5335 in-

197 5388 334 5471 cipiunt
345 5389 445 5452 rixae
458 5393 701 5474 praepositum
717 5393 809 5457 inter
824 5403 860 5458 et
876 5413 1028 5459 conven-

1109 645 1199 717 1010,
1218 637 1317 700 00100
1336 635 1449 699 fomes
1474 636 1615 700 exsistit
1635 640 1716 716 1784
1732 638 1897 719 neglecta
1918 657 1940 701 a

1109 758 1315 840 praeposito
1339 758 1466 839 petitio
1490 758 1710 839 clericorum,
1735 758 1795 840 qui
1817 759 1854 820 vi
1877 759 1940 821 de-

1109 879 1196 942 creti
1206 880 1364 943 caesarei
1376 881 1423 942 ad
1434 882 1575 964 lyceum
1587 880 1680 944 mitti
1691 880 1823 944 frustra
1834 900 1939 963 roga·

1108 1003 1205 1065 bant.
1237 999 1348 1065 Simul
1373 1003 1600 1085 erogationes
1628 1003 1791 1066 insolitae
1823 1021 1939 1084 aeque

1109 1144 1150 1188 ac
1178 1144 1282 1189 casus
1310 1126 1452 1188 adversi
1478 1125 1513 1188 in
1536 1135 1655 1190 tantas
1681 1125 1734 1188 rei
1755 1124 1938 1188 familiaris

1109 1247 1294 1329 angustias
1305 1248 1544 1330 Raigradium
1557 1249 1793 1328 adduxerunt,
1806 1257 1845 1310 ut
1858 1267 1937 1310 coe·

1109 1369 1252 1432 nobium
1263 1380 1420 1432 nostrum
1430 1370 1535 1433 saluti
1544 1372 1736 1451 desperare
1745 1369 1936 1432 videretur.

1109 1489 1162 1552 En
1177 1491 1281 1553 huius
1293 1493 1518 1554 documenta!
1541 1489 1702 1554 Solutum
1718 1491 1845 1574 ingens
1857 1510 1938 1572 pre-

1108 1612 1194 1674 tium
1225 1613 1366 1675 nomine
1396 1623 1505 1675 taxae
1536 1611 1812 1677 confirmationis
1843 1632 1936 1675 anno

1113 1737 1188 1813 1781
1206 1733 1389 1815 excipiunt
1400 1734 1666 1797 commissiones
1678 1735 1730 1798 sic
1743 1734 1861 1797 dictae
1879 1753 1937 1796 ca-

1108 1856 1283 1937 tastrales‚
1315 1857 1412 1938 apud
1437 1876 1503 1919 nos
1530 1876 1595 1938 per
1619 1858 1764 1939 longum
1795 1867 1937 1938 tempus

1102 1976 1309 2059 'nostrisque
1330 1976 1531 2059 sumptibus
1552 1978 1764 2059 habitantes
1788 1999 1938 2061 quarum

1109 2099 1348 2163 decisionibus
1371 2120 1537 2182 magnam
1559 2101 1730 2164 iacturam
1752 2101 1818 2163 soli
1833 2083 1947 2183 agro-¹

1109 2241 1256 2303 rumque
1294 2222 1455 2286 fecimus.
1500 2223 1713 2286 Venduntur
1752 2243 1938 2305 cauponae

1110 2342 1418 2408 Ostrovadicensis
1438 2355 1474 2408 et
1489 2345 1781 2408 Domasoviensis
1805 2346 1852 2408 ad
1871 2346 1937 2407 eri-

1109 2468 1264 2549 gendam
1288 2467 1520 2548 capellaniam
1540 2466 1764 2540 Domasovii;
1789 2467 1936 2548 piscina,

1108 2589 1261 2651 Donava
1275 2598 1414 2669 vocata,
1431 2597 1593 2651 cassatur
1609 2588 1643 2651 in
1660 2588 1807 2670 eiusque
1822 2590 1937 2653 locum

1109 2729 1222 2772 novus
1235 2729 1352 2792 pagus
1361 2708 1628 2774 Othmarovium
1639 2713 1823 2773 adnomen
1836 2730 1938 2792 prae·

1109 2830 1217 2912 positi
1246 2831 1362 2895 dictus
1389 2832 1560 2896 conditur.
1595 2832 1768 2896 Crescunt
1793 2834 1938 2897 timores

1114 2958 1193 3033 1784
1205 2954 1251 3016 ob
1260 2954 1453 3035 subpressa
1465 2954 1658 3036 praecipua
1666 2956 1851 3018 Moraviae
1864 2976 1938 3019 mo-

1110 3075 1275 3156 nasteria,
1292 3077 1342 3139 uti
1357 3075 1650 3158 Zabrdovicense,
1663 3078 1834 3158 Lucense,
1848 3076 1937 3141 Gra·

1110 3197 1271 3279 (1100000,
1296 3198 1585 3281 Velegradiense.
1617 3198 1832 3262 Residentia
1857 3200 1936 3282 Ry-

1108 3319 1349 3382 besovicensis
1369 3318 1513 3382 fulmine
1534 3319 1605 3382 icta
1625 3329 1702 3383 tota
1724 3320 1935 3404 conflagrat;

1108 3441 1275 3523 incipitur
1299 3461 1344 3503 ex
1368 3443 1536 3503 mandato
1564 3461 1732 3506 caesareo
1754 3442 1814 3505 via
1837 3446 1937 3526 regia

1109 3563 1229 3626 Bruna
1244 3583 1369 3626 versus
1385 3563 1592 3625 Bohemiam
1612 3583 1677 3645 per
1693 3563 1936 3647 Nigrofanum‚

1108 3695 1144 3748 et
1168 3685 1249 3747 inde
1272 3704 1403 3767 magna
1427 3685 1529 3746 nobis
1552 3685 1700 3749 veniunt
1724 3686 1938 3749 detrimenta

1109 3806 1143 3868 in
1166 3806 1266 3869 silvis
1290 3816 1325 3869 et
1350 3807 1456 3889 agris.
1490 3806 1727 3872 Ostrovacicii
1751 3810 1859 3891 (1780)
1886 3809 1936 3871 in·

1108 3929 1206 3992 curia
1221 3931 1364 3992 scholae
1385 3928 1532 3992 rectoris
1549 3949 1719 4012 magnum
1735 3930 1936 3993 incendium

1108 4050 1271 4113 undecim
1285 4053 1408 4114 domos
1420 4072 1490 4114 una
1507 4072 1586 4115 cum
1601 4041 1736 4115 horreis
1749 4071 1937 4133 consump-

1107 4173 1163 4254 sit,
1181 4173 1300 4255 ibique
1315 4173 1412 4236 fures
1432 4173 1598 4256 sacrilegi
1614 4173 1784 4236 ciborium
1801 4184 1838 4236 et
1853 4175 1937 4236 cali·

1108 4315 1184 4358 cem
1216 4316 1261 4358 ex
1292 4295 1447 4359 sacrario
1482 4296 1634 4377 rapiunt.
1678 4295 1811 4359 Eodem
1843 4317 1936 4360 anno

1108 4429 1256 4500 propter
1275 4419 1464 4482 instantem
1488 4418 1669 4482 servitutis
1691 4419 1843 4500 (nomine
1859 4419 1935 4481 Ro-

1107 4542 1182 4622 bot)
1208 4541 1436 4604 abolitionem
1457 4540 1491 4602 in
1508 4540 1689 4622 proprium
1713 4541 1935 4603 commodum

1107 4663 1191 4725 villa
1212 4663 1286 4747 (seu
1302 4663 1422 4744 curtis)
1444 4662 1658 4726 monasterio
1678 4662 1795 4726 vicina
1815 4662 1937 4726 aedifi·

1108 4796 1217 4867 catur,
1243 4787 1334 4849 mola
1358 4805 1443 4848 vero
1466 4785 1529 4847 vix
1550 4783 1739 4848 aedificata
1762 4805 1832 4847 una
1856 4805 1937 4848 cum

1107 4909 1200 4970 mola
1219 4908 1378 4971 asserina
1398 4907 1471 4970 iure
1488 4906 1753 4989 emphyteutico
1769 4926 1848 4969 cum
1864 4926 1938 4968 010-

1107 5049 1179 5111 gno
1206 5039 1327 5092 nostro
1357 5030 1484 5093 damno
1510 5029 1685 5092 venditur.
1717 5028 1824 5091 Anno
1855 5032 1933 5107 1787

1108 5151 1228 5214 0011010
1254 5149 1404 5213 trivialis
1431 5150 1584 5229 erigitur.
1616 5150 1650 5213 A
1674 5170 1794 5213 mense
1819 5150 1936 5232 Aprili

1106 5272 1211 5336 huius
1235 5273 1317 5336 anni
1341 5273 1391 5336 sic
1413 5273 1546 5335 dictum
1569 5270 1807 5356 „Pauschale“
1829 5271 1937 5334 solvi-

1107 5405 1165 5457 tur
1188 5404 1224 5457 et
1243 5397 1338 5457 bona
1358 5405 1479 5457 nostra
1500 5397 1646 5458 decreto
1667 5394 1822 5457 caesaris
1838 5394 1937 5456 velut
