4178 6196
906 477 1191 547 „509-

171 683 261 744 pace
278 670 395 724 rector
410 660 618 745 magnificus
632 662 746 724 almae
760 660 1004 724 universitatis

172 783 387 847 Viennensis
414 781 636 846 renuntiatus
664 795 728 845 est.
764 782 843 863 Quo
870 784 1005 845 honore

171 926 251 968 cum
267 924 403 967 summa
416 904 592 987 dignitate
605 903 824 986 perfungens
838 904 929 966 adeo
944 905 1005 965 do·
1024 944 1028 953 -

172 1029 320 1090 mestica
343 1048 414 1090 non
437 1027 613 1110 neglexit,
639 1037 678 1089 ut
701 1026 735 1089 in
761 1046 881 1089 eorum
906 1046 1005 1088 cura-

172 1149 269 1212 tione
297 1158 333 1211 et
356 1147 662 1211 administratione
687 1147 773 1210 nihil
796 1147 1003 1230 diligentiae

172 1271 474 1354 praetermitteret
510 1290 704 1352 omnesque
739 1269 1005 1352 vigilantissimi

173 1395 315 1456 abbatis
331 1403 453 1474 partes
466 1393 560 1455 domi
577 1402 720 1455 strenue
734 1394 909 1473 expleret.
934 1393 1005 1454 Pro

173 1515 282 1579 tantis
303 1515 437 1578 meritis
453 1518 499 1578 ab
516 1514 769 1598 augustissimo
791 1513 1005 1595 imperatore

175 1643 224 1700 26.
241 1639 345 1700 Febr.
364 1642 444 1716 1814
461 1638 591 1700 collato
607 1637 640 1700 ei
657 1656 800 1699 munere
818 1636 1004 1698 directoris

174 1760 281 1821 studii
297 1758 489 1841 theologici
504 1768 540 1822 et
556 1757 743 1821 referentis
764 1758 862 1839 apud
883 1776 1006 1837 supre-

174 1901 265 1943 mam
283 1880 433 1944 aulicam
449 1879 646 1942 studiorum
659 1879 943 1941 commissionem
960 1878 1006 1940 si'·

174 2004 245 2064 mul
281 2002 500 2064 consiliarius
535 2000 717 2083 regiminis
748 1999 918 2062 Austriae
955 1999 1006 2062 111-

173 2123 313 2187 ferioris
340 2123 541 2187 nominatus
569 2133 641 2205 est,
672 2142 789 2205 neque
817 2122 867 2184 ita
894 2123 1006 2185 multo

175 2255 258 2326 post
284 2246 418 2328 inclyta
445 2245 598 2308 facultas
629 2243 832 2327 theologica
859 2245 952 2306 ultro
980 2264 1006 2306 s.

175 2367 379 2450 theologiae
396 2369 579 2430 doctorum
596 2368 678 2429 albo
700 2366 848 2429 inseruit
869 2367 1008 2448 elapso-

176 2510 245 2571 que
282 2489 514 2571 quadriennio
558 2493 636 2551 1818
673 2489 797 2551 iterum
834 2498 1008 2552 rectorem

176 2610 402 2693 magnificum
433 2611 675 2673 universitatis
711 2612 890 2675 salutavit.
929 2611 1009 2692 Quo

177 2732 388 2815 magistratu
413 2732 620 2813 priusquam
644 2753 683 2795 se
707 2733 926 2814 abdicasset,
951 2733 1008 2795 die

179 2874 228 2916 20.
253 2854 341 2936 Apr.
370 2859 467 2936 1819,
498 2854 633 2917 aulicus
665 2854 886 2917 consiliarius
916 2855 1009 2917 desi-

177 2985 308 3057 gnatus
326 2984 390 3038 est.
415 2975 679 3058 Verumtamen,
697 2977 780 3038 dum
797 2977 908 3040 multa
923 2977 1009 3039 foris

178 3098 321 3179 agebat,
338 3097 433 3159 domi
448 3107 545 3161 totus
559 3097 684 3160 vivens
701 3098 885 3161 consilium
902 3108 939 3161 et
954 3118 1010 3161 ee-

177 3220 231 3301 pit
247 3229 284 3282 et
300 3229 473 3282 executus
489 3229 545 3282 est
557 3220 640 3282 novi
653 3240 672 3281 e
685 3220 926 3283 fundamentis
938 3240 1011 3283 mo-

178 3342 324 3404 nasterii
337 3342 558 3415 exstruendi;
573 3344 668 3422 quod
680 3343 739 3404 vel
751 3342 821 3424 ipsi
833 3343 1011 3425 augustis-

179 3465 266 3526 simo
288 3464 493 3545 imperatori
515 3465 606 3526 adeo
626 3484 697 3526 non
719 3464 898 3546 ingratum
920 3485 1011 3547 opus

179 3586 293 3650 visum
304 3597 391 3668 erat,
401 3585 1010 3668 utpermiseritfilioFerdinandoV.

179 3708 387 3790 Hungariae
400 3708 477 3790 regi
492 3707 649 3789 lapidem
661 3727 795 3789 ponere
808 3708 1012 3790 primarium

181 3836 210 3892 6.
226 3829 312 3891 Maii
333 3834 424 3892 1831.
449 3828 528 3909 Quo
545 3849 654 3911 opere
670 3830 826 3891 nondum
846 3830 893 3891 ad
913 3830 1012 3892 fasti·

179 3950 276 4033 gium
292 3952 466 4033 perducto
487 3951 599 4013 saeris
620 3950 799 4034 mysteriis
816 3952 883 4015 rite
900 3952 1012 4015 muni-

179 4083 237 4136 tus
253 4084 289 4135 et
306 4073 534 4136 confirmatus
551 4073 643 4135 diem
664 4093 869 4156 supremum
894 4073 1013 4136 confe-

180 4196 229 4258 cit
250 4216 296 4274 17.
306 4195 396 4258 Νον.
411 4199 488 4258 1831
505 4215 598 4257 anno
611 4196 741 4259 aetatis
752 4202 801 4278 73,
816 4195 950 4259 ordinis
961 4199 1012 4276 56,

180 4317 412 4398 professionis
436 4327 473 4379 et
496 4317 686 4380 sacerdotii
711 4339 761 4396 49.
787 4317 916 4380 Abbas
940 4337 1013 4379 mo-

181 4439 337 4502 nasterio
349 4439 505 4521 praefuit
517 4459 629 4502 annos
644 4448 812 4521 quattuor
825 4449 861 4502 et
874 4438 1012 4520 viginti,

180 4581 321 4623 menses
339 4561 506 4642 quinque.

267 4717 381 4802 Typis
398 4718 510 4780 edidit
526 4717 716 4780 conciones
733 4737 823 4780 occ:

270 4880 291 4935 I.
316 4880 383 4935 Von
408 4878 463 4935 der
485 4878 604 4935 Frende
631 4878 685 4935 des
708 4877 1015 4934 Menschensreundes

183 4983 258 5040 iiber
279 4984 327 5039 die
344 4982 671 5057 Versorgungsanstalt
695 4982 749 5039 der
774 5001 876 5040 armen
900 4982 1017 5056 Biirger

184 5087 300 5144 Wiens
319 5088 464 5154 Viennae,
487 5087 576 5159 1805.

270 5210 307 5266 ΙΙ.
333 5211 389 5265 1)10
406 5210 606 5282 Versorgung
631 5207 685 5263 der
700 5207 812 5263 Arinen
828 5209 867 5263 im
884 5208 1016 5281 Biirger·

183 5313 301 5388 spitale,
319 5316 386 5369 eine
399 5312 615 5386 Nachahmung
631 5330 691 5366 von
708 5312 818 5369 Gottes
835 5312 1016 5368 Menschcn-

183 5417 354 5491 erziehung.
379 5418 523 5483 Viennae,
545 5413 635 5473 1806.

1174 653 1296 725 Werl
1312 664 1564 728 Vincentius
1587 665 1920 749 (Gottvicensis),

1087 790 1192 843 natus
1210 781 1267 844 die
1288 803 1335 849 10.
1352 783 1441 865 Apr.
1462 789 1543 847 1810
1558 785 1594 847 in
1612 784 1832 849 Grafendorf
1844 787 1918 849 Au·

1087 902 1205 983 striae,
1222 923 1248 965 s,
1266 905 1389 968 habitu
1413 906 1559 969 indutus
1581 907 1638 969 die
1656 912 1706 971 26.
1724 906 1804 972 Oct.
1826 912 1919 989 1828,

1087 1033 1171 1086 vota
1188 1025 1372 1089 sollemnia
1388 1029 1504 1092 emisit
1521 1029 1578 1091 die
1599 1049 1646 1108 17·
1660 1029 1765 1093 Mart.
1787 1035 1865 1092 1833
1884 1040 1920 1093 et

1087 1145 1237 1227 primum
1262 1168 1402 1212 sacrum
1423 1150 1502 1212 Deo
1526 1151 1656 1214 obtulit
1681 1151 1738 1214 die
1758 1156 1805 1215 15.
1823 1152 1918 1235 Aug.

1092 1270 1182 1330 1833.
1207 1268 1277 1331 Ρο1
1300 1271 1389 1332 duos
1411 1291 1522 1334 annos
1548 1273 1659 1335 curati
1684 1272 1801 1336 officio
1825 1274 1920 1337 domi

1087 1389 1305 1471 fungebatur
1335 1392 1417 1455 dein
1441 1394 1657 1476 theologiam
1681 1395 1919 1479 dogmaticam

1087 1530 1153 1590 per
1170 1513 1333 1574 undecim
1350 1533 1461 1576 annos
1474 1515 1630 1598 tradidit,
1648 1517 1739 1579 inter
1752 1519 1847 1598 quod
1859 1538 1920 1580 an·

1087 1650 1211 1693 norum
1223 1633 1378 1714 spatium
1386 1637 1533 1698 multum
1545 1638 1735 1723 laborabat
1746 1639 1782 1701 in
1794 1639 1921 1701 biblio·

1088 1753 1204 1815 theca.
1228 1753 1297 1815 Die
1320 1775 1366 1832 14.
1383 1756 1457 1821 11111.
1481 1762 1561 1835 1846
1579 1758 1920 1823 administrationem

1088 1875 1191 1936 aulae
1202 1873 1613 1941 GottvicensisViennae
1623 1882 1782 1964 suscepit
1791 1892 1826 1944 et
1840 1886 1918 1961 1817

1088 2004 1125 2057 et
1150 1995 1275 2058 iterum
1302 2002 1379 2060 1852
1407 2000 1588 2063 abbatiam
1614 1999 1920 2066 Szalavariensem

1087 2116 1124 2178 in
1135 2117 1321 2200 Hungaria
1338 2121 1654 2185 administrandam
1670 2125 1774 2205 petiit
1787 2135 1823 2188 et
1839 2130 1920 2188 1858

1089 2235 1208 2302 curam
1232 2241 1428 2304 animarum
1455 2243 1491 2306 in
1515 2240 1641 2307 Mauer
1667 2247 1782 2328 gessit
1808 2268 1920 2328 usque

1093 2364 1184 2441 1860,
1201 2381 1271 2442 quo
1292 2383 1384 2425 anno
1402 2365 1543 2427 domum
1565 2385 1729 2429 reversus
1752 2378 1817 2431 est.
1850 2368 1922 2431 Ob·

1089 2482 1256 2545 dormivit
1272 2483 1307 2546 in
1323 2484 1477 2548 Domino
1494 2486 1552 2549 die
1570 2491 1598 2551 5.
1616 2488 1703 2552 Dec.
1725 2494 1816 2554 1861.

1176 2608 1198 2664 Ι.
1212 2609 1582 2685 Manuscripten·Catalog
1594 2612 1647 2667 der
1660 2612 1920 2672 Stiftsbibliothek

1089 2711 1254 2786 Gdttweig.
1273 2710 1302 2792 (i.
1320 2732 1347 2769 0.
1364 2715 1529 2788 Catalogus
1546 2716 1682 2772 codicum
1700 2721 1919 2794 manuscripto·

1090 2835 1154 2871 rum
1174 2815 1378 2874 bibliothecae
1394 2816 1624 2898 Gottvicensis)
1648 2821 1690 2876 III
1712 2834 1783 2878 torn.
1808 2821 1865 2878 Ms.
1890 2825 1919 2879 in

1089 2919 1162 2977 bibl.
1180 2921 1285 2978 Gottv.

1177 3025 1214 3081 II.
1251 3026 1309 3081 Die
1340 3028 1617 3103 typographischen
1648 3028 1831 3086 Incunabeln
1867 3029 1922 3086 der

1090 3126 1349 3186 Stiftsbibliothek
1362 3117 1527 3205 Gdttweig.
1545 3128 1573 3209 (i.
1588 3151 1614 3187 e.
1632 3132 1816 3189 Incunabula
1832 3145 1920 3209 typo-

1091 3232 1239 3306 graphica
1252 3231 1455 3290 bibliothecae
1472 3231 1590 3311 Gottv.)
1610 3236 1623 3290 I
1640 3247 1711 3293 10111.
1729 3237 1784 3294 Ms.
1803 3238 1831 3292 in
1847 3235 1919 3294 bibl.

1092 3335 1198 3392 Gottv.

1180 3439 1230 3495 ΙΙΙ.
1248 3440 1458 3496 Verzeichniss
1474 3440 1528 3497 der
1540 3440 1667 3498 Aldinen
1683 3443 1743 3499 und
1755 3443 1920 3518 Ausgaben

1092 3543 1326 3600 verschiedener
1337 3544 1452 3600 Werke
1465 3564 1526 3601 von
1543 3560 1763 3620 1494—1592.
1781 3543 1810 3625 (i.
1824 3568 1850 3605 e.
1865 3549 1923 3605 Ca·

1093 3648 1213 3721 talogus
1230 3666 1356 3723 operum
1374 3648 1513 3704 editionis
1526 3649 1652 3706 Aldinae
1669 3664 1699 3707 et
1714 3651 1837 3708 aliarum
1854 3652 1923 3709 inde

1092 3751 1131 3809 ab
1147 3770 1226 3808 anno
1248 3751 1481 3831 1494-1592.)
1497 3754 1509 3808 l
1527 3767 1598 3810 10111.
1615 3756 1671 3811 llls.
1689 3758 1717 3811 in
1730 3755 1802 3813 bibl.
1816 3757 1922 3815 Gottv.

1180 3856 1230 3913 IV.
1263 3857 1392 3932 Catalog
1422 3857 1476 3914 der
1504 3859 1718 3934 Kupserstiche
1747 3861 1804 3916 und
1832 3863 1923 3917 Holz·

1093 3961 1223 4017 schnitte
1250 3961 1304 4017 des
1328 3960 1434 4018 Stistes
1458 3962 1624 4038 Gdttweig.
1653 3961 1681 4042 (i.
1707 3983 1733 4020 e.
1758 3965 1923 4039 Catalogus

1094 4068 1254 4140 imaginum
1282 4085 1353 4122 aere
1380 4079 1410 4122 et
1437 4066 1519 4141 ligno
1548 4087 1724 4124 excusatum
1749 4070 1922 4124 monasterii

1093 4170 1211 4249 Gottv.)
1228 4172 1254 4227 11
1272 4183 1343 4226 tom.
1360 4171 1416 4228 Ms.

1197 4301 1436 4396 Weymayr
1453 4312 1648 4374 Thassilo
1662 4311 1926 4392 (Admonten-

1094 4429 1180 4511 sis),
1205 4430 1349 4492 natione
1375 4428 1504 4511 Styrus
1527 4449 1546 4490 e
1574 4428 1724 4511 Zeiring,
1751 4451 1800 4492 21.
1821 4429 1925 4492 Mart.

1099 4555 1177 4615 1825
1203 4561 1308 4614 natus
1334 4550 1460 4613 studiis
1480 4549 1700 4631 ludenburgi
1723 4559 1759 4612 et
1785 4549 1927 4612 Graecii

1096 4693 1232 4735 summa
1249 4692 1328 4735 cum
1344 4674 1450 4734 laude
1471 4671 1653 4753 absolutis,
1674 4671 1927 4733 monasterium

1096 4795 1343 4857 Admontense
1359 4805 1487 4875 petens
1503 4816 1533 4871 4.
1550 4794 1624 4856 Iun.
1646 4798 1726 4871 1848
1742 4802 1827 4855 vota
1844 4793 1928 4855 emi-

1096 4918 1142 4980 sit
1151 4917 1336 4980 sollemnia
1346 4927 1382 4979 et
1392 4920 1420 4978 ὁ.
1431 4918 1524 4999 Aug.
1541 4920 1620 4994 1848
1634 4915 1734 4979 stetit
1746 4917 1793 4977 ad
1805 4916 1928 4996 altare,

1097 5060 1176 5102 cum
1200 5061 1221 5102 a
1245 5060 1317 5103 rev.
1343 5041 1435 5104 dom.
1459 5037 1729 5119 archiepiscopo
1751 5035 1927 5100 Salisbur·

1097 5162 1201 5243 gensi
1221 5161 1402 5224 Friderico
1419 5160 1454 5223 in
1470 5160 1693 5222 sacerdotem
1716 5167 1812 5221 esset
1836 5158 1928 5221 ordi·

1097 5294 1212 5346 natus.
1247 5284 1375 5345 Totam
1402 5282 1513 5345 vitam
1544 5280 1719 5343 iuventuti
1746 5280 1928 5343 studiosae

1054 5384 1058 5479 1
1097 5405 1278 5486 dedicans,
1294 5405 1444 5488 primum
1461 5404 1496 5466 in
1512 5403 1684 5467 coenobio
1699 5422 1830 5485 pueros
1846 5423 1930 5466 can-
