4178 6196
876 479 920 489 -
963 442 1202 505 LXXXVIII
1246 478 1289 488 —

215 669 466 733 Csanadiensis
500 679 555 732 est
589 671 875 732 adnumerandus
883 718 892 750 ,
927 667 1015 731 alios
1047 687 1188 750 quoque
1219 668 1253 730 in
1285 669 1392 731 variis
1423 670 1555 732 ordinis
1586 670 1697 733 nostri
1726 669 1949 733 monasteriis

215 809 352 891 imperii
376 808 797 891 Austriaco·Hungarici,
821 807 1030 891 praesertim
1053 809 1099 870 ad
1123 827 1149 870 s
1174 808 1318 871 Petrum
1343 807 1542 891 Salisburgi
1566 818 1602 871 et
1625 807 1815 872 Cremifani
1837 807 1949 871 fuisse

216 957 251 1010 et
275 947 471 1030 scripsisse,
495 948 613 1010 multis
636 947 775 1030 libellis,
800 947 860 1029 qui
882 949 928 1010 ad
951 957 1108 1011 nostram
1124 959 1328 1011 manserunt
1344 948 1557 1030 memoriam,
1582 947 1777 1012 certissime
1801 950 1948 1011 demon·

215 1097 357 1151 stratur.
402 1085 485 1168 Sed,
510 1087 569 1168 qui
593 1086 809 1168 scripserint,
833 1086 1009 1149 nescimus
1025 1089 1057 1167 ¹).

343 1226 410 1288 His
441 1225 673 1307 scriptoribus
704 1225 922 1308 adiungendi
953 1236 1035 1289 sunt
1064 1225 1106 1307 ii,
1138 1225 1199 1308 qui
1228 1226 1452 1289 contionibus
1481 1236 1517 1288 et
1544 1225 1759 1289 carminibus
1785 1244 1947 1289 sermone

214 1366 330 1447 patrio
365 1364 572 1446 compositis
606 1364 789 1428 scientiam
825 1365 1033 1447 disciplinae
1067 1364 1291 1447 theologicae
1326 1365 1583 1429 exercitabant.
1633 1365 1768 1427 Horum
1807 1384 1948 1447 quoque

214 1505 365 1585 nomina,
390 1523 468 1566 cum
492 1503 591 1566 libris
613 1503 773 1584 plurimis
796 1523 865 1566 non
889 1503 959 1566 sint
974 1503 1181 1585 praemissa,
1205 1502 1395 1565 maximam
1418 1513 1556 1584 partem
1580 1504 1683 1566 nobis
1706 1505 1831 1585 ignota
1855 1514 1947 1566 sunt.

216 1642 294 1724 Quo
325 1642 360 1704 in
391 1661 536 1705 numero
572 1653 653 1704 sunt
686 1643 817 1705 multae
849 1641 931 1703 illae
962 1640 1145 1704 contiones
1153 1691 1162 1722 ,
1194 1606 1285 1722 quae
1315 1642 1361 1703 ad
1392 1661 1419 1704 s
1449 1641 1676 1704 Lambertum
1709 1642 1744 1704 in
1772 1641 1881 1706 Stiria
1913 1652 1949 1706 et

215 1783 399 1845 Millstadii
422 1784 456 1845 in
481 1781 660 1845 Carinthia
683 1792 952 1864 permanserunt
967 1782 1003 1861 2).’
1041 1780 1177 1862 Quibus
1201 1781 1236 1843 in
1259 1779 1482 1844 monasteriis
1505 1792 1543 1842 ut
1566 1779 1602 1842 in
1624 1780 1704 1862 inis,
1729 1800 1821 1862 quae
1843 1779 1948 1843 flore-

214 1925 301 1984 bant
325 1922 359 1983 in
384 1922 529 1985 Austria
553 1931 589 1983 et
612 1919 839 2002 Salisburg0,
867 1919 1020 1982 studium
1048 1919 1244 1982 litterarum
1272 1919 1419 2002 vigebat
1442 1919 1693 1982 adiuvantibus
1724 1919 1948 2002 principibus

217 2059 409 2123 Gebhardo
437 2058 703 2141 Salisburgensi
729 2067 765 2121 et
789 2058 981 2120 Altmanno
1005 2021 1234 2119 Passairiensi
1262 2067 1369 2139 atque
1393 2077 1513 2120 eorum
1541 2058 1807 2121 successoribus
1834 2069 1881 2139 et,
1909 2068 1948 2121 ut

215 2211 336 2262 nostra
351 2198 421 2260 fert
437 2197 566 2279 opini0,
578 2198 673 2259 haud
686 2216 802 2278 pauca
818 2196 953 2277 scripta
966 2206 1047 2259 sunt
1063 2208 1229 2278 poemata
1245 2216 1406 2260 sermone
1420 2195 1675 2278 Germanicos).
1703 2197 1947 2261 Hartmannus

215 2341 328 2401 abbas
344 2336 586 2400 Gottvicensis
602 2346 637 2399 et
654 2336 912 2418 LambertinuS,
936 2337 996 2418 qui
1020 2346 1125 2399 antea
1148 2337 1244 2418 prior
1259 2336 1376 2399 fuerat
1392 2336 1427 2399 in
1443 2336 1658 2400 monasterio
1674 2338 1720 2399 ad
1737 2355 1764 2400 s
1786 2335 1945 2398 Blasium

215 2477 249 2540 in
274 2476 385 2560 Nigra
409 2474 507 2540 Silva
521 2476 555 2556 ⁴),
579 2486 745 2557 poemata
769 2475 828 2558 pia
853 2475 982 2560 „libros
1002 2475 1147 2538 Moisis“
1172 2474 1366 2556 perfecisse
1390 2475 1517 2538 dicitur
1542 2495 1703 2538 sermone
1720 2473 1946 2537 Germanico,

216 2615 320 2697 Quod
344 2634 558 2696 quamquam
585 2624 682 2676 certo
706 2614 930 2695 comprobari
954 2633 1022 2677 non
1045 2624 1181 2695 potest,
1213 2614 1358 2676 dubium
1389 2633 1457 2676 non
1490 2623 1560 2694 est,
1592 2614 1676 2695 quin
1700 2612 1782 2675 Ava
1806 2612 1946 2676 Inclusa

220 2776 297 2834 ¹1²7
319 2755 354 2816 in
377 2753 590 2816 monasterio
608 2750 833 2815 Gottvicensi
849 2763 997 2832 mortua,
1015 2751 1114 2814 cuius
1130 2750 1221 2814 filius
1237 2752 1479 2814 Hartmannus
1503 2754 1616 2814 abbas
1640 2771 1719 2813 esse
1740 2753 1946 2833 putabatur,

216 2904 371 2959 attamen
395 2893 470 2956 sine
494 2893 596 2975 gravi
619 2903 842 2976 argumento,
866 2890 979 2973 prima
1002 2890 1108 2953 fuerit
1132 2889 1365 2954 Germanicae
1389 2891 1507 2974 gentis
1530 2891 1679 2972 poetria.
1726 2889 1833 2954 Cuius
1863 2908 1947 2972 poe-

214 3042 326 3095 mata:
361 3031 460 3115 ,Von
494 3034 563 3094 den
591 3029 717 3093 Gaben
750 3034 813 3093 des
843 3030 999 3112 heiligen
1030 3029 1204 3112 Geistes“,
1238 3031 1349 3114 „Vom
1373 3030 1604 3111 Antichrist“,
1638 3029 1749 3112 ,Vom
1778 3030 1946 3111 jiingsten

214 3171 392 3250 Gericht“,
416 3190 495 3233 cum
519 3171 673 3232 carmine
699 3171 840 3253 ,Leben
864 3170 969 3248 Jesu“
994 3168 1063 3231 iam
1087 3170 1229 3231 saeculo
1253 3168 1462 3231 duodecimo
1490 3178 1575 3231 noto
1604 3168 1790 3231 coniuncta
1814 3177 1895 3229 sunt
1910 3168 1944 3246 5).

215 3310 255 3372 In
279 3309 427 3373 Austria
452 3308 659 3389 (Mellicensi
683 3308 909 3389 monasterio)
934 3309 1018 3371 illud
1044 3309 1196 3389 simplex
1219 3309 1475 3389 pulchrumque
1500 3327 1641 3371 carmen
1671 3327 1833 3370 sermone
1858 3306 1945 3370 Ger-

214 3449 352 3511 manico
376 3447 545 3529 scriptum
569 3456 633 3528 est,
658 3446 757 3509 cuius
780 3467 907 3510 nomen
926 3447 1083 3531 ,Melker
1098 3447 1327 3510 Matienlied“
1352 3466 1455 3509 nemo
1478 3447 1619 3529 ignorat
1633 3446 1667 3527 6).
1713 3445 1829 3508 Etiam
1853 3465 1945 3526 quae

215 3587 391 3650 Henricus
406 3586 526 3667 laicus,
545 3586 603 3667 qui
621 3588 828 3649 1153-1163
847 3586 882 3648 in
898 3586 1112 3649 monasterio
1124 3586 1320 3649 Mellicensi
1337 3585 1412 3666 fuit,
1428 3585 1528 3668 „Von
1541 3586 1605 3647 des
1617 3587 1720 3648 todes
1734 3585 1944 3666 gehfigede“

215 3735 250 3788 et
275 3723 560 3808 „Pfaffenleben“
586 3723 794 3806 composuit,
819 3744 865 3786 ex
888 3731 990 3805 parte
1021 3725 1182 3786 adhunc
1206 3725 1322 3786 locum
1349 3723 1535 3786 referenda
1559 3726 1688 3804 suntr).
1736 3723 1943 3785 Memoriam

214 3864 351 3946 piorum
374 3872 560 3944 poetarum
576 3863 717 3925 saeculo
734 3861 944 3924 duodecimo
959 3860 1157 3924 florentium
1175 3860 1305 3924 ultimis
1326 3861 1460 3923 saeculi
1484 3862 1600 3942 quarti
1616 3862 1743 3925 decimi
1761 3861 1942 3924 decenniis

344 4194 363 4276 ¹)
387 4195 586 4271 Ziegelbauer
608 4196 685 4251 alios
708 4212 829 4270 quoque
853 4197 1018 4270 scriptores
1042 4196 1233 4270 theologicos
1256 4209 1480 4252 commemorat.
1520 4195 1560 4250 At
1582 4215 1641 4251 nou
1665 4208 1750 4251 erant
1774 4196 1941 4270 scriptores

216 4310 269 4369 sed
294 4310 415 4366 librarii.

343 4420 364 4501 2)
389 4423 500 4497 Haupt,
524 4424 553 4477 in
577 4419 748 4477 Zeitschrift
771 4385 817 4478 fur
840 4421 1000 4477 deutsches
1022 4421 1200 4485 Alterthum,
1225 4434 1244 4477 t.
1270 4437 1320 4486 21,
1345 4434 1376 4477 et
1398 4423 1487 4478 Mone
1511 4424 1539 4477 in
1564 4421 1722 4494 Anzeiger.

342 4550 365 4631 ³)
389 4552 477 4608 Talia
500 4564 584 4608 sunt:
609 4551 748 4620 Genesis,
773 4551 907 4614 Exodus.
932 4551 1141 4626 physiologus.
1173 4551 1266 4608 Vide:
1295 4550 1440 4618 Scherer,
1469 4553 1525 4608 Die
1549 4551 1726 4626 gelstlichen
1751 4551 1864 4608 Poeten
1889 4551 1943 4607 der

215 4667 382 4724 deutschen
407 4667 581 4733 Kaiserzeit,
606 4678 636 4721 et
658 4663 808 4722 eiusdem:
833 4665 1016 4722 Geschichte
1040 4664 1093 4720 der
1115 4664 1279 4721 deutschen
1303 4664 1465 4739 Dichtung.

342 4795 364 4876 ⁴)
387 4797 523 4853 Mortuus
547 4809 593 4854 est
626 4811 720 4868 1114,
750 4794 787 4852 ci,
813 4796 950 4871 Pangerl,
982 4794 1165 4852 Geschichte
1196 4795 1250 4851 der
1278 4795 1377 4853 Aebte
1408 4814 1467 4852 vou
1498 4792 1542 4851 St.
1573 4793 1772 4862 Lambrecht;
1807 4795 1943 4859 Diemer,

220 4911 376 4967 Deutsche
400 4909 548 4967 Gedichte
572 4908 625 4966 des
648 4910 700 4965 XI.
725 4907 784 4964 und
799 4909 865 4964 XII.
881 4907 1108 4984 Jahrhunderts,
1133 4921 1254 4983 praeter
1277 4906 1371 4964 libros
1387 4908 1491 4964 Moisis
1515 4907 1572 4962 alia
1595 4925 1716 4981 quoque
1740 4909 1767 4962 ei
1790 4905 1942 4963 adtribuit.

342 5036 364 5117 5)
388 5037 528 5107 Scherer‚
552 5038 736 5096 Geschichte
759 5039 813 5095 der
836 5038 999 5095 deutschen
1024 5039 1190 5113 Dichtung;
1216 5039 1338 5094 Diemer
1362 5038 1380 5094 1.
1405 5058 1430 5095 c.

343 5165 365 5249 ⁶)
388 5169 505 5226 Melker
519 5168 693 5227 Marienlied
710 5167 757 5225 ed.
773 5169 799 5244 J.
813 5166 926 5225 Strobl.
951 5168 997 5224 Ad
1014 5169 1091 5225 hunc
1108 5168 1205 5226 locum
1222 5167 1380 5226 referenda
1405 5184 1451 5225 est
1474 5170 1562 5225 etiam
1579 5169 1736 5243 sequentia
1752 5169 1781 5224 in
1797 5167 1942 5223 honorem

213 5283 245 5338 B.
270 5283 309 5339 Μ.
328 5282 362 5338 V.
388 5294 515 5339 monast.
539 5281 577 5338 ad
600 5301 624 5338 s.
642 5279 836 5339 Lambertum
861 5295 890 5338 et
913 5281 988 5348 alia;
1013 5279 1144 5338 Scherer
1167 5282 1184 5338 1.
1210 5301 1235 5338 c.

341 5409 363 5489 7)
387 5411 522 5478 Heinzel,
546 5412 688 5468 Heinrich
711 5429 772 5468 von
795 5410 885 5468 Melk.
944 5470 953 5487 ,
