4178 6196
929 482 970 492 -
1015 444 1138 507 XLIV
1184 481 1224 490 -

207 674 374 756 opinione
398 675 537 753 ductus,
560 671 661 734 brevi
684 680 854 752 tempore,
878 669 1049 751 plurimas
1071 670 1173 752 leges
1197 669 1286 750 tulit,
1304 669 1433 751 quibus
1448 672 1741 735 monasteriorum
1756 671 1826 754 ipsi
1841 672 1943 735 nervi

206 813 516 897 praecidebantur.
561 810 601 873 ln
624 809 679 872 his
706 809 942 872 nominandae
969 816 1068 871 sunt:
1101 818 1140 870 ut
1170 809 1390 890 singulorum
1418 810 1710 874 monasteriorum
1734 809 1941 874 academiae

206 950 429 1033 theologicae
453 950 673 1031 claudantur,
696 968 741 1011 ne
765 947 889 1011 novitii
913 947 1147 1030 excipiantur,
1172 967 1216 1010 ne
1239 949 1357 1010 bullae
1374 948 1432 1010 vel
1448 949 1719 1013 constitutiones
1743 949 1838 1013 sedis
1854 970 1941 1032 apo-

207 1091 354 1154 stolicae
385 1089 453 1152 nisi
482 1088 696 1172 auctoritate
726 1087 826 1170 regia
858 1087 1142 1169 promulgentur,
1173 1096 1213 1149 ut
1245 1086 1575 1150 confoederationes
1606 1086 1865 1169 dissolvantur,
1898 1109 1943 1152 ne

206 1228 385 1312 peregrini
409 1227 647 1309 excipiantur,
672 1233 710 1288 ut
733 1226 934 1308 superiores
957 1225 992 1286 in
1016 1226 1217 1288 exercenda
1240 1225 1429 1307 disciplina
1452 1238 1700 1308 coerceantur,
1725 1238 1765 1290 ut
1789 1229 1941 1291 abbates

207 1366 496 1432 commendatarii
519 1365 789 1445 constituantur,
813 1372 851 1427 ut
874 1364 1097 1427 monasteriis
1120 1363 1312 1446 parochiae
1336 1365 1532 1445 demantur,
1556 1374 1595 1426 ut
1610 1365 1702 1428 ratio
1717 1364 1939 1429 fortunarum

132 1486 134 1490 ¹
208 1505 530 1570 ecclesiasticarum
553 1505 725 1566 reddatur
747 1503 843 1584 apud
866 1510 1084 1584 potestatem
1108 1501 1259 1583 civilem,
1282 1521 1327 1564 ne
1344 1521 1454 1582 opera
1469 1502 1673 1585 theologica
1688 1504 1747 1566 vel
1766 1504 1944 1568 breviaria

208 1657 244 1709 et
267 1644 424 1708 missalia
447 1643 515 1706 nisi
531 1641 566 1704 in
582 1639 711 1703 finibus
734 1639 874 1722 imperii
896 1640 1070 1722 impressa
1087 1639 1323 1703 adhibeantur
1340 1649 1422 1704 cett.
1441 1639 1472 1721 ¹).
1516 1640 1644 1704 Rebus
1668 1643 1718 1706 ita
1741 1644 1944 1707 constitutis

208 1784 422 1849 monasteria
446 1781 580 1844 aboleri
604 1790 734 1862 coepta
757 1789 849 1843 sunt.

337 1924 378 1986 In
403 1921 550 1985 Austria
573 1919 738 1983 inferiore
761 1921 850 1982 haec
874 1918 995 2000 iniqua
1018 1938 1095 1981 sors
1118 1919 1265 1981 obvenit
1287 1918 1393 1982 Cellis
1409 1920 1590 2001 MarianiS,
1616 1939 1764 2002 quorum
1781 1921 1945 1983 monachi

213 2069 290 2144 1782
316 2061 583 2124 Mellicensibus
613 2058 770 2121 adiuncti
800 2067 891 2120 sunt.
937 2056 1014 2119 Has
1042 2061 1122 2137 1783
1153 2058 1405 2120 monasterium
1433 2060 1478 2121 de
1500 2058 1624 2122 Monte
1648 2057 1793 2123 Serrato
1808 2058 1944 2122 Vindo-

208 2206 366 2267 bonense
398 2209 559 2263 secutum
590 2207 660 2280 est,
690 2216 784 2260 anno
814 2197 1009 2260 centesimo
1042 2196 1339 2280 quinquagesimo
1370 2206 1463 2279 post,
1496 2216 1602 2278 quam
1631 2196 1825 2260 excitatum
1857 2208 1944 2262 erat.

209 2342 334 2422 Neque
370 2338 583 2419 reliquorum
617 2336 910 2400 monasteriorum
949 2335 1111 2399 condicio
1142 2337 1332 2398 admodum
1362 2336 1458 2398 laeta
1488 2346 1574 2399 erat.
1620 2336 1847 2400 Mellicenses
1878 2337 1946 2400 Ur-

209 2481 304 2541 bano
326 2478 353 2540 I.
382 2478 514 2539 abbate
539 2476 647 2558 (1785)
678 2485 817 2538 mortuo
847 2493 977 2536 novum
1009 2475 1177 2536 abbatem
1208 2474 1342 2556 eligere
1373 2474 1543 2556 prohibiti
1574 2486 1672 2558 sunt,
1705 2488 1741 2539 et
1771 2478 1945 2558 Iosephus

211 2617 366 2699 Fengler
389 2634 434 2677 ex
458 2613 610 2695 collegio
633 2612 865 2675 Piaristarum
888 2623 1069 2694 tamquam
1092 2614 1205 2674 abbas
1229 2614 1550 2677 commendatarius
1581 2616 1627 2677 ab
1659 2615 1872 2698 imperatore
1902 2615 1946 2678 iis

212 2754 441 2837 praepositus
465 2764 521 2815 est
535 2753 570 2834 2).
615 2752 656 2815 Ι11
672 2751 820 2815 Austria
845 2750 1028 2833 superiore
1052 2752 1178 2813 iisdem
1193 2750 1278 2814 fatis
1294 2753 1505 2834 obpressum
1521 2763 1577 2816 est
1597 2758 1678 2833 1784
1694 2754 1946 2818 monasterium

213 2892 462 2974 Gluniacense,
486 2900 676 2973 postquam
699 2909 765 2972 per
788 2897 979 2952 sexcentos
1003 2907 1114 2950 annos
1137 2909 1281 2952 munere
1305 2908 1369 2951 suo
1398 2889 1458 2971 pie
1480 2889 1640 2954 functum
1664 2902 1734 2974 est,
1765 2902 1801 2956 et
1831 2893 1946 2956 tribus

212 3033 314 3097 annis
338 3041 421 3115 post
445 3031 554 3112 (1787)
579 3031 854 3109 Lunaelacense,
878 3027 1125 3108 antiquissima
1151 3028 1255 3090 huius
1287 3037 1404 3091 terrae
1435 3030 1592 3093 abbatia.
1642 3049 1722 3109 1749
1755 3030 1947 3094 iubilaeum

213 3170 413 3234 milliarium
437 3171 690 3247 celebraverat,
715 3166 944 3249 septuaginta
969 3176 1136 3247 quattuor
1159 3168 1311 3229 abbates
1335 3177 1371 3230 et
1394 3168 1535 3248 plurimi
1559 3169 1722 3233 monachi
1738 3170 1862 3233 honori
1877 3169 1947 3233 Dei

215 3321 251 3373 et
274 3309 381 3372 saluti
403 3308 582 3371 hominum
606 3306 744 3388 integre
769 3307 995 3378 studuerant;
1020 3315 1103 3368 tunc
1128 3306 1225 3368 abire
1249 3305 1336 3368 iussi
1360 3309 1492 3386 sunt3).

343 3447 411 3508 His
428 3444 594 3508 Calendis
610 3445 717 3508 Maiis
737 3449 815 3525 1787
834 3443 1029 3508 Garstense
1052 3445 1214 3508 accessit.
1247 3446 1364 3508 Etiam
1379 3446 1416 3507 hi
1432 3448 1595 3510 monachi
1610 3447 1645 3510 in
1662 3449 1775 3511 valles
1791 3448 1947 3511 Annesis

215 3596 251 3649 et
275 3584 405 3650 Stiriae
429 3583 638 3667 religionem
661 3583 897 3647 Christianam
920 3594 957 3646 et
978 3583 1236 3647 humanitatem
1259 3585 1515 3648 transtulerant
1538 3595 1574 3648 et
1596 3606 1726 3668 panem
1749 3586 1854 3650 otiosi
1877 3606 1948 3650 non

215 3725 451 3789 comedebant
465 3721 500 3805 4).
539 3720 822 3786 Cremifanenses
854 3723 983 3786 deinde
1010 3725 1118 3785 rebus
1146 3725 1309 3786 omnibus
1336 3724 1502 3805 pretiosis
1528 3724 1660 3806 privati
1689 3737 1788 3799 sunt;
1816 3725 1948 3789 Ehren·

214 3868 337 3928 bertus
353 3864 427 3945 III,
451 3865 565 3925 abbas
588 3863 766 3946 egregius,
796 3866 875 3941 1789
893 3863 999 3924 animi
1024 3830 1190 3926 imbecilli
1207 3865 1409 3926 declaratus
1425 3863 1572 3945 eiusque
1588 3865 1668 3927 loco
1684 3864 1949 3927 Maximilianus

216 4003 361 4068 Stadler
382 4001 600 4065 Mellicensis
623 4001 839 4065 monasterio
862 4001 1091 4083 praepositus
1115 4011 1169 4064 est
1183 4003 1218 4082 ⁵).
1264 4003 1558 4066 Lambacensium
1588 4002 1740 4084 denique
1764 4002 1950 4066 dissolutio

219 4142 289 4204 iam
316 4145 396 4220 1784
422 4141 566 4202 decreta
590 4149 683 4211 erat:
708 4148 826 4202 tamen
850 4148 890 4202 ut
912 4141 1001 4202 haec
1024 4142 1083 4201 lex
1108 4143 1352 4224 abrogaretur,
1377 4140 1528 4223 contigit
1542 4139 1577 4221 ⁶).

348 4280 389 4341 In
421 4277 528 4341 Stiria
560 4277 812 4340 monasterium
843 4277 1108 4341 Lambertinum
1147 4284 1227 4358 1786
1263 4280 1435 4342 abolitum
1466 4287 1531 4343 est.
1576 4279 1656 4341 Hoc
1694 4279 1760 4341 sub
1791 4277 1951 4342 Chiliano

215 4416 400 4481 Wehrlein
424 4416 662 4511 (1725—1737)
692 4411 729 4478 et
752 4415 913 4498 Eugenio
938 4416 1066 4479 comite
1090 4418 1134 4479 de
1158 4416 1304 4500 Inzaghi
1328 4420 1567 4499 (1737—1760)
1592 4416 1784 4480 abbatibus
1806 4436 1951 4480 munere

350 4729 371 4812 ¹)
394 4731 635 4806 Verordnungen
659 4733 688 4786 in
711 4730 840 4807 publicis
864 4709 1079 4789 ecclesiasticis
1102 4733 1140 4788 ad
1163 4751 1271 4788 annum
1299 4734 1390 4806 1781,
1419 4731 1509 4806 1782.

347 4842 369 4924 ²)
394 4843 580 4918 Keiblinger‚
606 4843 790 4900 Geschichte
813 4862 873 4900 von
897 4845 987 4911 Meli,
1012 4846 1034 4901 1.

347 4952 371 5033 3)
395 4957 508 5023 Friess,
533 4955 659 5012 Studien
683 4956 700 5012 l.
724 4975 749 5012 c.
774 4957 835 5013 vol.
861 4957 897 5013 V.

347 5068 370 5147 ⁴)
394 5069 506 5134 Friess‚
532 5068 673 5126 Garsten.

347 5178 370 5260 ⁵)
394 5181 493 5254 Hagu,
518 5181 646 5238 Wirken
669 5180 723 5237 der
745 5179 1037 5237 Benedictinerabtei
1062 5182 1322 5250 Kremsmiinster;
1347 5184 1491 5247 Brunner‚
1509 5184 1675 5258 Mysterien
1691 5182 1745 5238 der
1761 5180 1954 5255 Auskldrung

218 5297 248 5350 in
271 5292 477 5351 Oesterreich.

347 5399 370 5483 6)
394 5403 582 5472 Schmieder,
607 5405 779 5461 Chronicon
803 5404 1022 5489 Lambacense.
