4178 6196
916 429 1174 492 —LIX—

173 681 254 724 cum
278 661 456 742 convictu,
480 661 535 724 cui
559 663 672 722 abbas
689 660 870 723 Marianus
892 660 1132 741 (1702-1707)
1157 657 1289 720 adiecit
1309 656 1510 719 convictum
1527 676 1717 738 puerorum
1732 656 1914 739 nobilium,

174 781 582 864 Stirensiumnobilium
606 799 809 880 frequentia
833 798 1101 862 celeberrimum
1119 798 1151 878 ¹).

305 939 390 1002 Istis
413 938 450 1001 in
473 939 671 1020 gymnasiis
695 938 795 1000 initio
820 938 963 1019 quidem
987 939 1113 1000 eadem
1138 948 1224 1017 erat,
1249 954 1341 1017 quae
1364 934 1457 1014 olim,
1482 935 1634 998 docendi
1657 937 1762 1019 ratio,
1787 948 1915 1021 postea

175 1099 262 1142 vero
285 1078 474 1162 gymnasia
497 1079 542 1140 ad
566 1079 770 1159 exemplum
794 1078 1007 1157 scholarum,
1039 1077 1167 1158 quibus
1191 1074 1346 1138 Iesuitae
1369 1084 1575 1155 praeerant,
1606 1080 1916 1142 commutabantur
1961 1165 1963 1168 Α

176 1218 356 1299 etiamque
386 1202 472 1279 libri
507 1218 706 1298 complures
740 1237 762 1280 a
796 1217 938 1280 Iesuitis
974 1215 1166 1298 conscripti
1202 1215 1237 1278 in
1273 1215 1472 1277 scholarum
1507 1234 1608 1276 usum
1642 1216 1914 1285 adhibebantur.

175 1356 292 1421 Senas
315 1356 514 1438 gymnasia,
539 1356 726 1437 inquibus
749 1355 975 1438 gymnasium
992 1353 1267 1434 Cremifanense,
1292 1355 1473 1415 habehant
1497 1353 1642 1435 classes,
1660 1375 1808 1436 quarum
1823 1358 1913 1419 haec

175 1507 279 1558 erant
302 1496 463 1558 nomina:
498 1495 747 1577 „Rhetorica“,
778 1495 814 1557 in
847 1514 917 1575 qua
947 1503 1090 1575 praeter
1114 1491 1286 1572 Curtium,
1310 1491 1523 1575 Vergilium,
1555 1491 1729 1557 Senecam
1760 1496 1915 1558 maxime

175 1634 292 1699 Soarii
309 1633 485 1718 Synopsis
502 1645 609 1715 atque
628 1633 810 1696 Rhetores
827 1633 1025 1696 Porcenses
1049 1603 1278 1714 legebantur;
1305 1630 1482 1713 „Poesis“,
1507 1631 1542 1694 in
1559 1652 1629 1712 qua
1645 1642 1789 1714 praeter
1802 1632 1912 1716 Verg.

175 1789 213 1838 et
236 1774 396 1837 Curtium
413 1772 533 1837 Ovidii
557 1773 714 1836 carmina
737 1773 951 1855 legebantur
967 1783 1003 1833 et
1020 1772 1237 1834 Acroamata
1253 1771 1503 1843 tradebantur;
1527 1771 1562 1833 in
1580 1770 1774 1855 „Syntaxi“
1793 1773 1914 1835 Aemi-

175 1914 245 1975 lius
262 1914 411 1994 ProbuS,
430 1913 495 1975 Pia
512 1913 699 1992 desideria,
721 1911 865 1974 fabulae
879 1910 1026 1992 Aesopi,
1043 1909 1225 1992 syntaxis;
1246 1909 1281 1971 in
1301 1907 1600 1992 „Grammatica“:
1623 1910 1745 1994 ,Quae
1757 1912 1913 1976 maribus

174 2052 322 2133 solum“,
338 2052 491 2115 Nomina
507 2052 715 2133 composita,
733 2050 966 2134 Symplicium
991 2051 1106 2133 leges;
1130 2050 1165 2111 in
1185 2049 1454 2132 ,Rudimentis“
1479 2051 1678 2113 rudimenta
1695 2062 1731 2114 et
1746 2053 1911 2135 syntaxis

174 2192 279 2273 primi
302 2191 455 2273 generis,
480 2191 516 2253 in
541 2189 763 2273 „Principia“
793 2211 829 2268 14
847 2190 995 2271 regulae
1019 2198 1215 2272 syntaxeos
1239 2199 1275 2251 et
1299 2188 1501 2251 rudimenta
1525 2191 1778 2253 tractabantur.
1809 2192 1910 2255 Reli·

173 2329 292 2411 gionis
316 2330 504 2411 disciplina
527 2331 720 2392 secundum
745 2329 1010 2392 Bellarminium
1035 2340 1071 2392 et
1095 2328 1285 2409 Canisium,
1315 2348 1334 2390 e
1363 2326 1502 2391 Graeca
1530 2327 1652 2410 lingua
1680 2332 1913 2410 grammatica

175 2480 313 2530 tantum
330 2470 555 2541 tradebatur;
579 2468 803 2551 geographia
820 2479 856 2530 et
872 2467 1020 2530 historia
1035 2467 1135 2529 initio
1153 2467 1295 2547 quidem
1311 2468 1356 2529 ad
1374 2467 1624 2548 explicandum
1641 2467 1913 2554 adhibebantur,

79 2614 81 2618 ’
175 2608 259 2669 inde
282 2629 304 2669 a
327 2609 444 2670 medio
468 2609 612 2670 saeculo
635 2607 784 2687 XVIII,
809 2617 848 2668 ut
872 2605 1105 2686 arithmetica,
1134 2606 1300 2687 propriae
1331 2606 1541 2687 disciplinae
1565 2626 1644 2670 esse
1669 2621 1862 2689 coeperant
1877 2612 1913 2692 ²).

307 2745 438 2810 Schola
461 2746 666 2809 monasterii
690 2767 717 2810 s,
734 2745 831 2808 Petri
848 2743 1059 2827 Salisburgi,
1084 2765 1176 2826 quae
1192 2744 1333 2826 integra
1349 2755 1527 2808 manserat
1550 2766 1571 2807 a
1596 2747 1757 2810 doctrina
1781 2749 1912 2813 Luthe-

174 2908 262 2949 rana
287 2900 323 2950 et
346 2888 489 2949 saeculo
513 2886 614 2949 XVI.
639 2907 806 2969 magnum
830 2905 959 2948 nomen
987 2895 1179 2948 consecuta
1208 2895 1293 2965 erat,
1326 2903 1390 2965 per
1418 2886 1725 2967 archiepiscopum
1749 2889 1911 2954 Marcum

175 3025 350 3106 Sitticum,
376 3026 539 3088 comitem
564 3026 609 3087 de
633 3025 840 3087 Hohenems
865 3025 1104 3106 (miz—1619)
1130 3023 1165 3091 in
1189 3022 1458 3085 universitatem
1488 3042 1660 3088 conversa
1689 3039 1753 3090 est.
1799 3028 1834 3089 ls
1858 3029 1911 3092 vir

175 3164 391 3227 clarissimus
415 3175 522 3245 atque
546 3167 591 3226 de
614 3167 721 3227 rebus
745 3163 1079 3247 Salisburgensibus
1103 3163 1237 3245 optime
1257 3163 1413 3244 meritus,
1438 3182 1517 3226 cum
1533 3163 1665 3228 frustra
1681 3166 1817 3248 egisset
1833 3188 1910 3231 cum

174 3303 408 3384 complurium
439 3304 598 3366 ordinum
630 3304 876 3386 religiosorum
908 3303 1147 3385 praepositis,
1168 3323 1212 3365 ne
1243 3302 1423 3366 omitteret
1455 3303 1638 3367 consilium
1670 3306 1911 3371 universitatis

174 3444 398 3523 condendae,
429 3462 507 3504 cum
532 3442 688 3505 Ioachim
712 3445 843 3505 abbate
868 3462 895 3505 s.
920 3443 1018 3505 Petri
1043 3443 1282 3524 (imi—roam
1316 3445 1360 3505 de
1392 3440 1623 3507 universitate
1653 3423 1767 3510 ordini
1796 3447 1911 3511 Bene-

174 3582 386 3645 dictinorum
411 3583 586 3645 tradenda
615 3581 812 3664 transigere
837 3593 1016 3662 coeperat.
1063 3581 1147 3662 Hic,
1180 3591 1219 3645 ut
1250 3593 1327 3645 erat
1357 3582 1550 3646 acerrimus
1581 3587 1751 3648 bonarum
1784 3588 1910 3651 artium

174 3722 301 3803 fautor,
326 3741 390 3802 per
413 3721 593 3783 Bavariae
618 3732 653 3784 et
670 3719 824 3784 Sueviae
848 3720 1064 3783 monasteria
1088 3721 1306 3801 circumibat,
1331 3733 1369 3785 ut
1393 3723 1510 3787 socios
1534 3724 1569 3786 in
1592 3735 1730 3806 partem
1754 3740 1909 3793 vocaret.

174 3862 247 3926 Sed
272 3863 361 3924 adeo
385 3880 450 3942 spe
473 3860 664 3924 frustratus
689 3872 753 3940 est,
777 3871 825 3941 ut,
850 3880 928 3923 cum
952 3861 1104 3941 plurima
1128 3862 1275 3925 obiisset
1300 3863 1525 3945 monasteria,
1548 3863 1584 3926 in
1610 3884 1679 3927 uno
1695 3870 1910 3933 monasterio

173 4001 399 4064 Ottoburano
422 4001 644 4080 propositum
668 4001 933 4080 adsequeretur.
977 3999 1033 4062 Ita
1057 4001 1195 4062 duobus
1218 4001 1273 4063 his
1295 4003 1520 4095 monasteriis
1544 4003 1739 4067 coniunctis
1762 4027 1910 4089 gymna-

172 4142 262 4204 sium
288 4160 312 4203 s
338 4140 436 4202 Petri
461 4139 518 4201 die
542 4145 571 4202 ὁ.
595 4139 685 4201 Nov.
714 4144 791 4216 1017
818 4139 1036 4202 sollemniter
1059 4149 1221 4221 apertum
1246 4151 1310 4221 est,
1335 4151 1443 4223 atque
1468 4141 1720 4224 discipulorum
1744 4166 1910 4210 numerus

172 4280 287 4363 magis
319 4279 506 4361 magisque
539 4280 733 4341 crescebat.
780 4277 867 4341 Cum
899 4279 957 4341 die
993 4284 1040 4343 18.
1065 4278 1144 4342 Oct.
1179 4285 1258 4342 1618
1290 4282 1506 4344 monasteria
1537 4301 1563 4345 s.
1588 4282 1715 4365 Blasii,
1748 4268 1909 4368 s.'Petri,

172 4420 454 4499 Ottoburanum,
485 4418 619 4480 Altaha
649 4417 811 4499 inferior,
843 4438 870 4482 s.
895 4418 987 4499 Viti,
1006 4418 1368 4507 'Michaelburanum,
1397 4421 1586 4502 Andechs,
1615 4421 1908 4507 Wessofontium,

174 4561 384 4639 Ursinense,
420 4578 446 4619 s.
478 4556 587 4619 Ulrici
622 4567 658 4620 et
692 4557 822 4638 Afrae,
857 4559 1048 4640 Augustae
1075 4558 1359 4640 Vindelicorum,
1395 4560 1678 4642 Thierhaupten,
1714 4559 1907 4645 Scheyern,

171 4723 197 4762 s.
228 4699 366 4779 Crucis,
395 4698 611 4778 Werdense,
647 4697 883 4781 Deggingen,
919 4698 1142 4778 Neresheim,
1178 4696 1288 4780 Seon,
1320 4699 1413 4777 Ror,
1446 4700 1658 4783 Elchingen,
1690 4702 1906 4783 Tegernsee,

172 4837 563 4929 Benedictoburanum,
594 4836 903 4917 Weihenstephan
934 4836 1263 4918 (Haerostephani),
1294 4837 1447 4919 Metten,
1476 4837 1718 4921 Mallersdorf,
1747 4841 1909 4904 Welten·

169 4982 276 5060 burg,
312 4974 623 5056 Brunvenigense,
656 4996 683 5038 s.
707 4975 908 5038 Emmerani
939 4975 1181 5057 Ratisbonae,
1218 4997 1244 5040 s.
1276 4976 1396 5039 iacobi
1432 4978 1477 5039 ad
1508 4975 1636 5040 Scotos
1670 4977 1906 5063 Ratisbonae,

169 5161 480 5178 μ’...-

302 5282 323 5361 ¹)
346 5284 446 5339 Fuchs
470 5283 487 5339 Ι.
513 5302 538 5340 c.
570 5301 574 5307 ’

302 5396 323 5474 ²)
348 5399 436 5471 Hagn
461 5398 479 5453 l.
504 5416 529 5453 c.
