4178 6196
946 468 1204 540 -74„

293 664 329 719 X.
347 661 591 720 Urkundenbuch
604 661 658 717 des
670 659 777 717 Stiites
790 659 954 735 Gottweig,
972 672 1036 715 ent·

205 768 327 825 haltend
339 768 387 824 die
400 766 562 825 Urkunden
574 785 634 822 von
652 779 862 838 1300-1400
875 767 927 821 mit
939 764 1036 820 Nach-

206 880 313 948 tragen
340 892 394 929 aus
421 872 558 928 iriiherer
582 871 657 927 Zeit.
685 866 714 947 (1.
738 889 765 926 6.
787 868 1036 946 Diplomatarium

206 997 285 1034 mon.
303 974 531 1055 Gottvicensis.)
548 977 626 1031 Man.
645 991 656 1031 1
673 988 744 1031 torn.
761 975 790 1030 in
802 974 916 1030 archiv.
929 966 1035 1029 Gottv.

206 1082 325 1139 adserv.

292 1193 432 1266 Dunkl
449 1203 721 1285 Opportunus
743 1202 1036 1283 (1006616660-

206 1322 287 1400 sis).
304 1323 340 1385 A
356 1322 552 1385 Buchheim
567 1323 603 1384 in
616 1322 763 1385 Austria
779 1320 962 1403 superiore
979 1319 1036 1382 die

210 1465 235 1507 1.
254 1442 332 1508 Oct.
355 1448 433 1522 1728
451 1454 565 1523 natus,
587 1462 679 1507 anno
704 1447 784 1521 1748
805 1443 841 1505 in
863 1452 1038 1505 monaste·

206 1566 258 1629 rio
282 1566 538 1629 Lunaelacensi
566 1566 622 1628 die
651 1569 679 1628 5.
705 1564 783 1629 061.
812 1563 929 1626 emisit
953 1573 1038 1627 uota

207 1689 401 1770 sollemnia,
422 1698 530 1771 atque
547 1689 604 1750 die
626 1710 649 1751 1.
667 1689 740 1751 Ian.
762 1692 837 1766 1753
856 1686 1038 1749 ordinatus

207 1821 262 1874 est
278 1812 455 1874 sacerdos.
480 1811 540 1872 Ab
552 1831 645 1873 anno
666 1815 744 1889 1757
763 1830 875 1892 usque
891 1811 937 1872 ad
958 1814 1037 1888 1759

208 1931 408 2015 Salisburgi
436 1933 556 1995 docuit
587 1933 848 2014 philosophiam
874 1933 1037 1996 theoreti-

208 2074 286 2118 cam
307 2063 343 2117 et
364 2074 510 2117 munere
532 2054 744 2136 professoris
768 2055 853 2117 iuris
877 2054 1038 2117 canonici

208 2185 336 2258 postea
351 2196 417 2258 per
431 2186 503 2239 tres
519 2195 631 2239 annos
648 2176 682 2238 in
699 2177 886 2239 seminario
902 2177 1039 2258 episco-

209 2299 281 2381 pali
290 2298 496 2389 Pataviensi
509 2307 565 2361 est
573 2298 725 2362 functus
739 2301 778 2362 In
789 2299 1039 2362 monasterium

208 2421 474 2483 Lunaelacense
490 2417 615 2503 redux,
632 2421 690 2483 die
707 2443 735 2499 9.
746 2421 834 2483 Nou.
849 2425 928 2499 1773
945 2421 1038 2484 votis

209 2542 425 2605 confratrum
449 2561 590 2605 suorum
614 2544 748 2606 electus
774 2552 828 2605 est
852 2545 975 2623 abbas,
1004 2543 1039 2606 111

211 2683 358 2745 quorum
375 2683 520 2726 numero
536 2664 679 2726 ultimus
696 2674 782 2727 erat.
804 2665 872 2727 Die
886 2670 936 2727 20.
950 2665 1038 2747 Apr.

214 2792 294 2866 1784
312 2786 370 2867 pie
387 2786 422 2849 in
438 2786 591 2849 Domino
607 2786 832 2850 obdormivit.
850 2785 1016 2877 Scripsit:

297 2914 319 2969 1.
337 2912 497 2988 Specimen
515 2912 687 2968 moderatae
704 2915 791 2968 crisis
808 2915 836 2968 in
854 2931 1039 2969 communem

209 3017 380 3074 scholarum
405 3019 587 3093 opinionem,
613 3036 690 3092 quae
715 3017 925 3092 philosophiae
947 3019 1041 3092 origi-

210 3141 277 3179 nem
298 3121 337 3178 ab
353 3123 471 3178 Adamo
495 3137 525 3178 61
546 3124 761 3196 antiquissimis
786 3122 885 3177 mundi
911 3121 1041 3178 saeculis

210 3227 341 3284 deducit.
359 3227 540 3302 salisburgi,
562 3226 652 3301 1758.
670 3233 712 3299 4⁰.

299 3334 336 3389 11.
361 3333 529 3388 Tentamen
553 3331 735 3387 concordiae
759 3331 883 3387 duarum
909 3333 985 3387 inter
1008 3350 1042 3388 se

211 3438 448 3494 dissentientium
466 3438 494 3491 in
511 3436 623 3492 scholis
640 3438 824 3511 opinionum,
842 3455 967 3510 quarum
984 3455 1043 3492 una

211 3542 339 3619 plurium
364 3560 474 3607 rerum,
499 3544 663 3616 praecipue
684 3554 783 3596 autem
807 3544 893 3597 unius
910 3545 1042 3618 supremi

211 3648 338 3702 numinis
355 3665 423 3702 esse
439 3648 569 3701 innatam
586 3646 681 3702 ideam
699 3648 817 3712 asserit,
834 3647 929 3702 altera
942 3659 1042 3722 negat.

211 3750 287 3808 ibid.
310 3752 400 3824 1758.
417 3757 460 3823 4⁰.

300 3857 352 3913 111.
380 3857 409 3912 T
411 3870 549 3912 entamen
577 3855 702 3912 alterum
732 3855 914 3912 concordiae
942 3855 1043 3912 itidem

211 3961 406 4018 vehementer
422 3961 628 4018 dissidentium
642 3963 825 4036 opinionum,
843 3980 968 4036 quarum
985 3979 1044 4016 una

211 4066 423 4122 authoritatem
454 4069 482 4121 in
511 4065 716 4141 philosophia,
745 4065 840 4121 altera
868 4065 1042 4121 eclecticam

213 4168 380 4226 libertatem
408 4171 594 4227 retinendam
618 4189 687 4226 esse
711 4183 895 4246 propugnat.
928 4168 1043 4225 Ibidem

219 4273 308 4351 1758·
326 4282 368 4348 4⁰·

301 4381 351 4437 IV.
368 4379 509 4456 Systema
529 4383 620 4436 mutui
644 4382 815 4437 commercii
837 4381 914 4436 inter
930 4397 1044 4454 corpus

214 4501 245 4542 et
260 4488 386 4542 animam
403 4484 538 4541 breviter
552 4487 733 4560 expositum.
751 4483 826 4541 lbid.
849 4498 940 4558 1759.
957 4490 1000 4555 4⁰.

301 4591 337 4647 V.
364 4591 427 4647 Der
450 4591 544 4647 Vater
570 4589 631 4646 voli
659 4589 713 4646 der
740 4588 851 4656 Liebe‚
880 4587 961 4645 Gfite
985 4587 1045 4644 und

215 4697 318 4754 Ehren
340 4698 370 4753 in
393 4699 477 4752 einer
500 4695 693 4752 Treuerrede
720 4694 773 4751 aui
796 4694 854 4751 den
878 4693 948 4750 Tod
972 4695 1045 4751 Ber-

216 4802 315 4865 nards,
331 4801 432 4859 Abten
448 4803 477 4856 in
494 4801 648 4858 Mondsee.
672 4796 702 4876 (1.
719 4818 745 4855 6.
770 4798 892 4856 Laudes
913 4798 1045 4855 defuncti

214 4905 336 4964 abbatis
351 4905 496 4963 Bernardi
513 4901 772 4983 Lunaelacensis.)
790 4903 865 4962 lbid.
883 4907 912 4960 in
929 4903 979 4961 sol.

304 5051 564 5149 Dzaghikian
592 5063 769 5146 Mesrop.
807 5062 1046 5146 (Mechitha-

216 5180 344 5263 rista),
377 5181 685 5264 Constantinopoli
713 5183 770 5246 die
794 5187 823 5246 5.
849 5183 936 5245 ])66.
964 5184 1045 5243 1828

216 5313 337 5382 natus,
371 5303 532 5366 Viennae
567 5305 604 5367 in
634 5305 738 5368 Aust.
770 5303 895 5367 habitu
930 5322 957 5364 s.
989 5302 1046 5366 die

217 5429 247 5487 8.
264 5423 352 5487 Dec.
373 5428 453 5503 1844
471 5424 624 5508 indutus,
642 5427 699 5489 die
716 5449 745 5504 4.
764 5425 842 5490 Oct.
865 5428 945 5503 1846
962 5434 1047 5487 vota

1117 655 1242 738 emisit,
1267 663 1303 717 et
1320 655 1376 718 die
1398 676 1422 716 1.
1439 654 1526 717 Maii
1546 657 1625 716 1853
1645 663 1873 717 consecratus
1890 663 1947 717 est

1117 780 1315 860 presbyter.
1347 777 1417 840 Per
1436 777 1572 859 aliquot
1591 796 1704 841 annos
1728 776 1795 840 fuit
1812 776 1947 840 missio-

1116 900 1235 963 narius
1248 899 1467 982 apostolicus
1480 897 1664 982 Smyrnae.
1682 899 1742 962 Ab
1755 919 1848 963 anno
1867 904 1942 962 1861

1116 1022 1152 1084 in
1168 1023 1293 1085 eadem
1309 1022 1454 1084 civitate
1467 1022 1608 1104 peregit
1620 1021 1775 1085 officium
1788 1023 1946 1104 superio-

1116 1145 1164 1207 ris
1174 1147 1299 1207 domus
1308 1145 1493 1225 missionis,
1507 1154 1582 1207 tum
1595 1145 1779 1208 directoris
1792 1145 1828 1207 in
1841 1146 1946 1207 colle-

1117 1266 1177 1350 gio
1199 1266 1368 1330 Mechith.
1403 1267 1490 1330 Inde
1517 1268 1745 1330 transmissus
1773 1279 1946 1331 estanno

1121 1394 1198 1469 1871
1220 1389 1573 1471 Constantinopolim,
1597 1391 1657 1452 ubi
1674 1392 1720 1452 ad
1740 1391 1949 1453 hodiernam

1118 1514 1211 1576 diem
1228 1513 1439 1575 missionarii
1453 1514 1641 1595 apostolici
1653 1535 1779 1579 munus
1793 1516 1947 1599 peragit.

1206 1634 1325 1717 Opera
1342 1636 1417 1698 eius
1434 1635 1469 1698 in
1484 1636 1570 1718 ling.
1587 1637 1825 1700 Neo-armena
1848 1639 1946 1721 typis

1118 1758 1301 1820 mandata:

1206 1884 1384 1964 Iathbmpnu
1403 1883 1503 1957 11118ρἱ
1524 1889 1632 1964 imm,
1658 1890 1674 1944 i.
1697 1907 1724 1944 e.
1745 1889 1825 1944 Petri
1847 1890 1948 1963 Magni

1119 1990 1355 2046 Moscovitarum
1379 1991 1570 2066 imperatoris
1587 1994 1667 2048 vitae
1688 1992 1950 2050 reformationum-

1119 2114 1178 2170 que
1194 2095 1327 2151 historia.
1345 2095 1487 2163 Viennae,
1505 2098 1585 2171 typis
1600 2097 1742 2154 Mechith.
1765 2096 1854 2170 1856.

1207 2201 1242 2256 11.
1274 2199 1622 2279 Ιὶῇιωμςωιρμηιβρὦ
1651 2204 1669 2257 i.
1697 2222 1723 2259 e.
1752 2203 1950 2279 Geographia

1119 2301 1242 2383 (1116115)
1260 2305 1392 2381 politica.
1410 2305 1553 2372 Viennae,
1571 2309 1651 2382 typis
1667 2308 1809 2364 Mechith.
1831 2308 1921 2382 1857.

1205 2451 1342 2526 Ecker
1373 2467 1567 2532 Urbanus
1606 2471 1950 2552 (Admontensis).

1119 2585 1289 2648 Honestis
1320 2585 1356 2649 in
1389 2584 1583 2650 Graecensi
1619 2590 1706 2651 urbe
1741 2590 1950 2671 parentibus

1119 2707 1288 2770 oriundus
1320 2728 1348 2772 2.
1376 2709 1463 2772 Dec.
1492 2728 1586 2791 1791,
1615 2721 1778 2774 votorum
1806 2732 1951 2795 compos

1120 2831 1236 2894 factus
1253 2839 1309 2893 est
1322 2832 1521 2894 Admontes
1539 2852 1564 2895 1.
1578 2832 1672 2916 Aug.
1691 2838 1768 2897 1813
1784 2845 1819 2897 61
1832 2836 1952 2915 primi·

1120 2953 1189 3017 tias
1213 2946 1407 3016 celebravit
1432 2975 1482 3032 24.
1504 2952 1582 3018 Oct.
1612 2960 1702 3018 1813.
1726 2957 1767 3020 In
1788 2957 1952 3021 instituto

1122 3097 1202 3139 cum
1217 3077 1463 3158 philosophico
1483 3086 1558 3140 tum
1572 3079 1775 3163 theologico
1794 3081 1953 3143 Admon-

1120 3199 1214 3263 tensi
1226 3199 1464 3280 professorem
1472 3220 1607 3263 summa
1621 3222 1699 3263 cum
1710 3202 1815 3265 laude
1829 3223 1952 3285 agens,

1127 3343 1232 3386 curae
1253 3323 1448 3385 animarum
1467 3323 1504 3384 in
1519 3322 1603 3384 Hali
1624 3343 1769 3404 operam
1786 3325 1894 3405 dedit,
1918 3334 1954 3387 et

1122 3446 1361 3509 bibliothecae
1387 3465 1559 3507 unacum
1582 3445 1727 3508 archivo
1751 3447 1955 3527 praefectus

1123 3568 1323 3633 indefessus
1339 3568 1526 3648 laboravit,
1540 3589 1754 3651 quamquam
1770 3570 1955 3633 arthritide

1122 3691 1433 3756 vehementissime
1450 3691 1676 3756 cruciaretur.
1696 3692 1888 3755 Doloribus
1904 3694 1955 3755 in-

1122 3816 1229 3880 finitis
1243 3818 1387 3878 tandem
1402 3824 1634 3896 consumptus
1650 3815 1739 3879 obiit
1755 3815 1808 3878 vir
1825 3815 1955 3877 doctis·

1123 3940 1232 4002 simus
1249 3948 1285 4001 et
1302 3937 1595 4020 diligentissimus
1614 3959 1663 4000 20.
1680 3939 1744 4001 Iul.
1766 3943 1855 4015 1841.

1211 4069 1232 4124 I.
1243 4066 1363 4123 Bericht
1377 4064 1451 4121 iiber
1463 4064 1521 4120 den
1530 4065 1688 4141 Ursprung
1701 4065 1756 4122 der
1765 4064 1956 4122 Waliiahrts·

1123 4173 1226 4228 kirche
1244 4170 1415 4247 Wildalpen
1432 4172 1461 4225 in
1479 4168 1666 4227 Obersteier.
1684 4168 1714 4248 (1.
1728 4189 1754 4226 6.
1772 4171 1819 4226 De
1836 4171 1955 4244 origine

1124 4277 1378 4354 peregrinationis
1398 4293 1504 4332 sacrae
1525 4275 1561 4330 ad
1583 4275 1741 4331 ecclesiam
1759 4272 1956 4352 Wildalpen.)

1129 4381 1219 4454 1833.
1238 4379 1280 4436 8⁰.

1211 4486 1249 4541 11.
1271 4484 1515 4541 Geschichtliche
1532 4484 1630 4539 Daten
1654 4505 1690 4540 zu
1715 4487 1798 4540 einer
1819 4485 1956 4540 Darstel-

1126 4590 1197 4666 lung
1209 4589 1263 4646 des
1276 4587 1383 4645 8111165
1392 4587 1524 4644 Admont
1536 4588 1725 4645 hinsichtlich
1738 4589 1838 4645 5611165
1850 4591 1956 4663 geisti-

1124 4714 1198 4770 gen,
1222 4693 1531 4751 wissenschaftlichen
1554 4692 1613 4749 und
1637 4692 1850 4767 biirgerlichen
1874 4693 1957 4750 Wir-

1125 4800 1201 4856 kens
1216 4818 1276 4855 von
1293 4798 1346 4856 der
1362 4800 1428 4855 Zeit
1442 4800 1542 4854 seiner
1558 4796 1727 4872 Griindung
1749 4796 1795 4854 bis
1816 4795 1892 4853 iiber
1907 4797 1956 4853 die

1126 4906 1211 4961 Mitte
1228 4903 1281 4960 des
1302 4902 1348 4960 18.
1365 4902 1610 4979 Jahrhundertes.
1636 4899 1709 4979 (1.6.
1730 4903 1842 4958 Notata
1863 4919 1956 4976 quae·

1126 5008 1193 5064 dam
1211 5009 1355 5065 historica
1370 5007 1550 5064 111011.Αά111.
1570 5003 1804 5085 concernentia.)
1821 5007 1911 5062 Mser.
1929 5007 1959 5060 in

1125 5113 1239 5171 archiv.
1256 5112 1396 5169 Admont.

1214 5219 1265 5274 111.
1287 5216 1388 5274 Ueber
1403 5216 1458 5274 das
1474 5218 1614 5294 Wappen
1631 5217 1685 5273 des
1701 5214 1807 5272 Stiites
1823 5214 1957 5271 Admont

1126 5324 1186 5380 und
1199 5320 1416 5380 seinerAebte.
1430 5320 1531 5379 Ueber
1544 5321 1601 5377 den
1611 5321 1772 5378 Rathstitel
1785 5318 1956 5376 derAebte.

1127 5425 1156 5508 (i.
1181 5447 1208 5485 e.
1234 5428 1281 5484 De
1305 5429 1413 5502 insigni
1439 5443 1517 5482 mon.
1542 5437 1573 5481 et
1596 5424 1738 5482 abbatum
1756 5443 1812 5482 nec
1838 5442 1897 5480 non
1921 5423 1959 5481 de
