4208 6194
909 440 1192 511 ,309-

179 633 247 694 bus
268 629 341 692 suis
364 629 469 711 plene
493 627 635 691 omnino
658 627 893 709 responderit.
917 627 1007 690 Tum

178 753 341 815 Viennae
357 750 393 814 in
408 749 551 813 familiis
567 749 762 813 illustribus
782 749 1008 832 perlongum

179 885 320 958 tempus
336 875 590 957 paedagogum
606 872 691 955 egit,
707 870 875 954 privatim
891 870 1009 934 studio

179 996 397 1080 philologiae
418 995 480 1058 tali
501 1014 581 1058 curn
601 1013 769 1057 successu
794 993 946 1074 deditus,
970 1002 1009 1056 ut

179 1128 318 1202 septem
344 1118 485 1200 linguas
509 1116 725 1180 adamussim
748 1117 947 1198 loquendas
974 1124 1010 1177 et

179 1242 388 1306 scribendas
398 1237 1010 1322 edisceret,Latinamnempe,Grae·

180 1385 268 1446 cam,
282 1363 512 1427 Bohemicam
523 1360 737 1444 (Slavicam),
751 1360 1008 1441 Germanicam,

181 1485 365 1566 Gallicam,
381 1485 572 1568 Anglicam
593 1493 630 1548 et
645 1483 816 1547 Italicam.
841 1481 898 1547 Ob
919 1486 1010 1545 mor·

178 1611 263 1672 burn
284 1608 441 1690 corporis
463 1626 577 1688 aeque
598 1626 640 1670 ac
662 1605 807 1688 spiritus
827 1604 1010 1687 inopinate

180 1731 249 1795 sibi
273 1739 492 1793 contractum
516 1729 563 1790 ad
587 1736 737 1810 penates
757 1726 1010 1791 Plerovienses

179 1872 345 1917 reversus
360 1851 603 1915 valetudinem
619 1870 683 1933 per
699 1858 841 1931 tempus
857 1849 1009 1919 curavit:

179 1975 276 2038 vitae
292 1994 377 2037 vero
393 1972 568 2057 regularis
584 1972 761 2036 desiderio
778 1973 915 2053 ductus,
928 1992 1011 2054 sup-

182 2098 268 2180 plex
283 2096 401 2160 factus
416 2115 482 2178 pro
498 2095 727 2177 susceptione
743 2092 934 2177 Raigradii
950 2113 1011 2155 an-

181 2239 227 2283 no
248 2223 338 2300 1831,
354 2216 583 2281 benedictino
599 2216 723 2280 habitu
740 2221 769 2280 8.
786 2213 886 2298 Sept.
907 2214 1011 2277 huius

181 2345 227 2405 ab
244 2342 376 2404 abbate
389 2338 594 2422 Augustino
606 2340 805 2401 decoratur.
828 2335 1012 2399 Novitiatu

182 2465 248 2527 sub
267 2460 474 2545 magisterio
490 2460 530 2523 P.
547 2460 664 2527 Mauri
684 2459 821 2542 prioris,
844 2460 930 2522 sede
951 2461 1012 2522 ab·

181 2584 306 2649 batiali
321 2591 483 2665 vacante,
505 2582 680 2664 absolut0,
697 2581 853 2644 Brunam
873 2582 919 2644 ad
940 2591 1013 2644 stu·

183 2707 242 2770 dia
265 2705 468 2788 theologica
490 2705 742 2786 prosequenda
765 2703 928 2786 mittitur,
953 2704 1013 2766 ubi

185 2850 264 2893 cum
278 2829 317 2891 P.
331 2829 463 2890 Iacobo
479 2827 515 2889 in
531 2826 724 2889 residentia
740 2835 861 2889 nostra
876 2827 1014 2889 habita-

184 2953 245 3016 vit.
268 2951 384 3033 Quum
396 2948 614 3013 resolutione
626 2947 752 3028 aulica,
767 2968 837 3030 qua
850 2947 1015 3011 examina

186 3074 261 3137 eius
285 3093 305 3136 e
329 3092 355 3134 3.
380 3070 561 3153 theologia
588 3070 670 3133 anni
697 3069 801 3151 primi
829 3070 864 3132 in
892 3069 1014 3133 ordine

184 3197 384 3260 scholarum
411 3193 550 3277 piarum
577 3193 751 3275 praestita
774 3193 931 3256 invalida
954 3194 1015 3255 de-

185 3320 412 3398 clararentur,
429 3317 475 3378 ab
492 3334 560 3377 ovo
576 3314 731 3377 studium
745 3334 846 3377 suum
858 3313 1015 3396 incipere

185 3440 319 3520 debuit,
344 3438 439 3521 quod
464 3457 542 3500 cum
566 3436 750 3518 praeclaro
767 3435 920 3499 confecit
935 3456 1016 3518 pro·

186 3563 284 3626 fectu
314 3581 380 3644 per
406 3561 596 3622 decursum
622 3577 793 3621 annorum
823 3562 1015 3622 1833-36.

186 3685 223 3750 S.
240 3682 498 3768 professionem
515 3680 631 3744 emisit
648 3684 677 3744 8.
694 3678 794 3762 Sept.
816 3685 894 3744 1833
913 3690 949 3744 et
965 3686 1016 3744 3ο.

186 3808 248 3870 1111.
275 3810 355 3869 1836
378 3826 404 3868 3.
425 3805 698 3886 presbyteratus
725 3802 847 3866 ordine
872 3802 1018 3885 insigni-

187 3941 245 3994 tus
268 3939 323 3992 est
339 3930 385 3990 ab
401 3927 525 3989 illustr.
543 3928 635 3989 dom.
652 3925 824 4007 episcopo
842 3925 1019 3989 Brunensi

186 4054 312 4149 {rano
330 4049 488 4113 Antonio
505 4048 650 4120 Gindel;
672 4058 746 4111 tum
767 4047 942 4130 primitias
963 4068 1019 4111 ce-

187 4173 341 4239 lebravit
358 4173 393 4235 in
410 4171 561 4235 ecclesia
577 4180 699 4234 nostra
714 4170 954 4234 monasteriali
971 4190 1017 4248 14.

190 4298 285 4380 Aug.
310 4296 344 4358 in
373 4293 576 4377 praesentia
601 4292 724 4355 matris
749 4303 784 4355 et
808 4292 1020 4375 consangui-

188 4439 345 4484 neorum.
370 4416 427 4481 Ob
449 4436 583 4480 morum
599 4414 824 4498 gravitatem,
847 4413 1020 4498 religiosi-

189 4552 300 4606 tatem
318 4552 353 4604 et
369 4540 569 4623 linguarum
585 4537 764 4602 variarum
780 4537 940 4600 notitiam
956 4536 1020 4599 illi·

189 4686 232 4728 co
249 4664 420 4746 magister
442 4661 566 4724 novitii
589 4662 711 4724 Bedae
726 4660 849 4723 Dudlk
869 4658 1021 4723 institui·

190 4798 257 4852 tur.
289 4787 395 4849 Anno
426 4789 505 4848 1838
528 4784 568 4847 P.
593 4783 781 4865 Baptistae
804 4782 1022 4847 bibliotheca

192 4909 428 4974 custodienda
446 4907 633 4970 commissa
649 4906 726 4986 fuit,
747 4925 854 4988 quam
874 4908 953 4983 1843
972 4907 1022 4966 28.

192 5030 293 5113 Sept.
311 5031 350 5093 P.
368 5029 528 5092 Antonio
544 5029 693 5092 Riicker
709 5048 730 5090 a
745 5025 836 5109 prof.
849 5025 1025 5089 Brunensi

192 5154 359 5217 absoluto
377 5151 530 5234 reliquit.
555 5149 778 5214 Secretarius
794 5149 937 5212 abbatis
952 5148 1025 5212 fac-

194 5286 310 5340 tusae
327 5276 472 5357 insuper
489 5274 523 5336 in
541 5293 625 5337 eura
639 5272 833 5335 animarum
849 5272 1025 5352 laborans,

193 5397 416 5480 affabilitate,
438 5396 613 5460 modestia
631 5406 667 5459 et
683 5394 843 5458 doctrina
859 5393 1028 5457 omnimo·

1086 625 1179 708 dam,
1203 636 1279 690 turn
1302 627 1514 691 novitiorum
1536 637 1572 692 et
1593 605 1818 709 confratrum,
1842 637 1917 691 tum

1086 744 1253 831 fidelium,
1270 768 1418 831 quorum
1432 749 1715 814 confessionibus
1730 751 1917 814 audiendis

1087 889 1171 932 vere
1187 880 1336 951 paterno
1353 873 1458 934 modo
1474 871 1665 954 insudavit,
1681 873 1749 935 sibi
1765 874 1917 955 acquisi-

1087 989 1139 1053 vit
1155 991 1437 1056 aestimationem
1458 1002 1495 1056 et
1515 1013 1680 1057 amorem.
1713 996 1783 1058 Ast
1807 998 1915 1061 eheu!

1087 1133 1181 1176 anno
1202 1118 1281 1178 1858
1304 1115 1339 1178 in
1359 1135 1460 1180 crure
1482 1118 1631 1181 dextero
1652 1119 1755 1201 gravi
1770 1121 1917 1183 vulnere

1088 1233 1179 1298 ictus
1187 1234 1318 1300 frustra
1327 1238 1502 1301 medelam
1512 1239 1546 1301 in
1556 1240 1759 1304 nosocomio
1768 1240 1916 1305 fratrum

1088 1357 1691 1446 misericordiaeBrunaequaesivit,
1699 1374 1918 1447 quapropter

1093 1482 1173 1558 1859
1200 1479 1301 1544 initio
1324 1482 1533 1546 Bohemiam
1560 1486 1606 1547 ad
1633 1485 1808 1549 medicum
1830 1487 1919 1550 Pich

1088 1600 1223 1665 Holicii
1234 1603 1454 1667 habitantem
1464 1604 1646 1687 profectus
1659 1618 1714 1670 est
1723 1609 1918 1671 undehaud

1089 1723 1294 1787 melioratus
1313 1727 1428 1789 redux
1451 1728 1496 1790 ad
1521 1729 1730 1793 coenobium
1754 1731 1800 1793 ad
1825 1751 1918 1793 sum-

1090 1865 1184 1908 mum
1211 1848 1365 1911 omnium
1393 1849 1552 1912 dolorem
1579 1852 1772 1933 apoplexia
1799 1863 1917 1917 tactus

1091 1972 1141 2031 25.
1158 1968 1248 2033 Nov.
1270 1969 1305 2032 in
1326 1970 1457 2034 lectulo
1477 1991 1542 2035 suo
1563 1983 1726 2055 repertus
1750 1985 1805 2038 est
1828 1996 1918 2039 mor·

1090 2099 1172 2154 tuus
1188 2101 1224 2155 et
1238 2097 1278 2155 28
1295 2094 1343 2155 ab
1359 2095 1491 2156 abbate
1505 2092 1689 2159 Gunthero
1702 2098 1920 2162 sollemniter

1090 2213 1295 2295 sepulturae
1311 2214 1472 2278 traditus.

1178 2334 1299 2416 Opera
1329 2337 1589 2421 manuscripta,
1621 2359 1712 2421 quae
1742 2339 1782 2402 Ρ.
1811 2340 1920 2404 Miick

1090 2457 1365 2541 Raigradiensis
1380 2459 1522 2541 reliquit
1538 2469 1793 2542 postumatum
1815 2463 1851 2525 in
1867 2483 1920 2525 ar-

1092 2581 1206 2661 chivo,
1230 2591 1305 2644 tum
1328 2581 1364 2643 in
1384 2581 1602 2645 bibliotheca
1627 2585 1862 2648 adservantur
1884 2596 1921 2648 et

1093 2716 1175 2767 sunt
1191 2705 1391 2786 sequentia:

1282 2861 1317 2944 a)
1335 2861 1376 2924 In
1392 2861 1536 2924 archivo
1554 2863 1733 2944 deposita:

1180 3005 1203 3060 I.
1221 3003 1375 3061 Exercitia
1390 3006 1419 3060 111
1435 3004 1537 3080 lingua
1553 2995 1680 3072 Gallica,
1692 3006 1802 3063 Latina
1818 3020 1848 3064 et
1860 3007 1922 3064 An·

1093 3109 1173 3186 glica
1190 3109 1317 3166 diversis
1334 3111 1419 3166 annis
1436 3111 1610 3185 conscripta
1626 3112 1654 3166 in
1671 3127 1690 3183 4
1707 3109 1780 3168 fasc.
1798 3119 1841 3185 4⁰,
1858 3115 1923 3168 sine

1094 3232 1164 3291 pag.
1182 3213 1238 3270 sub
1256 3214 1289 3271 C.
1307 3233 1331 3270 s.
1353 3229 1400 3287 15.
1421 3229 1512 3287 1—4.
1687 3205 1689 3208 ’

1181 3320 1218 3376 ΙΙ.
1236 3319 1446 3375 Additamenta
1466 3318 1505 3375 ad
1525 3320 1751 3394 grammaticam
1768 3321 1922 3378 ltalianam

1095 3423 1205 3480 editam
1226 3442 1281 3500 per
1297 3425 1336 3480 M.
1353 3423 1531 3499 Meidinger.
1557 3425 1644 3482 Fasc.
1662 3426 1691 3480 in
1707 3431 1750 3498 4⁰,
1772 3427 1837 3484 sine
1853 3444 1923 3503 pag.

1095 3527 1152 3585 sub
1168 3530 1203 3587 C.
1220 3548 1244 3586 3.
1265 3543 1313 3602 15.
1329 3529 1385 3585 No.
1403 3543 1432 3601 5.

1183 3635 1236 3691 lll.
1253 3633 1466 3690 Meditationes
1483 3632 1626 3707 eiusdem.
1648 3635 1736 3691 Fasc.
1754 3636 1783 3691 in
1799 3641 1844 3708 4⁰,
1861 3637 1926 3691 sine

1097 3758 1166 3817 pag.
1184 3737 1240 3795 sub
1257 3738 1294 3795 D.
1311 3757 1341 3813 g.
1359 3753 1409 3811 24.

1243 3889 1276 3973 b)
1293 3891 1335 3953 In
1350 3889 1566 3953 bibliotheca
1582 3891 1831 3954 adservantur:

1185 4035 1235 4092 lV.
1253 4034 1495 4091 Exercitationes
1511 4036 1660 4110 poeticae.
1677 4035 1734 4092 Μ3.
1750 4053 1820 4112 pap.
1839 4036 1866 4090 in
1883 4040 1926 4107 4⁰.

1098 4139 1164 4197 Fol.
1186 4152 1243 4213 147
1260 4137 1317 4195 sub
1333 4139 1411 4195 Msn.
1428 4137 1501 4196 606.
1518 4137 1604 4213 Sign.
1621 4140 1695 4217 ΗΚ.
1713 4140 1735 4195 Ι.
1752 4137 1782 4209 b.
1800 4153 1829 4212 5.

1184 4285 1421 4359 Miilleitner
1439 4297 1729 4361 Ferdinandus
1752 4294 1928 4377 (Gottvi-

1099 4413 1266 4495 censis),
1290 4423 1395 4477 natus
1419 4414 1477 4477 die
1504 4435 1550 4480 10.
1572 4413 1650 4479 Oct.
1677 4420 1757 4494 1759
1781 4415 1816 4477 in
1836 4414 1928 4495 Palt,

1098 4535 1222 4598 villula
1243 4537 1288 4598 ad
1309 4537 1447 4599 radices
1469 4536 1597 4599 montis
1614 4535 1871 4619 Gottvicensis,
1893 4545 1930 4600 et

1099 4658 1227 4721 studiis
1243 4657 1467 4721 inferioribus
1480 4657 1649 4741 Gottvici,
1664 4658 1930 4722 humanioribus

1101 4789 1137 4842 et
1152 4779 1407 4862 philosophicis
1419 4779 1581 4843 Viennae
1597 4780 1780 4862 absolutis,
1796 4800 1823 4844 s.
1837 4780 1931 4843 ordi-

1101 4902 1156 4964 nis
1171 4901 1295 4965 habitu
1312 4902 1369 4964 die
1387 4924 1437 4965 22.
1455 4901 1534 4967 Oct.
1556 4906 1638 4982 1780
1652 4903 1796 4965 indutus
1818 4912 1874 4966 est
1895 4911 1931 4980 et

1102 5025 1307 5088 sollemnem
1329 5024 1586 5107 professionem
1607 5025 1664 5088 die
1686 5046 1732 5088 12.
1750 5023 1829 5089 Oct.
1851 5028 1929 5104 1783

1105 5146 1230 5210 emisit.
1264 5146 1471 5230 Disciplinis
1501 5146 1713 5230 theologicis
1740 5146 1835 5209 domi
1862 5147 1931 5228 pri-

1104 5290 1198 5332 mum
1214 5269 1373 5332 initiatus
1389 5277 1425 5331 et
1440 5267 1476 5331 in
1492 5268 1650 5352 generali
1666 5266 1854 5331 seminario
1871 5269 1932 5330 ab·

1106 5391 1230 5455 solutis
1260 5390 1318 5453 die
1350 5411 1375 5455 1.
1402 5389 1489 5453 Maii
1521 5394 1600 5469 1788
1626 5390 1777 5473 primum
1803 5388 1932 5452 missae
