4208 6194
967 509 1008 518 -—
1054 471 1136 534 LVI
1181 508 1223 516 —

358 695 523 760 Omnium
553 717 639 760 vero
670 697 865 761 clarissima
896 717 975 761 cum
1006 698 1150 761 saeculo
1174 696 1258 760 XV.
1282 705 1356 760 tum
1389 697 1554 778 proxima
1585 706 1704 762 aetate
1734 699 1802 763 fuit
1834 698 1964 782 ,Scola

227 856 255 900 s.
280 835 378 898 Petri
403 834 721 918 Salisburgensis“,
745 836 781 898 in
805 856 876 917 qua
899 855 969 898 non
993 835 1105 898 solum
1132 835 1363 918 ,Principia“,
1394 837 1459 898 sed
1483 836 1590 898 etiam
1616 847 1774 921 „septem
1797 838 1964 902 liberales

227 975 344 1038 artes“
370 975 599 1038 docebantur.
631 974 808 1056 Imprimis
831 975 963 1037 abbate
979 975 1088 1037 Petro
1113 975 1352 1054 (1436-1466)
1377 975 1522 1037 scholae
1545 975 1769 1058 theologicae
1793 987 1829 1040 et
1849 976 1964 1059 philo-

227 1113 396 1194 sophicae
425 1114 666 1194 habebantur,
700 1114 735 1177 in
766 1112 896 1195 quibus
926 1112 1105 1193 Platonis,
1136 1111 1337 1194 Apollonii,
1367 1112 1599 1195 Pythagorae
1635 1113 1769 1196 scripta
1802 1116 1961 1197 explica-

225 1253 366 1314 bantur.
413 1253 623 1315 Accedebat
648 1262 809 1314 extremo
832 1252 976 1314 saeculo
999 1250 1083 1314 XV.
1107 1250 1192 1313 iuris
1216 1251 1420 1334 disciplina,
1453 1251 1489 1314 in
1520 1272 1592 1334 qua
1614 1252 1672 1317 Fr.
1697 1251 1900 1335 Simplicius
1929 1266 1966 1320 et

226 1390 284 1453 Fr.
309 1389 489 1454 Chilianus
512 1391 714 1454 Dietricher
737 1391 948 1454 enituerunt.
995 1388 1127 1454 Schola
1150 1399 1318 1472 separata
1340 1400 1417 1452 erat
1440 1411 1463 1452 a
1485 1391 1701 1454 monasterio
1731 1391 1835 1473 eique
1862 1413 1965 1474 prae·

230 1541 307 1593 erat
330 1541 457 1612 rector,
482 1529 543 1612 qui
566 1530 601 1592 in
626 1529 765 1593 interna
788 1540 824 1592 et
847 1530 883 1592 in
906 1529 1150 1610 superioribus
1166 1529 1342 1592 classibus
1358 1540 1528 1592 externae
1553 1531 1696 1594 scholae
1720 1532 1874 1596 docebat
1898 1553 1965 1596 nec

226 1668 293 1730 nisi
318 1669 441 1732 abbati
464 1670 638 1732 rationem
661 1669 845 1731 reddebat.
878 1669 920 1731 Ei
943 1668 1102 1731 adiuncti
1126 1677 1227 1731 erant
1250 1678 1504 1750 praeceptores
1528 1670 1586 1732 vel
1611 1671 1805 1751 adstantes,
1828 1683 1963 1754 cantor,

227 1807 287 1888 qui
310 1817 422 1870 artem
447 1807 617 1870 musicam
641 1809 805 1890 docebat,
836 1808 984 1889 locatus,
1017 1807 1076 1889 qui
1099 1825 1289 1887 puerorum
1313 1807 1493 1870 convictui
1516 1817 1692 1889 praeerat.
1737 1809 1963 1891 Incipiebant

226 1946 370 2008 scholae
394 1956 555 2028 tempore
579 1947 717 2009 aestivo
741 1965 844 2009 mane
868 1946 1001 2028 quinta,
1025 1946 1174 2008 hiberno
1198 1955 1303 2008 sexta
1325 1947 1467 2027 hora1).

356 2084 473 2147 Etiam
497 2085 681 2148 Admontii
705 2094 741 2148 et
764 2105 791 2149 s.
815 2085 918 2147 Pauli
941 2085 1104 2148 monachi
1128 2086 1173 2147 de
1196 2087 1304 2147 rebus
1327 2085 1552 2149 scholasticis
1581 2088 1674 2149 bene
1703 2086 1820 2149 meriti
1851 2097 1963 2150 erant.

227 2223 262 2288 S.
287 2224 389 2286 Pauli
414 2223 599 2287 convictus
623 2234 699 2286 erat
723 2242 912 2304 puerorum
936 2224 1105 2287 nobilium
1120 2225 1155 2304 ²).

357 2363 408 2427 Ut
431 2363 466 2426 in
490 2363 630 2445 Alpicis
653 2363 798 2445 Imperii
822 2363 1003 2427 Austriaci
1027 2363 1242 2445 regionibus,
1267 2363 1318 2425 ita
1341 2373 1377 2425 et
1392 2363 1429 2424 in
1445 2363 1626 2446 Bohemia,
1643 2363 1816 2445 Moravia,
1833 2362 1964 2427 Silesia

226 2500 403 2565 florebant
425 2521 482 2566 res
506 2502 741 2565 scholasticae
764 2512 872 2584 atque
895 2501 1046 2584 insignis
1070 2510 1146 2564 erat
1162 2501 1475 2564 Benedictinorum
1497 2520 1617 2582 opera.
1648 2501 1757 2564 Cuius
1772 2502 1823 2564 rei
1841 2522 1962 2583 quam-

227 2661 332 2722 quam
364 2642 459 2704 nulla
488 2642 685 2705 litterarum
717 2641 919 2704 testimonia
949 2640 1016 2704 nisi
1048 2641 1198 2703 extremi
1231 2642 1371 2702 demum
1403 2640 1537 2703 saeculi
1567 2639 1670 2704 XIII.
1702 2639 1820 2703 afferri
1855 2659 1963 2722 posse

227 2781 402 2863 videntur,
427 2791 546 2845 tamen
570 2782 639 2843 alia
663 2784 773 2844 multa
796 2791 832 2843 et
854 2799 986 2863 magna
1010 2790 1092 2842 sunt
1108 2789 1328 2862 argumenta,
1346 2780 1475 2861 quibus
1490 2780 1634 2842 tollatur
1651 2779 1836 2842 dubitatio
1875 2778 1962 2844 Cum

227 2921 318 2983 enim
343 2940 465 2982 omnes
489 2923 534 2982 ab
555 2919 801 3002 antiquissimo
818 2928 979 2999 tempore
995 2918 1220 2981 Benedictini
1236 2937 1409 2980 summum
1427 2927 1601 2998 ponerent
1616 2918 1772 2980 studium
1788 2918 1823 2980 in
1840 2919 1962 3000 pueris

227 3042 424 3124 educandis'
445 3070 482 3121 et
505 3058 717 3139 erudiendis,
742 3067 815 3120 tum
839 3077 925 3120 vero
948 3079 975 3119 s.
997 3057 1228 3139 Adalbertus,
1253 3056 1313 3139 qui
1338 3057 1591 3120 Benedictinos
1614 3057 1649 3119 in
1674 3057 1881 3121 Bohemiam
1912 3060 1963 3121 in-

226 3200 395 3280 troduxit,
419 3198 455 3259 id
480 3197 564 3279 egit,
589 3206 628 3258 ut
652 3196 782 3258 scholis
805 3195 1008 3276 aperiendis
1032 3206 1068 3258 et
1091 3196 1275 3258 iuventute
1299 3217 1320 3257 a
1344 3196 1475 3258 teneris
1504 3196 1605 3258 annis
1633 3197 1837 3278 praeceptis
1861 3197 1960 3260 Chri-

226 3337 350 3399 stianis
363 3335 554 3398 imbuenda
566 3334 602 3397 in
615 3334 758 3396 natione
770 3334 1022 3416 semibarbara,
1036 3354 1128 3415 quae
1141 3333 1377 3396 Christianam
1393 3334 1602 3416 religionem
1618 3335 1785 3416 amplexa
1799 3354 1963 3417 paganos

225 3475 314 3537 ritus
337 3475 446 3536 nollet
470 3473 659 3555 dimittere,
678 3472 914 3536 Christianam
930 3473 1039 3536 vitam
1062 3473 1229 3535 fundaret
1246 3483 1353 3553 atque
1370 3471 1546 3534 stabiliret
1556 3474 1590 3552 ³).
1630 3473 1705 3535 Nec
1723 3473 1960 3557 Benedictini,

226 3611 292 3675 nisi
317 3611 385 3694 ipsi
409 3612 529 3693 pueris
553 3611 756 3675 erudiendis
780 3611 919 3693 sibique
943 3611 1220 3693 conformandis,
1250 3631 1295 3673 ex
1324 3611 1453 3693 quibus
1477 3611 1641 3674 idoneam
1665 3614 1825 3675 subolem
1849 3614 1961 3695 adop-

226 3759 354 3831 tarent,
378 3751 444 3812 sibi
469 3749 720 3831 providissent,
745 3770 952 3833 permanere
977 3760 1152 3831 poterant.
1193 3749 1351 3831 Cumque
1375 3749 1622 3830 antiquissimo
1647 3760 1807 3831 tempore
1830 3771 1962 3834 magna

226 3900 321 3952 esset
345 3890 422 3952 istis
445 3889 481 3952 in
505 3889 711 3972 regionibus
735 3890 854 3972 opinio
878 3890 922 3952 de
940 3888 1184 3952 Benedictinis
1207 3889 1358 3950 docendi
1383 3887 1618 3969 peritissimis,
1643 3889 1749 3951 etiam
1767 3889 1961 3972 discipulos

225 4048 296 4091 non
320 4028 476 4091 defuisse
500 4039 653 4111 apparet
668 4029 702 4109 4).

354 4167 479 4248 Neque
514 4166 601 4229 illud
635 4167 934 4248 praetereundum
965 4175 1036 4246 est,
1072 4165 1346 4248 praeposituris,
1381 4165 1442 4227 ubi
1477 4166 1628 4247 primum
1664 4168 1830 4231 conditae
1865 4180 1958 4251 sunt,

225 4307 364 4368 scholas
388 4304 529 4367 additas
553 4324 643 4386 esse,
667 4314 707 4367 ut
731 4305 775 4367 de
799 4305 1016 4386 Braunavia,
1041 4305 1291 4386 praepositura
1315 4305 1584 4389 Blevnoviensi,
1608 4306 1750 4370 litterae
1774 4320 1957 4384 constant;

223 4465 292 4508 non
322 4445 413 4507 enim
443 4444 518 4506 veri
547 4444 660 4506 simile
692 4454 764 4524 est,
796 4445 1062 4527 praeposituras
1094 4444 1261 4507 habuisse
1294 4445 1452 4524 scholas,
1485 4455 1609 4507 vetera
1640 4447 1856 4509 monasteria
1887 4468 1958 4511 non

223 4584 400 4648 habuisse.
446 4585 564 4647 Recte
586 4584 696 4666 igitur
719 4584 910 4646 Bohemiae
938 4603 1054 4645 rerum
1086 4583 1279 4664 scriptores
1306 4594 1522 4664 statuerunt,
1553 4584 1589 4646 in
1620 4584 1812 4648 maioribus
1842 4586 1958 4648 Bene·

223 4723 434 4785 dictinorum
462 4722 700 4803 monasteriis,
732 4732 771 4784 ut
804 4721 840 4784 in
870 4721 1085 4784 monasterio
1119 4722 1391 4803 Blevnoviensi,
1429 4721 1696 4806 Opatovicensi,
1732 4723 1956 4808 Ostrovensi,

223 4931 435 4938 ——-
440 4932 528 4939 -.—.-

353 5079 373 5158 ι)
397 5081 608 5138 Prennsteiner
632 5080 650 5137 l.
676 5100 702 5136 c.

355 5191 375 5269 ²)
399 5193 613 5250 Ankershoien
637 5195 675 5250 ΙΙ.
701 5208 729 5250 2.

349 5302 373 5383 ³)
396 5306 604 5373 Matauschek,
630 5305 813 5363 Geschichte
837 5306 891 5363 des
916 5305 1128 5381 Gymnasiums
1152 5326 1212 5363 von
1236 5309 1382 5364 Braunau.

351 5415 373 5494 ⁴)
398 5418 498 5474 Dudik
522 5418 539 5474 l.
565 5437 591 5474 c.
617 5419 639 5474 l.
