4178 6196
954 406 1236 493 -4g2..

312 616 378 672 VII.
398 614 696 688 Vergissmeinnicht.
719 613 804 669 Ihrer
820 612 1060 686 konigl.Hoheit
1098 625 1101 673 1
1140 606 1479 689 (peripneumoniam
1492 607 1625 687 dicunt)
1640 626 1721 669 eum
1733 607 1976 688 apprehendit

227 723 323 778 Maria
348 720 505 776 Dorothea
528 718 644 774 Amalie
668 737 714 774 am
736 717 825 791 Tage
849 717 932 773 ihrer
957 730 1058 773 ersten
1097 680 1101 823 1
1139 728 1324 810 tenuitque
1339 727 1465 790 diebus
1478 737 1617 809 septem
1630 748 1672 790 ac
1686 730 1829 790 demum
1846 729 1975 792 1.h0ra

226 827 295 882 heil.
313 826 511 882 Communion
529 826 557 879 in
574 822 618 879 St.
636 824 762 878 Martins
779 822 867 890 Dom,
890 820 944 877 der
965 820 1058 877 Glau-

226 928 402 1002 benswiege
430 928 484 984 des
512 927 735 1001 Ungarlandes‚
764 946 829 981 zum
859 927 976 980 Kranze
1005 944 1058 999 ge-

226 1035 358 1090 flochten
375 1051 434 1088 ron
448 1032 501 1088 der
514 1029 756 1104 treuergebenen
767 1027 908 1085 Erzabtei
919 1030 1058 1084 Martins·

225 1138 313 1211 berg.
344 1137 433 1194 1880.
458 1134 487 1215 (i.
511 1156 536 1192 e.
560 1136 593 1192 C.
612 1154 635 1192 r.
658 1134 809 1190 archiduci
827 1135 941 1189 Mariae
958 1133 1059 1188 Doro·
1097 1146 1100 1186 a

226 1244 315 1298 theae
331 1241 476 1308 Amaliae‚
502 1259 567 1296 cum
592 1241 717 1314 primum
741 1237 779 1293 ad
802 1257 826 1294 s.
850 1237 1059 1293 Eucharistiae

230 1359 449 1403 sacramentum
467 1339 650 1420 adcederet.)
666 1344 780 1416 Mayer‚
798 1341 897 1397 Wien.

228 1565 1060 1644 nettenkranzzurvierzehnhundertjahrigenGeburts·

228 1678 303 1734 seier
326 1695 451 1732 unseres
472 1677 500 1732 h.
518 1677 637 1732 Vaters.
662 1671 692 1751 (i.
717 1693 742 1730 e.
768 1672 799 1729 S.
824 1671 1005 1728 Benedictus
1030 1682 1061 1725 et

232 1782 307 1837 ordo
325 1784 397 1837 eius.
423 1781 551 1837 Carmen
571 1776 850 1849 „Sonettenkranz“
875 1775 985 1831 dictum
1007 1792 1059 1829 oc·

233 1888 355 1942 casione
371 1886 451 1942 XIV.
469 1904 493 1940 s.
510 1883 663 1939 Benedicti
680 1876 868 1956 centenarii.)

315 2008 366 2062 lx.
385 2006 431 2062 Ex
448 2005 574 2079 singulis
592 2002 781 2070 carminibus,
803 2020 881 2076 quac
901 2003 930 2056 in
952 1997 1060 2055 libellis

229 2110 408 2187 periodicis:
427 2110 517 2165 Kath.
535 2109 646 2175 Christ,
664 2106 911 2181 Vergangenheit
927 2104 985 2159 und
999 2103 1061 2159 Ge·

231 2228 377 2290 genuam,
394 2213 578 2269 Pest·Ofncr
595 2212 716 2279 31111101,
735 2212 940 2276 Monatrosen,
964 2206 1060 2263 Send·

228 2318 302 2376 bote
327 2316 511 2394 (Oeniponte
535 2330 565 2372 et
586 2312 745 2392 Viennae),
770 2315 978 2370 Marienrosen
1003 2307 1059 2388 (ed.

230 2421 368 2500 Jariscb),
382 2418 494 2477 Sieben
504 2419 686 2476 Schmerzen
694 2420 816 2486 Mariae,
831 2420 858 2473 in
872 2436 966 2493 opere
979 2416 1061 2472 card.

231 2525 449 2602 Diepenbrock
461 2526 751 2596 „Blumenstrauss“,
762 2523 893 2578 Kehrein
908 2522 1061 2593 ,Blumcm

229 2632 311 2687 lese“
332 2634 360 2687 in
377 2631 472 2686 lucem
491 2628 676 2705 prodierunt,
695 2640 861 2683 memoratu
876 2626 966 2700 digna
982 2638 1061 2689 sunt,

230 2755 319 2810 quum
337 2753 425 2810 quam
447 2733 573 2808 plurima
591 2751 694 2788 eorum
711 2720 894 2806 exemplaria
909 2728 1062 2784 divendita

230 2843 258 2896 in
284 2839 363 2895 cultu
387 2839 488 2894 divino
513 2855 635 2911 quoque
658 2835 870 2890 adhibeantur:
898 2835 1060 2903 ,Immacu-

230 2944 307 3000 lata“
320 2932 441 3020 („Hohe
450 2941 508 2997 und
518 2936 710 3017 herrliehe“)‚
724 2952 768 2995 et:
782 2938 985 2994 Passionslied
996 2936 1062 3016 („In

230 3048 346 3122 banger
370 3042 638 3123 Leidenstunde“),
663 3044 744 3118 quod
772 3045 861 3100 etiam
889 3064 954 3099 cum
982 3045 1061 3098 notis

232 3155 352 3208 musicis
369 3154 492 3227 saepius
510 3150 619 3206 editum
637 3163 692 3205 est.

317 3280 1062 3368 TonhauserLeonardus(Mellicen-

231 3409 312 3489 sis),
330 3409 542 3471 Austriacus
559 3406 783 3486 Viennensis,
809 3416 913 3467 natus
936 3405 993 3466 die
1011 3423 1061 3482 27.

232 3531 321 3610 Apr.
339 3530 421 3591 anni
440 3535 530 3609 11105,
548 3529 605 3591 die
628 3549 652 3590 1.
666 3529 739 3591 lan.
754 3549 788 3608 17
799 3550 834 3605 14
847 3547 912 3608 per
924 3528 1062 3589 sollem-

233 3671 312 3713 nem
329 3650 587 3731 professionem
610 3651 725 3712 ordini
742 3650 934 3712 adstrictus
951 3660 1006 3712 est
1027 3660 1062 3711 et

233 3776 282 3834 25.
299 3773 374 3835 Iun.
396 3793 475 3850 17117
500 3772 647 3853 primam
664 3773 743 3834 Deo
766 3771 919 3834 hostiam
943 3771 1063 3833 imma·

232 3894 385 3955 culatam
403 3893 541 3956 obtulit.
565 3894 653 3955 Post
665 3894 922 3955 ordinationem
939 3893 974 3955 in
991 3913 1062 3955 mo-

232 4016 389 4078 nasterio
404 4016 630 4078 humaniores
646 4016 793 4094 litteras,
812 4015 893 4077 dein
907 4016 1062 4096 Mellicii,

232 4139 266 4200 in
284 4138 426 4218 Lassee,
440 4137 683 4199 Weikendorf
696 4148 732 4199 et
748 4136 968 4199 Immendorf
982 4139 1063 4199 doc-

233 4261 360 4322 trinam
374 4258 458 4322 fidei
476 4260 605 4322 docuit.
631 4259 711 4322 Non
732 4260 847 4321 minus
869 4259 1064 4320 collobora-

232 4381 285 4443 vit
310 4383 344 4443 in
368 4383 500 4443 bonum
522 4381 735 4463 monasterii,
762 4401 841 4443 eum
857 4401 921 4462 per
937 4380 1064 4462 viginti

233 4523 344 4564 annos
361 4503 411 4564 rei
429 4501 690 4585 frumentariae,
713 4503 819 4566 etiam
836 4502 1064 4567 turbulentis·

234 4625 322 4686 simo
330 4625 469 4687 hostilis
479 4624 689 4706 inruptionis
699 4637 869 4707 tempore,
881 4627 968 4688 mira
979 4627 1065 4687 dex-

233 4747 377 4810 teritate
394 4756 589 4827 praeesset,
606 4767 675 4827 quo
689 4748 723 4809 in
737 4747 854 4809 officio
868 4747 1065 4810 confratres

234 4890 317 4932 suos
344 4889 414 4932 non
443 4870 548 4930 modo
577 4888 622 4930 ex
653 4870 759 4951 adipe
787 4869 970 4952 frumenti,
1002 4870 1065 4930 sed

235 4992 342 5053 etiam
355 4992 466 5052 verbo
479 4991 576 5053 vitae
589 4991 784 5053 liberaliter
797 4991 940 5072 cibavit,
957 4992 1065 5072 pluri·

235 5133 369 5175 morum
385 5123 459 5176 tum
474 5113 730 5194 religiosorum,
751 5121 825 5174 tum
843 5132 889 5175 ex
905 5113 999 5176 omni
1015 5113 1066 5174 vi·

236 5234 327 5295 cinia
339 5234 519 5295 hominum
532 5233 766 5296 saecularium
778 5234 1017 5325 confessarius
1031 5245 1066 5298 et

235 5364 339 5435 pater
358 5355 561 5437 spiritualis.
586 5356 626 5417 In
644 5357 750 5418 choro
767 5358 910 5418 morbus
926 5357 1066 5419 lethalis

1139 850 1322 932 matutina,
1341 850 1397 911 die
1416 854 1466 912 26.
1482 850 1569 931 Apr.
1588 854 1668 928 1759
1684 852 1731 911 ab
1748 849 1842 911 omni
1863 869 1974 932 opere

1139 990 1203 1032 suo
1220 972 1445 1053 requiescere
1461 970 1557 1033 fecit.
1582 968 1748 1052 Scripsit:

1227 1098 1248 1152 Ι.
1262 1095 1375 1153 Libera
1388 1115 1443 1172 pro
1457 1115 1490 1152 se
1503 1099 1585 1152 iuxta
1597 1097 1803 1153 arithmeticos
1817 1115 1973 1165 numeros,

1139 1201 1221 1276 quod
1238 1201 1286 1256 die
1302 1201 1502 1276 depositionis
1519 1202 1583 1256 eius
1600 1198 1756 1257 edebatur.
1773 1202 1830 1257 1115.

1226 1324 1264 1379 ll.
1287 1322 1451 1379 Geheimes
1472 1320 1711 1379 Handbiichlein.
1736 1320 1766 1400 (1.
1784 1341 1811 1378 e.
1834 1324 1973 1378 Manuale

316 1470 396 1525 Vlll.
416 1466 448 1524 S.
465 1468 609 1523 Benedict
630 1466 688 1530 und
710 1467 773 1521 scin
790 1464 903 1520 Orden.
928 1464 985 1518 Ein
1001 1461 1059 1518 So·
1098 1413 1101 1543 1
1140 1424 1340 1504 arcanorum.)
1358 1428 1427 1484 OCt'
1449 1427 1612 1500 1750.Ms.
1630 1443 1649 1499 4
1667 1440 1779 1502 partes·

1227 1550 1279 1605 ΙΙΙ.
1308 1549 1577 1625 Philosophischer
1604 1547 1728 1615 Schatz,
1761 1549 1894 1605 welcher
1923 1569 1974 1604 zur

1141 1660 1306 1728 grosseren
1323 1654 1404 1709 Ehre
1422 1652 1542 1719 Gottes,
1566 1654 1680 1708 Nutzen
1704 1653 1818 1709 melnes
1844 1652 1973 1726 heiligen

1142 1758 1262 1814 Ordens
1277 1758 1336 1813 und
1350 1756 1466 1825 Stiftes,
1484 1759 1541 1812 wie
1557 1756 1634 1812 auch
1647 1757 1701 1812 der
1713 1756 1911 1831 Bedfirftigen
1924 1776 1973 1812 zu·

1141 1875 1422 1936 sammengetragen
1450 1862 1509 1917 und
1539 1880 1593 1916 aus
1621 1861 1810 1932 christlicber
1833 1860 1912 1918 Lieb
1938 1882 1971 1917 zu

1141 1971 1224 2023 einer
1240 1967 1305 2022 Hilf
1318 1969 1346 2021 in
1359 1966 1412 2022 der
1424 1966 1504 2021 Noth
1517 1965 1716 2021 hinterlassen
1729 1965 1776 2020 ich
1791 1965 1972 2021 Leonardus

1141 2070 1289 2127 Antonius
1305 2071 1433 2126 hlathias
1446 2068 1595 2144 Iosephus
1608 2068 1820 2136 Thonhauser,
1839 2071 1973 2125 Priester

1141 2175 1195 2232 des
1223 2176 1403 2248 collegiaten
1431 2174 1490 2230 und
1518 2186 1655 2229 exemten
1684 2170 1791 2230 Stiftes
1819 2194 1854 2230 zu
1880 2174 1971 2230 Mdllr.

1142 2279 1216 2335 Ord.
1233 2278 1265 2336 S.
1283 2280 1315 2335 B.
1334 2279 1497 2354 Capitular.
1520 2292 1610 2351 1755.
1630 2275 1671 2334 8⁰.
1689 2279 1745 2333 Ms.

1230 2425 1337 2498 della
1355 2425 1466 2498 Tore
1481 2436 1698 2498 Robertus
1712 2434 1972 2518 (Scotensis),

1142 2564 1246 2616 natus
1267 2564 1322 2616 est
1338 2554 1499 2616 Viennae
1521 2554 1555 2615 in
1577 2554 1725 2633 Austria
1749 2555 1806 2616 die
1831 2577 1861 2632 4.
1884 2525 1972 2617 Noti.

1147 2680 1237 2756 1805,
1255 2686 1356 2756 patre
1373 2677 1611 2757 typographo.
1636 2674 1704 2736 Die
1726 2696 1772 2737 10.
1792 2673 1871 2739 Oct.
1894 2679 1970 2737 1825

1143 2820 1221 2861 cum
1246 2798 1389 2860 indutus
1414 2807 1518 2877 esset,
1545 2797 1638 2859 votis
1662 2797 1893 2860 sollemnibus
1917 2797 1972 2858 die

1144 2927 1193 2983 28.
1212 2919 1290 2983 Oct.
1312 2924 1391 2982 1828
1409 2919 1547 2981 emissis
1568 2919 1814 3001 absolutisque
1832 2940 1859 2983 s,
1877 2921 1973 2982 theo-

1142 3043 1259 3126 logiae
1276 3043 1403 3104 studiis
1419 3041 1455 3103 in
1472 3061 1500 3103 c.
1515 3063 1540 3102 r.
1558 3041 1653 3103 univ.
1663 3040 1830 3122 Vindob,
1849 3042 1906 3103 die
1924 3046 1971 3103 25.

1142 3166 1205 3228 Iul.
1227 3169 1308 3226 1850
1329 3164 1477 3245 primam
1494 3163 1572 3225 Deo
1595 3163 1724 3225 obtulit
1746 3162 1900 3226 hostiam
1923 3163 1972 3224 in·

1143 3296 1334 3349 cruentam.
1359 3284 1555 3366 Neomysta
1572 3283 1787 3346 novitiorum
1804 3284 1973 3366 magister

1142 3409 1268 3490 factuS,
1286 3428 1365 3469 cum
1378 3427 1443 3488 per
1456 3407 1612 3488 quinque
1625 3425 1737 3468 annos
1750 3406 1817 3468 hoc
1830 3424 1971 3467 munere

1143 3543 1238 3596 esset
1254 3531 1407 3610 functus,
1424 3530 1481 3591 die
1500 3535 1549 3591 20.
1566 3528 1666 3608 Sept.
1684 3532 1762 3590 1835
1779 3528 1908 3590 missus
1922 3538 1973 3589 est

1143 3655 1178 3717 in
1198 3653 1400 3716 restitutum
1416 3662 1500 3712 tunc
1518 3649 1834 3713 Benedictinorum
1857 3669 1972 3712 mona-

1143 3777 1288 3839 sterium
1303 3775 1565 3855 Augustanum,
1590 3773 1650 3835 ubi
1674 3793 1744 3835 non
1771 3773 1884 3835 solum
1905 3793 1973 3834 ma·

1142 3900 1292 3982 gistrum
1310 3896 1523 3959 novitiorum
1545 3896 1609 3956 sed
1630 3894 1737 3956 etiam
1753 3893 1972 3975 praefectum

1143 4021 1325 4084 convictus
1348 4017 1516 4080 nobilium
1542 4016 1709 4078 iuvenum
1734 4036 1873 4079 necnon
1896 4035 1973 4097 pro-

1143 4143 1316 4205 fessorem
1337 4138 1513 4222 gymnasii
1537 4138 1736 4200 claustralis
1761 4138 1837 4221 egit
1865 4157 1972 4219 usque

1144 4264 1190 4325 ad
1206 4283 1336 4324 annum
1357 4266 1449 4342 1847,
1467 4279 1537 4340 quo
1554 4279 1647 4321 anno
1668 4259 1701 4321 ei
1718 4258 1781 4321 filii
1800 4259 1972 4322 Bavariae

1144 4383 1315 4467 principis
1343 4385 1386 4444 de
1411 4382 1661 4445 Thura-Taxis
1688 4382 1866 4445 educandi
1895 4389 1972 4443 sunt

1144 4506 1275 4569 traditi.
1300 4504 1404 4586 Quod
1417 4524 1553 4583 munus,
1567 4524 1646 4566 cum
1660 4523 1772 4584 usque
1786 4505 1832 4565 ad
1846 4522 1969 4566 annum

1150 4631 1228 4690 1808
1239 4627 1384 4709 egregie
1395 4626 1631 4708 sustinuisset,
1640 4624 1856 4689 infirmitatis
1870 4644 1970 4687 causa

1145 4751 1180 4812 in
1204 4749 1280 4810 dies
1305 4749 1498 4811 crescentis
1522 4749 1558 4809 in
1584 4747 1840 4810 monasterium
1863 4749 1971 4810 redux

1145 4871 1277 4933 ibidem
1294 4881 1406 4932 morte
1424 4869 1590 4932 occubuit
1606 4869 1663 4930 die
1684 4874 1731 4931 13.
1749 4869 1814 4933 Iul.
1836 4874 1925 4948 1869.

1232 5010 1261 5072 T
1264 5009 1345 5092 ypis
1362 5009 1487 5072 edidit:

1233 5154 1255 5208 I.
1279 5152 1471 5227 Wiirdigung
1495 5153 1548 5210 des
1570 5154 1668 5209 Herrn
1690 5153 1743 5209 Dr.
1761 5153 1896 5210 Vollmer
1915 5152 1970 5208 An·

1146 5258 1224 5314 sicht
1250 5257 1369 5328 „Ueber
1393 5259 1450 5314 den
1474 5259 1632 5333 Ursprung
1656 5258 1710 5313 der
1735 5256 1897 5332 religidsen
1916 5256 1968 5312 Er·

1145 5362 1302 5418 kenntniss
1320 5365 1357 5418 im
1373 5363 1571 5431 Menschen“;
1590 5361 1768 5436 dargestellt
1784 5363 1814 5419 in
1830 5361 1885 5420 der
1899 5361 1966 5418 Eiu-
