4178 6196
900 441 1186 513 ..351-

172 631 265 695 cium
289 629 562 693 eucharisticum
586 627 723 690 obtulit.
749 627 842 690 Dein
866 625 1004 689 iuvenis

174 754 290 816 adhuc
314 754 496 832 sacerdos,
525 771 604 814 cum
628 770 759 832 magna
782 749 818 812 in
842 768 884 811 eo
908 757 1005 810 esset

172 877 304 959 pietas,
340 876 554 938 novitiorum
589 873 761 955 magister
791 871 1005 970 constitutus

175 1009 244 1070 est;
266 1017 336 1080 quo
354 997 389 1059 in
406 996 524 1060 officio
540 1016 605 1078 per
620 995 818 1059 octodecim
835 1015 1005 1058 annorum

174 1121 330 1203 spatium
343 1139 413 1182 non
426 1118 502 1181 sine
515 1118 670 1182 maximo
683 1119 899 1181 confratrum
912 1137 1006 1180 emo·

174 1243 331 1305 lumento
348 1242 548 1305 desudavit.
572 1242 647 1304 Iam
662 1261 748 1305 vero
774 1243 819 1304 de
839 1242 954 1323 gradu
971 1239 1006 1302 in

175 1367 326 1448 gradum
342 1364 514 1445 elevatuS,
531 1383 624 1426 nunc
641 1364 836 1426 animarum
849 1382 954 1426 curae
972 1363 1007 1425 in

176 1487 381 1550 monasterii
406 1486 576 1568 parochia
595 1488 769 1568 admotus,
798 1490 889 1566 1748,
914 1505 1006 1548 nunc

175 1619 386 1693 suggestum
403 1607 599 1671 Dominicis
622 1608 749 1671 diebus
772 1608 904 1671 ibidem
925 1627 1007 1670 con-

177 1734 349 1795 scendere
374 1732 500 1811 iussuS,
524 1750 617 1793 nunc
642 1750 788 1793 munere
811 1729 1007 1813 subprioris

176 1864 212 1917 et
235 1854 382 1935 parochi
406 1855 597 1916 decoratus
628 1857 718 1935 1763,
743 1863 829 1916 vota
853 1853 1007 1916 omniurn

175 1996 317 2058 semper
334 1975 527 2057 superavit.
551 1975 704 2038 Divinae
719 1994 805 2038 vero
818 1975 1008 2058 providen-

175 2099 247 2163 tiae
264 2098 412 2162 consilio
425 2100 471 2160 ad
484 2098 619 2161 maiora
631 2098 698 2161 fuit
711 2098 919 2161 destinatus
942 2097 1008 2159 Ca-

176 2222 304 2285 nonica
320 2241 408 2305 ergo
421 2222 596 2283 electione
611 2221 669 2283 die
687 2240 714 2301 7.
728 2221 832 2283 Mart.
850 2223 929 2299 1765
946 2221 1008 2282 ab·

174 2348 241 2409 bas
257 2345 471 2407 constitutus
489 2355 524 2406 et
540 2344 659 2406 infulis
671 2342 934 2424 pontificalibus
951 2343 1008 2405 die

176 2472 206 2530 8.
221 2469 308 2549 Apr.
327 2468 485 2529 eiusdem
501 2467 585 2529 anni
597 2467 781 2530 redimitus
794 2476 858 2530 est.
882 2467 1009 2547 Itaque

176 2601 280 2673 pater
304 2591 459 2653 omnium
480 2590 608 2670 factus,
633 2608 826 2671 omnesque
847 2609 930 2652 suos
946 2609 1009 2671 pa-

175 2724 277 2776 temo
294 2732 413 2775 amore
435 2713 654 2794 complexus,
678 2711 764 2774 nihil
788 2711 925 2775 dulcius
946 2713 1008 2774 du·

175 2836 281 2898 cebat
290 2855 333 2898 ac
343 2834 540 2915 iucundiuS,
555 2855 659 2916 quam
673 2833 820 2897 fratrum
834 2835 868 2896 in
878 2854 1009 2897 corona

175 2959 341 3021 laudibus
369 2958 497 3020 divinis
519 2958 576 3020 die
594 2969 771 3039 noctuque
793 2957 1008 3021 incumbere.

176 3081 354 3165 Imprimis
368 3081 524 3144 intentus
537 3083 582 3143 ad
595 3082 763 3143 honorem
776 3078 1009 3161 Omnipoten-

178 3206 234 3285 tis,
243 3205 435 3267 exstructis
445 3224 509 3266 sex
520 3223 665 3266 numero
675 3202 837 3266 ecclesiis
845 3203 1009 3265 totidem-

177 3348 246 3409 que
260 3325 445 3407 aedificiis,
462 3328 497 3388 in
511 3326 639 3407 quibus
652 3329 858 3389 sacerdotes
871 3325 1009 3388 habita·

176 3459 265 3530 rent,
283 3448 569 3530 comparatisque
594 3447 713 3510 multis
737 3450 844 3511 rebus
867 3449 913 3509 ad
935 3466 1009 3508 rem

177 3573 332 3635 divinam
352 3581 387 3633 et
403 3571 470 3633 rite
485 3580 521 3632 et
533 3570 721 3653 magnifice
735 3570 1010 3652 perpetrandam

176 3694 399 3776 necessariiS,
416 3714 553 3756 summa
570 3694 689 3756 enisus
705 3703 760 3755 est
776 3712 855 3774 ope,
872 3691 1010 3754 utillud

176 3840 203 3881 s.
214 3838 248 3899 p.
258 3839 290 3882 n.
301 3817 487 3880 Benedicti
502 3827 561 3900 „ut
574 3816 608 3878 in
620 3817 784 3878 omnibus
793 3814 1012 3897 glorificetur

177 3941 296 4004 Deus“
307 3941 353 4002 ad
367 3939 532 4002 effectum
541 3940 763 4020 perduceret.
778 3936 852 4002 Sed
861 3938 947 4019 quid
960 3938 1011 3999 iu·

176 4075 239 4126 vat
248 4061 520 4143 templiDomini
529 4081 575 4123 ex
584 4061 703 4142 lapide
714 4059 907 4123 constructi
917 4079 1011 4140 cura,

177 4186 207 4248 si
225 4187 396 4267 templum
408 4184 528 4247 vivum
542 4184 766 4266 negligatur?
786 4183 881 4245 Nihil
897 4184 1012 4245 minus

177 4309 338 4391 neglexit
354 4307 446 4370 filios
459 4327 552 4387 suoS,
570 4307 685 4369 nevel
699 4326 804 4369 unum
817 4325 864 4368 ex
876 4306 918 4368 iis
932 4326 1012 4388 per-

181 4425 292 4495 deret.
318 4430 468 4511 Semper
486 4429 614 4491 fratres
634 4429 680 4491 ad
697 4428 852 4491 studium
870 4427 1011 4491 virtutis

178 4564 215 4617 et
228 4574 255 4618 s,
264 4553 410 4635 regulae
420 4550 561 4613 fidelem
570 4549 834 4613 observantiam
844 4550 1011 4612 adhorta-

178 4677 298 4748 batur;
323 4686 482 4737 attamen
502 4675 634 4736 nullam
651 4674 819 4736 virtutem
837 4691 1012 4735 commen·

180 4799 289 4879 davit,
303 4798 359 4861 cui
371 4799 448 4879 ipse
457 4797 554 4880 prior
562 4796 840 4860 luculentissima
850 4795 1012 4877 specimi-

180 4943 226 4985 na
238 4941 308 4984 non
323 4921 472 4983 dederit.
489 4921 615 5001 Itaque
628 4920 715 4982 illud
728 4920 822 4981 omni
836 4938 922 4981 auro
934 4938 1013 5001 pre·

179 5044 304 5107 tiosius
322 5043 564 5105 testimonium
581 5043 627 5104 ab
643 5040 921 5105 eminentissimo
938 5060 1013 5103 car-

181 5166 291 5228 dinali
301 5165 475 5248 Migazzio
484 5165 651 5228 obtinuit:
667 5165 797 5248 ,Apud
807 5163 935 5228 Scotos
947 5163 1013 5225 sub

183 5290 356 5352 Bennone
373 5291 504 5352 abbate
528 5289 631 5351 simul
648 5288 872 5370 disciplinam
894 5306 1014 5349 mona-

180 5412 306 5474 sticam
325 5422 361 5474 et
377 5411 573 5474 litterarum
591 5412 710 5474 studia
725 5430 839 5492 aeque
854 5409 1012 5472 florere.“
1052 5462 1055 5474 .

1085 625 1206 689 Animi
1222 627 1359 691 cultura
1382 628 1473 694 inter
1494 647 1577 691 suos
1601 629 1734 712 optime
1760 630 1921 697 stabilita

1086 750 1130 810 de
1143 751 1330 832 temporali
1343 770 1464 816 eorum
1475 756 1711 818 emolumento
1725 775 1830 835 quam
1845 782 1918 825 ma·

1085 871 1181 934 xime
1198 881 1274 936 erat
1289 874 1472 939 sollicitus.
1497 877 1659 963 Longum
1672 894 1727 946 est
1742 903 1919 969 enarrare,

1087 1014 1320 1077 quaecunque
1332 997 1399 1061 hac
1412 999 1448 1062 in
1460 999 1498 1062 re
1510 1003 1739 1069 saluberrime
1751 1011 1916 1090 gesserit.

1087 1114 1138 1177 Ut
1161 1127 1281 1180 cetera
1303 1119 1445 1184 silentio
1470 1132 1657 1208 transeam,
1682 1131 1866 1210 praedium
1883 1133 1920 1196 in

1087 1235 1297 1322 Ottakring,
1325 1242 1448 1306 usibus
1472 1244 1697 1313 Scotensium
1721 1272 1920 1319 accommo-

1088 1360 1324 1446 datissimum,
1346 1368 1475 1430 multos
1495 1389 1616 1452 agros,
1637 1372 1761 1438 vineas
1768 1425 1777 1458 ,
1797 1377 1918 1461 silvas,

1087 1493 1192 1564 prata
1208 1489 1439 1568 comparavit.
1461 1489 1580 1571 Quare
1596 1514 1666 1557 non
1683 1498 1796 1561 solum
1813 1520 1834 1562 a
1851 1501 1922 1564 fra·

1087 1605 1201 1668 tribus
1214 1608 1442 1690 singulariter
1455 1612 1682 1698 diligebatur,
1696 1622 1760 1682 sed
1770 1633 1919 1703 propter

1088 1726 1262 1811 insignem
1279 1734 1504 1812 prudentiam
1522 1756 1621 1801 suam
1646 1739 1681 1802 in
1706 1744 1814 1806 rebus
1838 1765 1922 1826 quo-

1088 1872 1157 1933 que
1167 1854 1320 1935 publicis
1332 1876 1463 1940 magna
1471 1870 1549 1922 erat
1557 1864 1781 1928 auctoritate.
1798 1867 1839 1929 In
1850 1878 1921 1931 sta-

1089 1984 1186 2037 tuum
1204 1976 1380 2042 inferioris
1397 1981 1567 2046 Austriae
1588 1986 1798 2066 deputatum
1819 2010 1841 2052 a
1859 2011 1922 2073 pa-

1089 2096 1179 2160 triae
1196 2100 1358 2180 patribus
1380 2104 1505 2187 electo,
1530 2107 1769 2189 amplissimus
1785 2113 1921 2193 aperie·

1088 2220 1195 2284 batur
1208 2242 1365 2305 campuS,
1379 2246 1484 2306 quem
1498 2227 1709 2294 intemerato
1721 2233 1828 2296 animi
1839 2254 1921 2297 can-

1089 2346 1174 2406 dore
1191 2346 1404 2410 decurreret.
1435 2348 1500 2412 Cui
1516 2353 1652 2415 muneri
1668 2356 1833 2419 admotus
1849 2374 1921 2419 orn-

1088 2465 1147 2528 nia
1159 2468 1250 2529 adeo
1263 2469 1309 2529 ad
1320 2469 1471 2533 salutem
1484 2474 1664 2554 publicam
1676 2477 1920 2562 principisque

1090 2589 1241 2652 salutem
1265 2592 1394 2674 retulit,
1419 2603 1458 2655 ut
1478 2594 1581 2658 huius
1602 2609 1749 2662 senatus
1773 2620 1921 2682 praeses

1090 2712 1208 2793 palam
1221 2712 1387 2775 edixerit:
1404 2713 1443 2778 Si
1458 2734 1526 2777 non
1539 2717 1663 2800 Magni
1677 2717 1922 2786 Gottvicensis

1090 2844 1126 2896 et
1142 2834 1324 2897 Bennonis
1340 2834 1527 2900 Scotorum
1544 2839 1714 2904 abbatum
1729 2844 1920 2925 prudentia

1090 2966 1126 3019 et
1153 2957 1370 3020 dexteritate
1398 2958 1595 3045 fulciretur,
1627 2982 1665 3025 se
1696 2966 1920 3048 negotiorum

1089 3081 1181 3142 mole
1194 3082 1368 3163 obrutum,
1383 3083 1481 3145 oneri
1493 3082 1640 3148 ferendo
1654 3087 1824 3169 imparem
1834 3088 1921 3154 fore.

1089 3201 1245 3284 Insignis
1262 3203 1321 3265 illa
1338 3203 1519 3267 Bennonis
1536 3208 1760 3272 consiliorum
1777 3211 1922 3294 integri-

1089 3334 1146 3386 tas
1168 3324 1294 3407 fugere
1317 3346 1387 3389 non
1412 3337 1554 3409 poterat
1574 3329 1710 3393 Mariae
1727 3332 1922 3397 Theresiae

1091 3447 1326 3528 imperatricis
1351 3451 1506 3532 obtutus,
1535 3471 1627 3532 quae
1653 3471 1732 3516 eum
1756 3454 1791 3516 in
1816 3457 1923 3519 rebus

1090 3570 1266 3652 gravioris
1282 3572 1450 3634 momenti
1471 3591 1612 3654 semper
1635 3577 1812 3639 consuluit
1833 3578 1924 3642 eius-

1091 3713 1161 3774 que
1175 3694 1337 3756 consulta
1344 3693 1379 3756 in
1392 3693 1532 3777 insigne
1545 3698 1676 3759 bonum
1690 3698 1829 3778 patriae
1841 3719 1924 3762 exe-

1092 3815 1224 3878 cutioni
1245 3816 1483 3879 demandavit.
1512 3817 1627 3880 Maria
1649 3838 1791 3900 quoque
1807 3820 1923 3901 Anna,

1091 3936 1251 4020 piissima
1273 3937 1410 4000 Mariae
1431 3939 1623 4001 Theresiae
1643 3938 1730 4022 filia,
1753 3941 1925 4003 archidux

1092 4059 1271 4141 Austriae,
1284 4080 1364 4122 eum
1375 4062 1466 4123 adeo
1475 4063 1722 4144 venerabatur,
1736 4072 1775 4126 ut
1788 4083 1833 4125 ex
1845 4063 1922 4125 eius
1948 4131 1952 4136 ,

1093 4183 1195 4263 quasi
1216 4203 1277 4245 ore
1297 4185 1472 4264 penderet
1495 4193 1531 4246 et
1555 4205 1634 4247 eum
1658 4187 1924 4248 adhortatorem

1092 4318 1311 4389 sequeretur.
1343 4307 1443 4370 Haec
1472 4307 1624 4390 denique
1650 4318 1779 4371 exacta
1803 4308 1924 4371 iudicii

1091 4431 1198 4512 ratic,
1229 4429 1407 4510 animique
1436 4429 1647 4492 intemerata
1677 4429 1766 4492 fides
1794 4430 1844 4492 illi
1871 4430 1926 4493 Io-

1093 4553 1195 4634 sephi
1217 4553 1272 4633 II.,
1296 4553 1541 4615 Romanorum
1564 4553 1789 4633 imperatoris
1810 4554 1926 4615 conci-

1092 4675 1194 4738 liavit
1209 4675 1494 4738 aestimationem
1510 4684 1619 4755 atque
1636 4674 1763 4757 effecit,
1780 4685 1828 4756 ut,
1846 4695 1925 4737 cum

1093 4798 1138 4859 de
1155 4798 1345 4860 adunando
1366 4796 1550 4860 sacratiori
1574 4797 1724 4860 concilio
1748 4806 1925 4880 ageretur,

1093 4918 1128 4981 in
1152 4938 1222 5000 quo
1243 4939 1373 4982 causae
1397 4938 1595 5001 pauperum
1619 4929 1655 4982 et
1678 4918 1925 4983 fundationum

1092 5041 1248 5104 rationes
1276 5052 1397 5105 essent
1423 5041 1683 5124 discutiendae,
1712 5062 1791 5105 eum
1818 5043 1923 5105 huius

1094 5183 1308 5246 congressus
1316 5164 1517 5245 praesidem
1528 5165 1772 5230 denominarit.
1785 5163 1858 5230 Sed
1867 5184 1927 5227 ne-

1095 5305 1163 5367 que
1179 5285 1265 5349 illud
1282 5285 1422 5349 silentio
1439 5296 1494 5349 est
1506 5287 1814 5369 praetereundum,
1832 5288 1927 5368 quod

1082 5391 1267 5490 'Iosephus
1283 5408 1338 5491 11,
1356 5418 1481 5491 pectus
1499 5409 1576 5471 eius
1592 5429 1697 5473 cruce
1713 5410 1926 5492 pretiosissi-
