4178 6196
887 459 928 468 -
974 419 1114 484 XCVII
1158 457 1201 466 -—

1887 578 1901 607 *a

302 651 383 714 Hoc
400 670 485 712 vero
509 649 664 713 studium
687 650 901 731 imperatore
918 647 1045 712 Carolo
1060 649 1122 713 IV.
1138 649 1287 712 laetiora
1304 649 1399 730 cepit
1422 649 1651 712 incrementa.
1683 650 1805 730 Atque
1821 647 1913 714 inter

169 794 304 856 multos
326 811 444 854 rerum
468 789 660 871 scriptores
684 788 829 852 summis
853 789 1017 852 laudibus
1033 791 1251 852 honorantur
1267 789 1451 870 Neplacho
1475 790 1678 871 monachus,
1704 788 1764 870 qui
1787 809 1808 851 a
1832 789 1913 853 Cle-

169 941 291 995 mente
308 930 371 993 VI.
396 930 499 1011 Papa
521 930 635 991 abbas
658 927 863 990 monasterii
887 927 1161 1010 Opatovicensis
1190 939 1330 991 creatus
1354 947 1446 991 anno
1475 933 1552 1007 1371
1584 928 1723 991 circiter
1754 939 1914 992 mortuus

172 1082 240 1135 est.
278 1069 433 1153 Scripsit
465 1067 704 1154 ,Summulam
733 1067 920 1132 chronicae
950 1077 1023 1130 tam
1051 1068 1239 1130 Romanae
1268 1088 1373 1149 quarn
1397 1067 1644 1149 Bohemicae“,
1674 1079 1712 1130 ut
1742 1068 1912 1132 fratribus

172 1210 333 1272 libellum
357 1177 525 1290 traderet,
550 1227 655 1289 quem
683 1207 717 1270 in
749 1207 922 1270 discenda
951 1206 1099 1269 historia
1122 1206 1345 1288 potissimum
1369 1207 1606 1269 Bohemorum
1630 1219 1863 1290 sequerentur
1879 1211 1911 1291 ¹).

173 1349 243 1412 His
268 1349 422 1430 denique
445 1348 519 1411 vita
543 1368 570 1411 S.
593 1346 770 1429 Procopii,
800 1345 921 1429 lingua
944 1355 1066 1408 vetere
1090 1345 1327 1408 Bohemorum
1349 1345 1513 1408 versibus
1543 1345 1578 1407 in
1610 1349 1761 1409 eundem
1789 1368 1912 1410 sonum

174 1488 391 1552 exeuntibus
414 1487 549 1568 scripta
572 1487 656 1550 addi
680 1495 810 1569 potest,
835 1506 941 1568 quam
965 1487 1175 1548 monachum
1199 1487 1376 1566 quendam
1393 1483 1643 1549 Sazaviensem
1669 1487 1912 1567 composuisse

174 1630 238 1691 vix
262 1628 451 1710 quisquam
473 1626 661 1708 negaverit
676 1627 708 1706 ²).

308 1765 422 1831 Simili
452 1768 573 1847 modo,
606 1784 697 1846 quae
729 1764 957 1827 innotuerunt
988 1765 1032 1825 de
1070 1762 1267 1845 originibus
1300 1763 1592 1826 monasteriorum
1606 1767 1629 1841 ³)
1663 1776 1770 1848 atque
1802 1767 1913 1829 series

178 1908 350 1968 abbatum
364 1906 388 1986 ⁴)
419 1904 774 1986 enumerationesque
803 1903 1052 1985 episcoporum
1084 1912 1129 1974 et,
1162 1902 1191 1964 si
1223 1922 1313 1983 quae
1341 1903 1410 1964 alia
1439 1904 1581 1966 maioris
1610 1915 1710 1967 erant
1733 1906 1910 1988 momenti,

176 2045 305 2109 litteris
335 2045 496 2108 mandari
526 2045 595 2106 iam
628 2042 771 2106 saeculo
801 2042 885 2105 XII.
917 2053 1046 2124 coepta
1076 2053 1158 2106 sunt
1173 2044 1207 2123 ⁵).
1246 2042 1291 2102 Et
1315 2042 1586 2105 commentarios
1608 2043 1675 2106 hoc
1701 2045 1805 2107 modo
1830 2064 1912 2108 con·

178 2194 315 2266 ceptos,
346 2183 407 2265 qui
437 2182 472 2244 in
503 2181 718 2264 explicanda
744 2180 892 2243 historia
918 2181 1211 2243 monasteriorum
1241 2190 1277 2243 et
1300 2181 1443 2243 humani
1467 2183 1581 2244 cultus
1609 2182 1793 2276 ciuilisque
1816 2185 1911 2248 haud

178 2323 281 2405 parvi
315 2322 422 2405 pretii
459 2332 558 2403 sunt,
597 2320 748 2403 plurima
782 2319 997 2383 monasteria
1031 2319 1170 2401 imperii
1201 2320 1382 2383 Austriaci
1415 2322 1558 2384 habent.
1605 2321 1702 2403 Quos
1738 2343 1912 2387 commen-

178 2462 287 2524 tarios
311 2461 372 2542 qui
396 2460 680 2542 conscripserint,
703 2460 920 2542 ignoramus.
966 2455 1204 2520 Cremifanum
1227 2467 1381 2539 tantum,
1410 2479 1479 2540 quo
1508 2459 1544 2522 in
1571 2463 1786 2525 monasterio
1809 2482 1911 2544 prae-

178 2601 293 2682 cipue,
318 2620 397 2662 cum
413 2609 581 2682 regnaret
596 2598 800 2661 Fridericus
817 2599 860 2660 de
878 2597 970 2660 Aich
987 2598 1101 2659 abbas
1118 2605 1271 2658 exeunte
1289 2599 1432 2659 saeculo
1445 2598 1558 2681 xm,
1575 2601 1737 2663 monachi
1754 2602 1912 2665 studiose

178 2761 236 2803 res
259 2750 382 2823 gestas
405 2740 723 2822 persequebantur,
747 2736 958 2818 scriptorum
983 2735 1144 2799 notitiam
1168 2745 1284 2817 tenet,
1309 2734 1463 2818 Sigmari
1487 2739 1619 2801 cellarii
1642 2750 1678 2802 et
1700 2741 1912 2825 Hertweigii

178 2879 317 2961 prioris,
341 2896 488 2961 quorum
512 2878 705 2961 praecipue
728 2877 786 2939 ille
810 2876 864 2939 vir
887 2875 1036 2958 insignis
1060 2876 1255 2939 industriae
1278 2875 1354 2958 fuit,
1387 2896 1465 2939 curn
1495 2897 1564 2940 non
1594 2880 1706 2941 solum
1729 2880 1911 2944 historiam

178 3017 383 3081 monasterii
406 3018 460 3080 sui
483 3026 520 3080 et
542 3017 619 3079 iura
642 3026 822 3098 tractaret,
847 3017 910 3078 sed
934 3014 1041 3078 etiam
1065 3026 1168 3078 extra
1190 3017 1255 3077 hos
1275 3015 1365 3078 fines
1381 3028 1545 3079 versatus
1568 3036 1690 3080 omnes
1706 3038 1763 3080 res
1779 3039 1911 3100 graves

178 3159 213 3220 in
247 3156 377 3220 finibus
415 3157 743 3238 archiepiscopatus
780 3154 1037 3218 Laureacensis
1074 3167 1109 3217 et
1145 3155 1376 3237 episcopatus
1410 3155 1658 3218 Passaviensis
1698 3169 1820 3239 gestas
1860 3159 1911 3222 in-

309 3481 331 3563 ¹)
354 3483 441 3540 Edid.
464 3483 534 3550 Pez,
557 3480 669 3557 Script
694 3499 752 3537 rer.
774 3479 876 3536 Austr.
901 3480 943 3536 11.-

308 3592 330 3674 ²)
353 3595 495 3661 Ferant,
524 3594 650 3651 Studien
678 3613 730 3649 zur
753 3592 936 3649 Geschichte
967 3591 1021 3648 der
1048 3592 1285 3649 altbdhmischen
1309 3594 1476 3650 Litteratur
1505 3596 1533 3649 in
1556 3592 1835 3670 Sitzungsberichte
1858 3595 1912 3653 der

176 3710 207 3766 k.
225 3709 255 3765 k.
273 3707 370 3765 Akad.
388 3707 416 3764 d.
434 3707 634 3774 Wissensch.,
652 3706 809 3783 phu-hist.
827 3705 942 3762 Classe.
974 3706 1008 3761 In
1032 3703 1176 3781 operibus
1199 3703 1419 3779 antiquioribus
1435 3708 1673 3782 antiquissimum
1691 3722 1911 3765 monumentum

175 3823 348 3878 nominatur
381 3820 468 3892 ,Vita
496 3840 520 3877 s.
543 3820 733 3876 Wenzeslai“
768 3837 786 3874 a
814 3819 996 3875 Christanno
1028 3818 1157 3892 quodam
1190 3819 1336 3876 monacho
1364 3821 1580 3876 Bievnoviensi
1614 3823 1830 3897 conscriptum,
1862 3825 1912 3898 qui

176 3935 256 3991 tilius
279 3933 411 3990 Boieslai
436 3935 458 3989 I.
484 3933 644 3989 Bohemiae
668 3932 752 3988 ducis
776 3931 869 3988 fuisse
893 3931 1009 3988 dicitur.
1046 3929 1108 3988 Sed
1132 3945 1230 3988 tamen
1254 3932 1447 4008 Dobrowsky
1472 3935 1513 3989 in:
1537 3932 1745 4008 Abhandlung
1761 3934 1815 3991 der
1837 3934 1913 3992 boh-

174 4048 311 4104 mischen
342 4047 536 4114 Geschichte,
572 4047 663 4118 1803,
695 4045 905 4102 Christannum
937 4043 1077 4100 abbatem
1109 4045 1379 4113 Bievnoviensem,
1415 4049 1466 4120 qui
1503 4045 1726 4120 1278—1294
1762 4062 1912 4123 praeerat,

173 4163 357 4236 scriptorem
382 4172 468 4236 putat
492 4172 522 4215 et
544 4158 706 4233 Friedjung
730 4161 774 4215 in:
799 4160 908 4214 Kaiser
931 4157 1004 4214 Knrl
1027 4159 1077 4215 IV.
1111 4158 1169 4214 und
1200 4161 1265 4215 sein
1289 4159 1408 4215 Antheil
1432 4178 1478 4216 am
1502 4161 1653 4234 geistigen
1676 4159 1782 4216 Leben
1813 4163 1912 4218 seiner

174 4276 251 4340 Zeit,
275 4292 336 4328 non
359 4285 428 4328 ante
452 4290 560 4328 annum
588 4286 666 4345 1347
699 4290 764 4327 eam
795 4273 937 4346 scriptam
967 4289 1035 4327 esse
1064 4271 1226 4328 contendit.
1272 4272 1348 4329 Vide
1365 4271 1567 4330 Wattenbach
1592 4272 1609 4329 l.
1635 4294 1661 4329 c.
1686 4275 1735 4341 11,
1762 4273 1828 4329 Alte
1852 4274 1910 4329 und

174 4405 253 4443 neue
277 4384 498 4458 Falschungen.

306 4494 329 4575 ³)
353 4498 385 4553 In
409 4497 467 4553 hoc
490 4515 602 4571 genere
626 4496 750 4552 historia
773 4496 1009 4552 Lunaelacensis
1032 4494 1171 4553 versibus
1195 4497 1322 4554 leoninis
1346 4501 1515 4575 composita
1538 4501 1705 4575 principem
1735 4499 1831 4556 locum
1856 4498 1911 4555 ob-

174 4614 251 4667 tinet
273 4607 530 4687 (Urkundenbuch
551 4628 610 4666 von
627 4607 892 4675 Oberdsterreich‚
910 4607 954 4684 I.)‚
979 4627 1058 4682 quae
1073 4609 1227 4679 Liutold0‚
1253 4612 1400 4668 monacho
1425 4611 1464 4667 illi
1489 4612 1601 4669 saeculi
1618 4612 1696 4679 xli,
1721 4610 1910 4669 adtribuitur.

173 4725 209 4780 ln
240 4722 348 4795 eodem
379 4741 504 4779 numero
535 4722 688 4797 ,Historia
711 4720 892 4778 fundationis
917 4724 1090 4778 monasterii
1114 4724 1314 4780 Mullicensis“
1341 4738 1387 4780 est
1416 4721 1494 4802 (Pez,
1518 4724 1630 4801 Script.
1656 4742 1715 4780 rer.
1740 4723 1840 4781 Austr.
1865 4721 1910 4802 I.),

174 4840 260 4895 cuius
285 4838 465 4912 scriptorem
489 4837 672 4909 ignoramus,
698 4848 727 4891 et
750 4833 1016 4891 Seitenstadiensis
1041 4854 1059 4891 a
1076 4835 1286 4922 ‘Gundachero
1311 4836 1421 4893 abbate
1446 4840 1626 4913 conscripta.

305 4946 327 5027 ⁴)
351 4947 455 5005 Series
482 4945 625 5003 abbatum
654 4960 771 5004 exstant
802 4950 831 5003 in
862 4950 1047 5005 monasterio
1073 4948 1110 5005 ad
1134 4969 1158 5006 s.
1183 4951 1320 5017 Petrum,
1349 4949 1564 5017 anbacensi,
1588 4948 1764 5016 Mellicensi,
1788 4948 1909 5007 Gottvi·

172 5065 267 5130 censi,
292 5060 546 5128 Seitenstettensi,
570 5061 777 5127 Admontensi,
801 5060 1020 5117 Lunaelacensi
1044 5062 1110 5118 aliis
1133 5059 1182 5140 (ef.
1206 5063 1274 5129 Pez,
1298 5060 1409 5138 Script.
1435 5061 1452 5118 l.
1477 5080 1502 5117 c.
1527 5059 1587 5140 IL).

305 5173 328 5254 ⁵)
353 5175 440 5231 Hunc
464 5175 493 5230 in
517 5174 615 5230 locum
638 5172 796 5230 referenda
820 5188 866 5231 est
890 5175 1016 5231 historia
1038 5176 1204 5252 particulae
1229 5195 1253 5231 e.
1278 5177 1375 5231 crucis
1399 5175 1580 5230 Mellicensis
1605 5171 1693 5251 (apud
1710 5175 1778 5243 Pez,
1796 5174 1907 5252 Script.

172 5292 190 5347 i.
209 5287 314 5368 011),
340 5302 371 5344 et
394 5302 536 5363 quattuor
559 5288 712 5364 epitaphia
737 5288 867 5345 Conradi
890 5287 1010 5345 abbatis
1035 5289 1269 5345 Lunaelacensis
1297 5302 1375 5359 1145
1401 5287 1505 5354 occisi,
1535 5305 1612 5360 quae
1636 5286 1731 5344 eidem
1755 5288 1908 5356 Luitold0,

171 5422 264 5479 quem
289 5421 382 5477 supra
402 5403 629 5469 nominavimus,
653 5399 873 5458 adscribuntur.

1667 5518 1685 5550 n
