4178 6196
876 474 1129 542 „31-

216 650 419 748 Bosnyak
434 664 690 729 Benedictus
708 666 810 747 (des,
823 666 963 731 Monte
1001 675 1005 731 1
1045 657 1129 739 0115,
1151 677 1299 738 quorum
1315 658 1490 739 permulta
1510 659 1635 720 noctes
1655 655 1875 738 pervigilans

129 780 398 864 Pannoniae),
422 784 457 846 in
481 784 757 848 Balaton-Csehi
786 805 873 848 com.
898 784 964 850 So-

131 924 251 988 mogy.
263 905 297 967 in
306 905 492 989 Hungaria
504 907 562 970 die
576 929 626 986 24.
635 906 736 990 Sept.
755 913 836 988 1750
848 918 963 990 natus,

130 1036 217 1089 vota
233 1027 419 1091 sollemnia
439 1029 495 1092 die
514 1034 563 1092 25.
577 1030 666 1093 Nov.
688 1049 769 1110 1770
791 1030 907 1093 emisit
928 1040 964 1093 et
1003 1042 1006 1095 1

133 1147 191 1211 die
209 1153 259 1213 20.
276 1150 381 1215 Mart.
403 1156 480 1230 1775
500 1155 690 1235 presbyter
702 1153 886 1216 ordinatus
898 1161 964 1215 est.
1004 1108 1007 1255 1

133 1270 194 1332 Ab
211 1291 304 1334 anno
326 1276 405 1335 1802
428 1274 695 1338 administrator
718 1273 909 1357 parochiae
930 1274 965 1335 in

134 1391 297 1456 Zamardi
309 1393 367 1457 die
385 1395 532 1458 15.Dec.
550 1400 630 1475 1809
642 1395 718 1459 vita
730 1395 848 1460 cessit.
873 1393 966 1458 Geo-
1006 1420 1009 1505 )
1047 1435 1225 1500 Absoluto
1250 1438 1411 1501 tirocinio

135 1522 249 1577 metra
264 1524 301 1577 et
317 1516 515 1580 delineator
530 1517 690 1601 insignis.
715 1516 849 1580 Edidit:

223 1658 246 1713 Ι.
281 1659 393 1736 Mappa
423 1680 515 1736 super
545 1663 743 1737 possessione
773 1658 967 1736 Nagybarati.

136 1760 359 1840 Transsumpta
379 1764 417 1820 ad
440 1767 556 1840 apicem
576 1785 614 1823 011
629 1779 749 1823 vetusta
765 1765 903 1841 originali
919 1766 968 1822 10-

137 1866 222 1941 sephi
240 1867 352 1924 Rixner
372 1888 427 1944 per
447 1871 479 1925 P.
497 1870 690 1927 Benedictum
707 1870 858 1945 Bosnyak.
879 1869 968 1926 Anno

141 1969 231 2043 1781.
248 1973 442 2030 Comaromii.

223 2078 260 2133 11.
283 2077 310 2132 A
327 2079 503 2153 szentseges
519 2077 588 2135 szfiz
605 2079 761 2136 Marianak
782 2078 897 2154 boldog
916 2079 970 2134 ha·

137 2182 209 2238 111110
219 2178 335 2238 keszitd
349 2183 410 2239 heti
426 2183 582 2240 tisztelete.
600 2184 722 2258 Mellyet
734 2198 818 2240 szent
829 2181 970 2239 Benedek

136 2288 290 2345 szerzeten
310 2285 379 2344 le'vd
395 2288 511 2363 nemely
529 2288 598 2345 lelki
618 2287 742 2364 pitsztor
761 2294 903 2363 egydgyii
924 2286 970 2360 ju-

137 2394 247 2450 hainak
259 2393 374 2468 boldog
386 2393 497 2449 1010110
509 2392 724 2449 elkeszitesere
736 2391 914 2448 masodszor
925 2390 970 2445 ki·

137 2510 374 2573 nyomtattatott.
391 2493 420 2573 (i.
437 2516 464 2554 e.
481 2497 586 2554 Cultus
602 2499 635 2554 B.
652 2499 692 2554 M.
705 2498 741 2556 V.
759 2516 813 2572 per
829 2493 969 2552 hebdom.

138 2622 196 2679 pro
210 2602 288 2659 felici
302 2616 400 2659 morte
410 2601 593 2681 obtinenda.)
604 2603 852 2678 Weszpre'mben.
866 2603 970 2660 Szam·

139 2728 202 2764 mer
214 2706 324 2781 Mihaly
336 2705 479 2764 betdivel.
497 2705 588 2764 1802.
606 2714 666 2764 120.
686 2721 725 2781 74
738 2727 767 2784 p.
786 2705 895 2786 (Prima
908 2707 970 2764 edi·

139 2816 181 2869 tio
194 2813 304 2869 Pestini
323 2810 413 2886 1798.
435 2818 495 2868 120.
514 2826 550 2884 73
566 2831 606 2888 p.,
620 2812 738 2869 videtur
750 2815 779 2868 in
792 2814 887 2869 lucem
898 2832 970 2889 pro-

140 2917 243 2996 disse.)

227 3023 280 3078 111.
294 3022 404 3077 Exstat
416 3023 444 3077 in
457 3019 641 3079 bibliotheca
654 3022 778 3078 centrali
792 3024 819 3078 in
832 3042 857 3078 s.
871 3036 972 3078 monte

141 3131 241 3203 imago
258 3125 351 3182 abeo
368 3138 535 3182 atramento
552 3124 655 3181 Indico
673 3129 763 3201 picta,
780 3142 797 3199 5
802 3142 819 3200 5
839 3146 895 3183 cm.
913 3127 973 3183 alta

142 3246 183 3304 40
195 3251 252 3289 cm.
266 3232 326 3288 lata
339 3250 405 3287 cum
418 3231 631 3306 inscriptione:
646 3231 706 3304 „Et
718 3232 826 3287 milites
839 3231 973 3306 plecten-

142 3349 188 3392 tes
199 3355 343 3393 coronam
357 3337 566 3410 imposuerunt
579 3337 670 3410 capiti
684 3335 777 3391 eius.“
792 3336 836 3392 lo.
851 3354 907 3412 cap
924 3351 972 3409 19.

142 3460 170 3496 v.
185 3456 213 3497 2.
226 3474 269 3482 -
284 3440 454 3495 Delineavit
466 3440 497 3495 P.
512 3439 691 3496 Benedictus
704 3441 846 3516 Bosnyaik
859 3460 888 3498 0.
901 3461 925 3498 s.
940 3443 972 3497 B.

142 3545 179 3601 ad
195 3543 298 3601 Sanct.
315 3545 475 3600 Martinam
497 3543 534 3600 de
555 3563 580 3601 s.
597 3557 697 3600 monte
712 3544 886 3601 Pannoniae
902 3564 973 3622 pro-

143 3647 251 3706 fessus.
267 3650 461 3707 Comaromii.
478 3648 565 3705 Anno
587 3647 677 3721 1780.

229 3834 897 3930 Bossartothmarusfflurensts),
911 3870 973 3914 na-

1045 778 1253 859 composuit.

1129 945 1331 1033 Breilher,
1352 957 1391 1019 P.
1406 957 1656 1040 Rudolphus
1674 959 1875 1041 (Lamber-

1045 1070 1181 1152 tinus).
1225 1072 1339 1136 Natus
1375 1083 1431 1137 est
1465 1075 1502 1138 in
1527 1077 1710 1162 Miirzsteg
1734 1075 1876 1160 Styriae

1047 1213 1097 1253 21.
1110 1193 1215 1256 Mart.
1234 1199 1323 1257 1802.
1348 1196 1561 1260 Monachum
1579 1198 1693 1262 induit
1709 1199 1744 1261 in
1757 1218 1877 1262 mona·

1047 1313 1155 1376 sterio
1176 1335 1203 1378 5.
1225 1316 1404 1380 Lamberti
1430 1319 1464 1381 111
1486 1318 1656 1402 8171105.
1679 1318 1758 1384 Oct.
1786 1326 1875 1399 1824.

1435 1450 1471 1502 et
1496 1439 1605 1503 finitis
1630 1442 1757 1504 studiis
1779 1443 1877 1506 theo-

1047 1557 1173 1639 logicis
1189 1558 1223 1620 in
1237 1561 1453 1624 monasterio
1467 1561 1705 1626 Admontensi
1722 1565 1878 1627 celebra-

1048 1678 1100 1741 vit
1115 1679 1290 1760 primitias
1311 1688 1357 1745 10.
1376 1682 1475 1765 Sept.
1497 1689 1587 1764 1827.
1605 1686 1744 1750 Exinde
1760 1707 1825 1768 per
1842 1706 1879 1747 10

1048 1819 1160 1862 annos
1171 1814 1438 1882 cooperatorem
1448 1807 1523 1888 egit
1535 1807 1569 1868 in
1576 1807 1733 1890 Veitsch,
1744 1808 1879 1891 Aflenz,

1048 1924 1095 1984 ad
1123 1922 1240 1987 Cellas
1267 1925 1447 1989 Marianas
1479 1928 1556 2010 (ubi
1587 1929 1690 1991 simul
1721 1929 1880 2013 regentis

1050 2044 1156 2126 chori,
1177 2047 1325 2109 actuarii
1347 2049 1529 2112 decanalis
1553 2060 1589 2113 et
1612 2051 1782 2114 sacristae
1806 2073 1880 2114 mu-

1050 2185 1133 2227 nere
1160 2165 1304 2230 functus
1331 2170 1408 2252 est),
1439 2170 1474 2232 in
1506 2168 1656 2235 Obdach
1684 2182 1720 2236 et
1743 2173 1881 2235 Weiss-

1050 2286 1207 2370 kirchen,
1231 2326 1274 2333 —
1298 2290 1427 2353 deinde
1450 2311 1515 2374 per
1538 2313 1573 2372 17
1596 2314 1708 2356 annos
1727 2295 1881 2357 curatias

1051 2408 1311 2473 administravit
1338 2411 1373 2474 in
1397 2413 1562 2476 Feistritz
1589 2425 1625 2476 et
1652 2415 1881 2498 Zeutschach,

1051 2529 1164 2592 donec
1180 2551 1273 2594 anno
1285 2537 1363 2595 1855
1374 2534 1564 2615 parochiae
1577 2536 1612 2596 111
1621 2536 1769 2599 Veitsch
1781 2557 1883 2619 prae·

1049 2649 1166 2715 fectus
1180 2664 1245 2737 est,
1263 2655 1319 2718 cui
1331 2656 1447 2718 adhuc
1459 2667 1612 2738 praeest.
1635 2656 1722 2721 Cum
1740 2680 1768 2721 2.
1782 2658 1883 2742 Sept.

1055 2779 1134 2853 1877
1153 2776 1344 2840 iubilaeum
1361 2781 1559 2842 celebraret
1574 2781 1805 2861 sacerdotale,
1822 2800 1884 2843 an·

1052 2896 1155 2960 tistes
1183 2897 1431 2962 Seccoviensis
1458 2901 1493 2963 in
1520 2902 1715 2984 praemium
1742 2901 1884 2964 merito·

1053 3038 1130 3081 rum
1153 3040 1233 3082 eum
1255 3021 1492 3085 consiliarium
1514 3022 1582 3084 sibi
1604 3023 1722 3106 elegit.
1748 3022 1883 3085 Edidit:

1141 3145 1265 3222 Predigt
1282 3168 1347 3205 zum
1364 3148 1564 3205 Ordensfeste
1580 3148 1634 3205 des
1650 3149 1717 3205 heil.
1733 3149 1885 3224 Johannes

1053 3269 1113 3306 von
1127 3248 1211 3319 Gon,
1228 3248 1350 3308 Stifters
1366 3251 1420 3308 der
1436 3252 1645 3327 ehrwiirdigen
1657 3252 1885 3327 barmherzigen

1054 3353 1177 3410 Brilder.
1200 3350 1229 3431 (i.
1247 3374 1274 3411 e.
1291 3356 1407 3412 Concio
1424 3358 1453 3412 in
1470 3357 1549 3413 festo
1566 3376 1590 3413 5.
1608 3358 1729 3413 loannis
1749 3357 1786 3413 de
1808 3359 1885 3423 De0‚

1054 3456 1221 3515 fundatoris
1234 3459 1356 3517 fratrum
1371 3460 1617 3539 misericordiae.)
1631 3461 1779 3519 Gehalten
1792 3465 1821 3518 in
1833 3462 1887 3519 der

1054 3561 1280 3620 Ordenskirche
1296 3584 1331 3619 zu
1348 3564 1441 3622 Gratz
1458 3565 1515 3622 den
1532 3583 1561 3640 9.
1575 3567 1657 3622 Marz
1678 3565 1768 3624 1828.
1785 3567 1886 3633 Wien,

1054 3684 1108 3722 aus
1130 3667 1184 3724 der
1207 3669 1450 3726 Buchdruckerei
1475 3670 1529 3727 der
1549 3670 1660 3727 Witwe
1685 3669 1887 3728 Stdckholzer

1055 3790 1114 3826 von
1130 3773 1313 3830 Hirschfeld.
1331 3773 1373 3830 8⁰.
1395 3772 1432 3830 16
1449 3794 1479 3851 p.

144 3972 202 4025 tus
222 3961 422 4026 Gossaviae
446 3962 480 4025 in
504 3972 597 4027 cant.
618 3984 645 4027 s.
671 3962 764 4027 Galli
785 3965 973 4032 Helvetiae
1014 3991 1016 4019 1
1141 3953 1450 4052 Breslyenszky
1473 3966 1736 4029 Adalbertus
1760 3967 1888 4030 Anto-

144 4084 201 4146 die
223 4106 269 4164 19.
289 4082 368 4148 001.
390 4105 481 4166 1749,
503 4088 548 4148 011
569 4106 596 4150 s,
617 4086 875 4168 professionem
896 4089 975 4151 reli·
1013 4086 1016 4169 j
1055 4083 1148 4145 nius
1177 4084 1239 4164 (de
1262 4103 1288 4145 s.
1313 4083 1455 4146 Monte
1479 4084 1746 4167 Pannoniae),
1774 4087 1887 4148 abbas

144 4205 283 4289 giosam
299 4206 974 4286 101111111013.Νο1.17080101150001-
1014 4180 1017 4245 l
1054 4204 1095 4266 Β.
1105 4204 1199 4267 M·V·
1210 4214 1281 4267 ets·
1291 4206 1422 4268 Auiani
1436 4207 1638 4289 deTihany,
1651 4227 1704 4269 aa.
1714 4207 1748 4269 ll.
1763 4217 1799 4270 et
1811 4208 1887 4289 phi·

146 4329 279 4391 dotium
300 4328 358 4391 die
380 4332 430 4390 28.
447 4328 534 4391 Maii
553 4348 644 4408 1774.
669 4329 817 4393 Munere
838 4331 975 4414 profes·
1014 4264 1016 4405 1
1053 4326 1236 4409 losophiae
1253 4328 1385 4410 doctor,
1403 4327 1582 4390 facultatis
1598 4328 1723 4410 philos.
1736 4329 1771 4391 in
1788 4329 1888 4411 regia

146 4450 244 4533 soris,
265 4450 423 4534 granarii
439 4460 475 4514 et
491 4451 687 4533 subprioris
702 4452 856 4537 fungens
872 4455 974 4517 simul

147 4571 181 4634 in
207 4572 358 4634 scientia
385 4573 520 4636 musica
543 4575 754 4637 excellebat.
790 4573 889 4639 Obiit
917 4576 974 4639 die

154 4698 199 4755 16.
215 4694 279 4756 Iul.
303 4698 394 4757 1820.
418 4694 625 4775 Composuit
640 4695 760 4759 varias
781 4697 973 4779 cantiones,

149 4835 240 4878 nunc
259 4816 389 4898 partim
414 4816 630 4898 deperditas,
654 4838 684 4882 e.
701 4839 753 4900 gr.
771 4819 805 4881 in
823 4819 975 4882 iubilaeo

147 4937 317 5021 principis
341 4939 482 5002 abbatis
507 4938 652 5003 Geroldi
673 4941 727 5022 IL,
750 4942 785 5004 in
808 4942 975 5005 benedic-

146 5060 241 5125 tione
268 5062 411 5126 abbatis
431 5060 597 5146 Gregorii
619 5064 735 5145 Koch,
760 5064 811 5126 uti
835 5073 976 5128 constat

147 5201 192 5245 ex
207 5184 337 5246 Annal.
355 5184 389 5246 in
406 5184 537 5249 archiv.
557 5184 791 5248 Muro-Gries.
809 5186 854 5250 A.
871 5186 896 5249 Ι.
913 5187 975 5250 IV.

230 5303 411 5368 Referunt
447 5306 554 5369 etiam
586 5325 664 5370 eum
698 5308 908 5380 excelluisse
940 5308 976 5370 in

84 5453 86 5456 ·
147 5424 376 5489 conficiendis
400 5428 656 5491 chronostichis
681 5438 717 5491 et
743 5430 976 5493 chronodisti-

1054 4449 1148 4511 univ.
1166 4449 1369 4512 Pestinensi
1395 4450 1614 4533 collegiatus,
1634 4451 1794 4514 eruditae
1817 4470 1887 4514 500.

1054 4568 1215 4632 lenensis
1236 4571 1509 4654 mineralogicae
1532 4572 1649 4635 socius
1671 4573 1888 4654 honorarius,

1055 4692 1090 4755 in
1110 4693 1347 4757 Nem-Prona
1368 4713 1454 4756 com.
1471 4694 1560 4756 Nitr.
1579 4695 1613 4756 in
1630 4694 1815 4777 Hungaria
1832 4695 1889 4757 die

1057 4818 1085 4877 5.
1102 4815 1197 4900 Aug.
1219 4821 1300 4895 1786
1316 4825 1430 4896 1101115,
1451 4836 1478 4878 5.
1498 4816 1622 4880 habitu
1644 4820 1672 4878 5.
1694 4815 1783 4879 Nov.
1809 4821 1888 4880 1803

1056 4937 1210 5020 indutus,
1232 4938 1289 5000 die
1312 4942 1370 5031 30.
1381 4937 1476 5020 Aug.
1499 4943 1576 5016 1807
1602 4947 1687 5001 vota
1707 4939 1891 5003 sollemnia

1057 5059 1173 5121 emisit
1194 5068 1230 5121 et
1247 5059 1419 5122 absolutis
1435 5059 1566 5122 Iaurini
1583 5067 1620 5122 et
1635 5060 1670 5122 in
1686 5081 1713 5123 s.
1726 5070 1845 5125 monte
1862 5082 1890 5127 5.

1057 5183 1259 5266 theologiae
1285 5182 1410 5245 studiis
1433 5183 1490 5244 die
1514 5187 1566 5245 30.
1587 5184 1682 5264 Aug.
1708 5188 1790 5246 1810
1812 5204 1892 5266 pre·

1055 5308 1179 5388 sbyter
1191 5306 1374 5369 ordinatus
1394 5314 1459 5368 est.
1477 5304 1533 5368 Ex
1546 5325 1591 5369 eo
1602 5309 1648 5368 ad
1661 5326 1791 5369 annum
1811 5312 1887 5370 1811

1056 5429 1187 5493 Iaurini
1204 5429 1320 5493 officio
1336 5427 1550 5510 professoris
1565 5449 1697 5513 gymn,
1724 5436 1890 5495 1811-18
