4178 6196
901 468 949 479 ..
1011 447 1078 519 ¹53
1126 418 1185 477 '-

172 633 301 713 emissa
327 643 490 697 votorum
516 631 740 714 professione
774 630 832 694 die'
859 635 910 694 31.
938 631 1001 694 Iul.

176 760 257 834 1859
272 754 382 817 sacris
402 754 562 817 initiatus
583 763 658 817 est.=
671 752 905 816 Tuberculosi
927 752 1002 835 pul·

171 896 311 940 monum
328 877 416 940 obiit
431 876 467 939 in
484 877 562 958 ipso
578 876 673 939 vitae
690 874 922 938 sacerdotalis
938 874 1003 937 ini·

171 1000 221 1063 tio
238 999 295 1062 die
312 1021 341 1077 p.
357 1001 443 1062 Dec.
465 1002 556 1062 1861.

258 1147 368 1210 Manu
384 1147 555 1229 scriptum
571 1145 713 1228 reliquit
727 1145 901 1207 libellum:

257 1299 364 1357 Leben
388 1299 447 1356 und
472 1259 633 1375 Dichtirng.
663 1296 823 1376 (Collectio
850 1299 1002 1353 variorum

173 1401 358 1484 carminum.)
390 1405 548 1462 Volumina
577 1404 718 1478 quinque.
748 1403 782 1458 In
807 1400 1002 1459 bibliotheca.

69 1495 71 1499 ’
174 1528 203 1585 p.
226 1523 294 1581 114.

192 1776 194 1780 ι
263 1674 591 1770 Guppenberger
622 1664 868 1748 Lambertus
900 1683 1003 1766 (Cre-

172 1803 442 1886 mifanensis),
460 1802 672 1866 Austriacus
688 1805 734 1866 ad
747 1824 773 1867 s.
783 1803 929 1885 Mariae,
946 1802 1002 1864 die

173 1931 202 1990 5.
218 1927 291 1989 Ian.
318 1931 399 2005 1839
423 1937 537 2006 natus,
561 1926 733 1989 absolutis
757 1925 794 1988 in
815 1923 1003 2009 gymnasio

174 2048 429 2113 cremifanensi
453 2050 580 2112 studiis
604 2061 639 2113 et
663 2050 720 2112 die
745 2071 773 2112 2.
796 2048 895 2131 Sept.
919 2047 1002 2110 anni

179 2176 258 2235 1858
277 2191 303 2234 s.
320 2173 443 2235 habitu
460 2173 604 2235 indutus
621 2172 888 2254 quadriennium
904 2172 1003 2234 theo-

173 2294 327 2376 logicum
351 2293 386 2356 in
406 2293 568 2356 instituto
577 2292 786 2374 ‚domestico
806 2295 852 2356 ad
874 2313 901 2357 2.
921 2292 1002 2355 Flo-

173 2415 308 2479 rianum
325 2416 513 2498 percurrit;
531 2416 588 2478 die
601 2438 630 2494 4.
646 2414 745 2498 Sept.
768 2419 846 2479 1862
865 2415 1002 2477 sollem-

174 2538 265 2601 niter
280 2537 474 2620 professus,
491 2538 548 2600 die
566 2543 616 2602 26.
632 2537 696 2601 101.
718 2542 796 2601 1863
814 2557 841 2602 2.
854 2539 1003 2619 presby·

172 2671 309 2723 teratus
325 2660 483 2723 ordinem
493 2649 637 2743 re'cepit.
651 2660 721 2723 Per
729 2660 908 2723 biennium
920 2679 1003 2742 sup·

174 2783 276 2864 plens
298 2783 334 2845 in
350 2784 537 2866 gymnasio
557 2782 751 2866 professor;
777 2786 942 2861 1865-67
967 2759 1004 2844 in

174 2905 268 2968 univ.
285 2906 441 2968 Vindob.
458 2905 585 2968 litteris
602 2904 822 2969 Germanicis
843 2915 879 2968 et
894 2906 1003 2969 histo·

174 3028 245 3091 riae
270 3029 586 3110 geographiaeque
607 3047 751 3110 operam
774 3029 885 3103 dedit;
910 3030 1003 3092 unde

175 3169 252 3212 cum
274 3151 380 3212 laude
401 3152 620 3232 adprobatus
644 3171 722 3213 cum
743 3151 916 3233 rediisset,
940 3151 1004 3213 lin-

174 3291 280 3354 guam
298 3270 556 3353 Germanicam,
572 3273 831 3356 geographiam
847 3283 884 3335 et
894 3273 1003 3336 histo-

175 3394 260 3458 riam
285 3395 319 3457 in
341 3406 490 3476 utroque
512 3395 700 3478 gymnasio
724 3397 852 3458 docere
874 3396 1003 3478 coepit,

179 3516 542 3599 1872—7820010giae
564 3527 601 3579 et
616 3517 805 3580 botanicae
824 3516 1003 3600 professu·

174 3659 248 3702 ram
264 3639 390 3720 tenuit,
412 3639 703 3724 1869—751simul
723 3639 818 3721 parti
838 3640 1004 3702 iuvenum

175 3762 208 3823 in
229 3762 396 3825 convictu
417 3761 623 3843 degentium
644 3761 814 3844 praefuit,
836 3781 928 3825 nunc
948 3762 1004 3826 lit-

175 3893 328 3945 terarum
344 3883 632 3947 Germanicarum
649 3895 757 3967 atque
776 3884 945 3948 historiae
969 3895 1005 3949 et

174 4005 418 4088 geographiae
441 4004 654 4088 professoris
677 4027 821 4070 munere
844 4007 1005 4090 fungitur

175 4128 349 4209 simulque
361 4127 598 4191 bibliothecae
613 4130 838 4192 academicae
850 4139 1004 4212 praeest.

261 4275 450 4358 Multiplici
467 4277 664 4340 eruditione
681 4287 874 4340 exornatus
886 4277 1005 4340 varios

174 4397 283 4461 libros
298 4399 396 4482 typis
413 4399 544 4462 excudi
559 4399 662 4463 fecit:

262 4552 283 4608 1.
316 4552 372 4607 Am
401 4549 504 4607 Grabe
532 4551 585 4608 des
612 4551 764 4608 Erldsers.
797 4548 1005 4631 (Oratorium.)

176 4656 274 4723 wien,
300 4655 816 4714 Mechitharisten-Buchdruckerei.
845 4656 936 4731 1869.
962 4656 1004 4715 8⁰.

176 4778 193 4834 9
210 4781 240 4839 p.
258 4762 373 4835 Verlag
389 4779 449 4817 von
465 4761 522 4818 Ad.
539 4761 707 4817 Proschk0.

262 4885 299 4940 11.
317 4883 439 4939 Antheil
459 4883 558 4940 Ober-
575 4882 634 4938 und
650 4883 946 4942 Niederdsterreichs
967 4903 1005 4941 an

175 4989 228 5046 der
251 4989 416 5047 deutschen
433 4989 599 5044 Litteratur
615 4989 672 5044 seit
693 4988 847 5045 Walthers
868 5008 928 5045 von
952 4989 1006 5044 der

163 5089 371 5170 'Vogelweide
393 5093 482 5149 Tode
505 5091 551 5148 bis
577 5112 641 5148 zum
667 5092 752 5149 Ende
776 5093 830 5150 des
855 5109 902 5165 14.
918 5094 1005 5169 Jahr-

102 5239 113 5253 .
176 5201 328 5258 hunderts
353 5197 383 5278 (i.
401 5217 427 5254 e.
450 5197 590 5253 Austriae
611 5199 777 5273 superioris
802 5211 832 5254 et
855 5197 1005 5255 inferioris

175 5319 284 5382 poetae
306 5318 436 5361 amorre
453 5303 600 5360 Waltheri
623 5321 701 5374 ,von
719 5302 772 5359 der
788 5302 1000 5376 Vogelweide“

176 5428 269 5485 usque
294 5408 330 5464 ad
355 5410 465 5464 exitum
489 5409 601 5464 saeculi
626 5408 733 5465 decimi
763 5404 883 5484 quarti.)
911 5405 1004 5482 Gym-

1083 636 1363 713 nasialprogramm.
1387 635 1472 702 Linz,
1497 634 1601 690 Druck
1620 651 1682 690 von
1701 633 1726 688 F
1728 633 1914 707 eichtingers

1083 741 1195 799 Erben.
1218 741 1308 815 1871.
1325 747 1369 814 4⁰.
1387 738 1425 797 62
1444 759 1474 816 p.
1491 739 1603 813 Verlag
1619 738 1673 795 der
1688 738 1857 795 Direction.

1170 864 1223 921 111.
1244 863 1407 937 Anleitung
1426 881 1479 918 zur
1494 862 1700 935 Bestimmung
1715 859 1770 916 der
1785 858 1914 916 Gattun·

1082 987 1142 1043 gen
1165 969 1219 1024 der
1238 971 1267 1023 in
1285 968 1529 1024 Kremsmiinster
1548 964 1608 1021 und
1625 962 1806 1040 Umgebung
1830 962 1913 1019 wild-

1082 1070 1283 1128 wachsenden
1306 1070 1364 1126 und
1388 1070 1548 1144 allgemein
1573 1068 1746 1127 cultivirten
1766 1068 1913 1124 Pssanzen.

1082 1174 1112 1254 (i.
1137 1195 1163 1232 e.
1189 1172 1375 1232 introductio
1402 1174 1440 1230 ad
1468 1173 1668 1230 describenda
1694 1185 1724 1229 et
1747 1170 1914 1228 definienda

1082 1280 1249 1357 plantarum
1265 1297 1380 1354 genera
1395 1291 1425 1334 et
1440 1279 1570 1354 species,
1587 1295 1666 1352 quae
1682 1278 1711 1332 in
1723 1277 1833 1333 vicinia
1849 1292 1913 1332 mo·

1082 1387 1206 1441 nasterii
1237 1383 1470 1440 Cremisanensis
1497 1396 1555 1438 tam
1587 1382 1616 1437 in
1647 1383 1728 1456 agris
1759 1381 1914 1456 pratisque

1083 1507 1171 1564 quam
1189 1490 1218 1544 in
1235 1489 1330 1545 hortis
1346 1482 1555 1564 inveniuntur.)
1577 1485 1661 1553 Linz,
1678 1484 1764 1541 Fink.
1790 1482 1915 1558 1873—

1088 1593 1177 1666 1874.
1202 1594 1308 1650 Partes
1325 1594 1362 1649 11.
1385 1592 1459 1648 Ρ212
1475 1593 1559 1667 prior
1578 1588 1616 1664 76
1633 1608 1715 1666 pag,
1733 1607 1804 1665 pars
1819 1590 1915 1645 altera

1088 1695 1146 1755 188
1163 1717 1234 1775 pag.
1252 1694 1395 1775 constat.)
1417 1702 1476 1752 12⁰.

1170 1821 1220 1878 IV.
1252 1818 1390 1876 Gunther
1420 1818 1481 1874 und
1508 1819 1595 1875 Irma.
1628 1815 1767 1896 (Carmen
1794 1818 1911 1892 epicum

1082 1925 1120 1981 de
1147 1944 1239 1982 causa
1266 1924 1449 1981 fundationis
1477 1925 1649 1980 monasterii
1677 1920 1913 1980 Cremifanensis

1083 2033 1226 2106 scriptum
1254 2047 1332 2086 anno
1360 2027 1491 2086 iubilaeo
1521 2024 1623 2106 1877.)
1647 2027 1732 2093 Lina,
1758 2026 1843 2083 Fink.
1867 2025 1911 2083 8⁰.

1087 2148 1146 2206 140
1162 2153 1192 2210 p.

1169 2239 1206 2296 V.
1234 2238 1448 2295 Oesterreichs
1472 2236 1646 2312 Huldigung
1673 2256 1725 2292 zur
1747 2237 1836 2292 Feier
1859 2235 1913 2292 der

1083 2342 1235 2400 silbernen
1251 2344 1399 2400 Hochzeit
1414 2343 1499 2398 ihrer
1514 2342 1544 2399 k.
1559 2340 1618 2398 und
1631 2341 1660 2399 k.
1674 2341 1852 2416 Majestaten
1868 2359 1915 2397 am

1084 2462 1134 2519 24.
1151 2446 1238 2524 Αρ111
1258 2447 1348 2521 1879.
1373 2444 1402 2526 (i.
1425 2465 1451 2504 e.
1477 2446 1656 2520 Homagium
1672 2447 1864 2503 Austriacum
1886 2448 1915 2502 10

1083 2551 1282 2608 sollemnitate
1304 2550 1433 2608 iubilaea
1454 2554 1614 2626 coniugum
1634 2549 1785 2629 imperat.)
1811 2551 1915 2607 Druck

1083 2674 1143 2712 von
1157 2655 1275 2731 Johann
1292 2657 1375 2712 Haas
1392 2658 1420 2712 in
1437 2657 1532 2714 Wels.
1550 2654 1593 2713 8⁰.
1609 2657 1724 2731 Verlag
1741 2656 1794 2712 des
1808 2653 1914 2712 Stiftes

1085 2761 1337 2817 Krcmsmfinster.

1171 2864 1220 2921 VI.
1245 2864 1337 2921 Varia
1364 2865 1428 2920 eius
1448 2866 1580 2920 carmina
1607 2866 1723 2920 minora
1751 2867 1911 2940 separatim

1083 2969 1165 3026 edita
1180 2982 1259 3026 sunt.

1170 3073 1235 3130 Vll.
1258 3073 1517 3129 Kremsmiinsters
1533 3070 1915 3147 Petrelacten-Sammlung

1082 3196 1138 3235 aus
1151 3176 1416 3238 Oberdsterreich.
1432 3173 1462 3254 (i.
1476 3195 1502 3234 e.
1516 3176 1663 3234 Collectio
1677 3175 1911 3253 petrefactorum

1084 3301 1121 3340 ex
1137 3282 1260 3339 Austria
1276 3283 1434 3357 superiore
1450 3280 1612 3338 Cremifani
1629 3278 1812 3361 adservata.)
1829 3282 1913 3339 Linz.

1088 3386 1180 3460 1875.

1172 3490 1251 3548 VIIL
1261 3489 1415 3546 Versuche
1428 3487 1503 3545 iiber
1513 3488 1913 3566 Pssanzen-Transpiration.

1084 3591 1114 3672 (i.
1131 3611 1158 3651 e.
1175 3593 1390 3669 Experimenta
1410 3592 1447 3648 de
1468 3595 1703 3669 transpiratione
1725 3592 1915 3674 plantarum.)

1084 3700 1169 3766 Lina,
1191 3696 1281 3771 1876.

1171 3803 1223 3859 ΙΧ.
1255 3801 1515 3877 Phaenologische
1545 3802 1672 3858 Notizen
1703 3821 1756 3859 aus
1787 3804 1910 3859 Krems-

1085 3915 1227 3965 milnster.
1244 3903 1274 3984 (i.
1287 3925 1313 3963 e.
1330 3907 1428 3963 Notae
1444 3904 1706 3985 phaenologicae.)
1722 3907 1755 3963 In
1772 3907 1914 3978 „Limer-

1084 4015 1243 4092 Zeitung“,
1265 4009 1344 4085 1876
1361 4010 1421 4066 und
1442 4007 1534 4084 1877.

1171 4175 1443 4251 Gusenbauer
1481 4185 1694 4250 Rudolfus
1731 4185 1913 4269 (Gottvi-

1085 4306 1240 4387 censis)
1263 4306 1297 4369 in
1318 4305 1484 4368 Thallern
1500 4305 1669 4369 Austriae
1692 4306 1749 4369 die
1771 4312 1821 4370 28.
1838 4308 1911 4370 Ian.

1090 4431 1167 4506 1827
1182 4437 1296 4508 02102,
1309 4427 1482 4489 absolutis
1495 4426 1621 4489 studiis
1633 4428 1914 4509 gymnasialibus

1086 4547 1242 4630 Cremsii,
1266 4569 1292 4611 s.
1308 4549 1432 4611 habitu
1453 4549 1510 4611 die
1528 4553 1578 4611 28.
1596 4546 1696 4631 Sept.
1718 4554 1796 4629 1845
1813 4550 1913 4614 indu·

1085 4681 1152 4752 tua,
1169 4689 1196 4734 s.
1212 4669 1467 4752 professionem
1485 4670 1543 4733 die
1564 4673 1610 4733 15.
1624 4670 1713 4734 Νον.
1732 4675 1812 4750 1840
1830 4672 1913 4734 emi·

1085 4792 1130 4854 sit
1146 4801 1182 4855 et
1199 4792 1256 4854 die
1277 4812 1323 4854 11.
1338 4791 1432 4875 Aug.
1454 4797 1536 4855 1850
1551 4802 1737 4876 neomysta
1753 4795 1799 4856 ad
1816 4814 1912 4858 aram

1085 4913 1195 4977 stetit.
1219 4913 1337 4976 Variis
1361 4912 1487 4976 officiis
1510 4913 1603 4976 domi
1624 4913 1840 4998 fungebatur
1862 4917 1914 4980 uti

1066 5036 1197 5100 ·curati
1213 5035 1249 5099 in
1265 5036 1479 5098 monasterio
1499 5040 1666 5099 1850—56
1688 5047 1727 5130 et
1745 5041 1913 5118 1851—54

1084 5158 1187 5221 simul
1203 5160 1410 5221 catechetae
1427 5159 1568 5221 scholae
1585 5159 1807 5242 parochialis,
1830 5161 1912 5224 dein

1089 5284 1255 5359 1856-60
1282 5278 1495 5362 professoris
1525 5279 1728 5362 theologiae
1758 5282 1912 5363 moralis,

1088 5401 1530 5484 1857-74bibliothecarii,
1545 5406 1713 5482 1857-68
1728 5404 1911 5468 directoris

1653 5521 1685 5559 20
