4178 6196
898 457 1180 526 -533-

174 646 221 704 15.
230 641 304 704 Ian.
319 643 410 722 1840,
424 639 597 702 absolutis
610 600 812 722 Salisburgi
823 640 1003 722 gymnasii

171 763 378 845 disciplinis,
395 762 550 825 novitius
568 784 617 840 24.
635 761 735 842 Sept.
757 767 847 845 1866,
864 762 1002 824 emissis

171 887 264 948 votis
280 885 501 965 simplicibus
513 885 667 947 Romam
680 885 819 966 missus,
832 894 871 948 ut
883 885 919 947 in
933 884 1003 946 col·

170 1008 265 1090 legio
286 1027 313 1070 s.
330 1006 492 1069 Anselmi
516 1005 642 1068 studiis
666 1007 877 1087 theologicis
898 1025 1004 1067 vaca·

172 1140 236 1211 ret,
260 1138 343 1211 post
366 1127 546 1189 biennium
577 1128 758 1209 expetitus
786 1127 821 1189 in
849 1137 1004 1190 montem

172 1250 357 1314 Cassinum
383 1249 664 1331 transmigravit,
688 1249 736 1311 ibi
760 1249 795 1311 in
816 1249 1004 1311 seminario

172 1374 330 1456 linguam
340 1371 514 1434 Graecam
527 1373 704 1434 docturus,
718 1371 870 1453 Neapoli
881 1374 930 1433 26.
940 1370 1004 1433 Iul.

178 1502 258 1574 1870
289 1496 479 1576 presbyter
510 1493 694 1555 ordinatus
722 1493 886 1574 sequenti
913 1509 1006 1553 anno

174 1619 306 1698 redux,
336 1616 462 1678 studiis
493 1614 706 1695 theologicis
732 1613 938 1695 {Salisburgi
971 1621 1008 1674 et

173 1737 399 1820 philologieis
424 1737 458 1798 in
480 1737 573 1799 univ.
591 1735 841 1817 Oenipontana
865 1736 1007 1797 absolu·

172 1861 229 1942 tis,
247 1860 428 1941 professor
449 1858 485 1921 in
503 1859 654 1941 collegio
671 1858 827 1938 archiep.
845 1876 872 1920 s.
890 1856 1007 1919 Caroli

176 1982 383 2045 Borromaei
400 1981 614 2043 constitutus
631 1991 694 2043 est.
722 1979 888 2060 Scripsit:

262 2128 284 2183 I.
302 2126 417 2183 Alcune
438 2126 677 2183 considerazioni
695 2127 814 2180 intorno
835 2123 862 2179 al
879 2123 1008 2179 vocalis-

178 2252 227 2288 mo
250 2249 345 2305 greco
367 2249 424 2286 con
444 2243 552 2286 stretta
573 2243 730 2285 attenenza
751 2228 810 2283 alla
826 2229 923 2283 teoria
939 2226 1007 2282 dell'

174 2348 315 2391 aumento
340 2353 356 2389 e
379 2334 661 2408 raddoppiamento
695 2334 878 2407 impressum
903 2334 931 2386 in
957 2331 1008 2386 Ri-

175 2442 254 2495 vista
285 2438 437 2511 filologica
467 2437 619 2493 letteraria
648 2435 802 2512 publicata
827 2436 865 2491 da
888 2436 921 2492 F.
948 2435 1008 2490 Co-

177 2545 264 2610 razzi‚
283 2542 340 2598 Ad.
359 2541 494 2608 Gemma,
512 2542 544 2596 B.
562 2540 746 2596 Zandonella
768 2540 827 2596 vol.
849 2555 873 2595 1.
899 2559 927 2615 p.
945 2553 1004 2610 321

177 2661 291 2718 -331.
309 2647 432 2703 Verona
454 2644 543 2717 1871.

262 2769 299 2824 ΙΙ.
317 2767 443 2824 Studien
460 2766 536 2823 iiber
552 2766 600 2822 die
617 2769 646 2822 in
663 2766 720 2821 den
731 2767 818 2840 Epen
831 2766 885 2821 des
895 2765 1010 2820 Homer

175 2870 431 2929 vorkommenden
445 2870 711 2926 Nominalstaimme
723 2869 776 2925 aul
790 2872 797 2925 i
812 2869 870 2924 und
884 2888 912 2925 v.
933 2870 1008 2925 Pro-

175 2996 289 3051 gramm
310 2976 364 3031 des
387 2975 406 3030 i.
424 2994 450 3030 e.
468 2976 690 3030 Borromaums.
716 2971 890 3050 (Tractatus
910 2973 1009 3048 philo·

177 3079 315 3159 logicus.)
333 3078 492 3153 Sahbnrg,
518 3078 670 3134 Zaunrith.
692 3076 782 3150 1875.
801 3076 842 3134 8⁰.
862 3075 901 3132 68
919 3096 948 3153 p.

263 3202 314 3257 III.
355 3200 539 3274 Grundztige
579 3202 662 3255 einer
701 3198 1008 3256 wissenschastlichen

178 3305 366 3361 Grammatik
379 3305 432 3360 der
445 3304 654 3378 griechischen
667 3301 814 3378 Sprache.
832 3303 1008 3377 Programm

177 3410 230 3465 des
244 3409 262 3465 f.
274 3429 299 3466 e.
311 3411 532 3465 Borromaums.
551 3405 579 3485 (i.
594 3426 620 3462 e.
636 3406 858 3463 Grammaticae
871 3406 1009 3462 Graecae

178 3510 391 3590 fundamenta.)
408 3510 566 3585 Salzburg‚
577 3511 728 3567 Zaunrith.
748 3510 838 3583 1878.
849 3510 893 3568 8⁰.
911 3526 921 3566 1
933 3510 969 3567 18
979 3530 1008 3586 p.

263 3675 511 3748 Zitterhofer
541 3687 790 3749 Ambrosius
823 3686 1009 3767 (Senten-

177 3803 261 3884 sis)‚
277 3803 439 3865 Viennae
455 3803 491 3865 in
508 3804 656 3866 Austria
678 3804 736 3865 die
754 3826 803 3867 21.
821 3805 907 3867 Maii
929 3809 1009 3884 1824

176 3935 291 4006 natus,
309 3945 387 3987 cum
400 3926 577 4007 gymnasii
594 3927 712 3989 studia
726 3929 821 4008 apud
837 3926 1009 3989 Benedic-

177 4046 462 4111 tino-Scotenses
474 4048 690 4109 absolvisset
703 4048 904 4129 ibidemque
914 4070 940 4110 s.
949 4050 1010 4111 ha·

177 4168 253 4229 bitu
270 4167 327 4229 die
345 4188 396 4230 21.
413 4166 513 4249 Sept.
536 4172 614 4246 1842
634 4179 730 4231 esset
747 4169 905 4250 indutuS‚
927 4178 1010 4232 vota

178 4289 295 4351 emisit
310 4289 495 4352 sollemnia
512 4291 568 4352 die
587 4295 637 4352 28.
656 4290 756 4372 Sept.
776 4295 853 4370 1845
873 4311 1010 4354 necnon

178 4430 322 4473 emenso
336 4412 371 4473 in
383 4412 476 4474 univ.
486 4410 639 4473 Vindob.
654 4433 680 4473 s.
692 4412 896 4494 theologiae
906 4432 1009 4474 cursu

178 4533 327 4613 primam
355 4534 433 4595 Deo
461 4534 595 4614 optimo
624 4534 754 4597 obtulit
782 4536 932 4598 hostiam
960 4535 1010 4597 in·

179 4663 361 4717 cruentam
377 4654 435 4715 die
455 4675 480 4716 1.
498 4656 593 4737 Aug.
615 4661 707 4735 1847.
732 4655 860 4719 Statim
883 4656 1010 4719 deinde

179 4795 284 4836 curae
298 4775 492 4838 animarum
507 4779 681 4860 admotus,
695 4798 774 4840 cum
787 4778 1011 4840 auxiliarium

182 4896 317 4978 egisset
346 4897 381 4958 in
408 4899 577 4960 suburbio
597 4898 724 4963 Vienn.
754 4900 848 4962 dicto
875 4899 1011 4981 Campo

180 5016 369 5080 Scotorum
392 5039 434 5080 66
456 5019 584 5081 deinde
605 5031 872 5102 cooperatorem
890 5020 924 5083 in
941 5021 1012 5104 Eg·

179 5139 342 5221 gendorf‚
353 5138 633 5203 Stammersdorf
642 5151 678 5203 et
691 5140 947 5224 Gumpendorf,
957 5164 1011 5206 a0.

185 5265 260 5322 1861
278 5261 312 5323 in
326 5262 579 5323 monasterium
591 5264 705 5324 redux
717 5271 905 5343 susceptos
915 5263 1012 5325 novi-

179 5383 307 5445 tiorum
320 5383 483 5465 magistri
500 5393 536 5445 et
552 5384 757 5446 clericorum
769 5383 919 5446 rectoris
932 5403 1013 5446 nec-

1082 660 1151 702 non
1175 639 1435 703 bibliothecarii
1461 651 1497 703 et
1521 640 1762 703 ceremoniarii
1785 661 1859 704 rev.
1883 643 1916 705 d.

1083 763 1225 824 abbatis
1241 773 1363 843 partes
1380 763 1527 844 egregie
1543 762 1654 825 tuitus
1671 772 1851 844 estusque
1869 763 1916 825 ad

1083 904 1213 946 annum
1235 889 1324 965 1869,
1343 904 1412 965 quo
1429 885 1574 966 parochi
1595 903 1739 946 munere
1761 884 1795 946 in
1813 884 1916 945 Wat-

1084 1005 1241 1067 zelsdorf
1254 1005 1324 1067 iarn
1339 1025 1404 1086 per
1418 1026 1524 1067 unum
1541 1026 1671 1067 annum
1684 1005 1837 1085 functuS,
1855 1025 1918 1085 pa·

1084 1130 1213 1190 rochus
1239 1128 1273 1188 in
1295 1128 1355 1191 Kl.
1373 1127 1597 1208 Engersdorf
1617 1137 1672 1189 est
1698 1127 1917 1209 designatus

1086 1271 1192 1330 quam
1208 1249 1427 1330 provinciam
1444 1271 1556 1331 usque
1574 1252 1689 1312 adhuc
1706 1249 1867 1311 sustinet.

1091 1393 1093 1397 ’
1174 1371 1287 1453 Typis
1304 1371 1429 1433 edidit:

1122 1545 1125 1551 .
1175 1499 1196 1554 Ι.
1223 1498 1283 1554 Zur
1307 1496 1533 1554 Secundizseier
1557 1496 1605 1553 Sr.
1628 1496 1839 1553 Hochwiirden
1866 1497 1919 1551 des

1088 1604 1186 1658 Herrn
1202 1602 1234 1657 P.
1252 1600 1380 1657 Severin
1397 1600 1491 1667 Fab0‚
1517 1601 1654 1657 Plarrers
1678 1621 1714 1656 zu
1741 1598 1923 1674 Eggendorf

1088 1709 1126 1762 im
1143 1706 1250 1771 Thale,
1268 1724 1314 1762 am
1337 1704 1382 1762 18.
1397 1706 1470 1781 Apr.
1489 1705 1578 1777 1852.
1596 1702 1626 1782 (i.
1637 1724 1663 1761 e.
1678 1705 1808 1760 Carmen
1820 1703 1918 1760 lestiv.

1088 1829 1145 1886 pro
1162 1807 1320 1888 secundit.)

1175 1914 1213 1969 II.
1231 1914 1418 1970 Concioncs:
1442 1913 1566 1987 Predigt
1590 1932 1636 1969 arn
1663 1915 1755 1970 Feste
1776 1912 1830 1968 des
1852 1913 1920 1967 heil.

1088 2018 1229 2094 Leopold
1252 2020 1281 2072 in
1298 2018 1350 2072 der
1367 2018 1532 2091 Collegiat·
1557 2017 1615 2073 und
1640 2015 1921 2092 Stadtpfarrkirche

1088 2124 1141 2179 des
1159 2142 1223 2196 reg.
1241 2123 1291 2178 lat.
1309 2121 1602 2177 Chorherrenstiltes
1619 2121 1673 2177 des
1689 2121 1757 2176 heil.
1771 2121 1921 2194 Augustin

1089 2248 1125 2283 zu
1146 2225 1408 2299 Klosterneuburg
1429 2244 1475 2280 am
1503 2239 1548 2297 15.
1567 2227 1643 2281 Nov.
1666 2223 1756 2296 1864.
1782 2226 1922 2280 Korneu·

1088 2330 1177 2404 burg,
1195 2333 1275 2406 typis
1293 2331 1340 2385 Fr.
1359 2328 1513 2404 thkopi.
1538 2363 1581 2370 —
1605 2328 1728 2402 Predigt
1748 2347 1794 2383 am
1818 2327 1923 2382 Patro·

1089 2435 1234 2491 natsfeste
1257 2433 1311 2490 des
1338 2434 1496 2489 Kranken-
1520 2433 1579 2489 und
1603 2432 1922 2489 Pensions-Institutes

1090 2539 1136 2594 fiir
1159 2538 1467 2612 Handlungscommis
1491 2539 1521 2592 in
1538 2539 1637 2594 Wien.
1660 2537 1804 2601 Viennae,
1831 2533 1921 2600 1868,

1090 2645 1169 2719 typis
1186 2661 1291 2716 congr.
1309 2642 1450 2698 Mechith.

1177 2748 1229 2803 111.
1248 2744 1457 2802 Gedenkbuch
1474 2746 1528 2801 der
1541 2744 1645 2801 Plarre
1660 2744 1706 2800 Kl.
1720 2741 1920 2818 Engersdorf.

1089 2851 1117 2929 (i.
1132 2872 1157 2908 e.
1176 2852 1430 2908 Commentarium
1449 2849 1571 2905 delatis
1588 2848 1740 2923 rebusque
1757 2848 1920 2924 parochiae

1089 2954 1283 3031 Engersdorf
1296 2956 1403 3009 Minor.
1422 2953 1650 3027 diligentissime
1667 2948 1842 3028 exaratum.)
1865 2951 1920 3005 Ms.

1090 3063 1118 3115 in
1134 3066 1176 3131 4⁰.
1201 3059 1329 3115 Adserv.
1355 3059 1383 3112 in
1407 3058 1520 3113 archiv.
1542 3058 1706 3133 parochiae
1729 3052 1924 3130 Engersdorf

1090 3166 1196 3220 Minor.

1176 3309 1305 3383 Zobel
1344 3319 1544 3381 Placidus
1584 3317 1922 3398 (Mariaemonta-

1089 3444 1191 3519 nus)‚
1214 3448 1318 3499 natus
1335 3438 1370 3499 in
1388 3438 1536 3500 Schwaz
1557 3441 1607 3498 30.
1626 3437 1712 3498 Dec.
1734 3441 1825 3516 1756,
1849 3445 1922 3497 stu-

1090 3561 1158 3622 diis
1173 3559 1461 3642 gymnasiasticis
1476 3556 1686 3639 Salisburgi‚
1704 3557 1922 3637 philosophi·

1073 3682 1142 3744 ·cis
1160 3681 1362 3761 Oeniponte
1379 3680 1552 3742 absolutis
1574 3684 1620 3743 15.
1636 3679 1715 3743 Oct.
1733 3685 1812 3758 1768
1830 3680 1923 3741 ordi·

1089 3824 1169 3866 nem
1186 3803 1370 3883 ingressus
1387 3813 1451 3865 est.
1475 3801 1570 3864 Vota
1588 3801 1772 3863 sollemnia
1793 3823 1818 3864 1.
1832 3801 1921 3863 Nov.

1094 3932 1175 4004 1769
1193 3925 1320 4005 emisit,
1338 3926 1506 3986 sacerdos
1524 3923 1682 3986 initiatus
1699 3933 1754 3985 est
1772 3930 1821 3985 26.
1835 3923 1921 3984 Dec.

1095 4053 1185 4127 1773.
1211 4046 1336 4109 Finitis
1358 4068 1441 4109 mox
1462 4046 1590 4109 studiis
1611 4046 1827 4108 erudiendae
1850 4055 1922 4105 stu-

1090 4170 1213 4232 diosae
1237 4170 1413 4232 iuventuti
1437 4169 1531 4231 etin
1555 4168 1769 4230 monasterio
1790 4176 1826 4228 et
1848 4165 1923 4227 Me-

1090 4293 1166 4354 rani
1184 4291 1364 4354 adhibitus
1381 4291 1458 4372 ipse
1476 4290 1584 4370 polita
1600 4297 1636 4350 et
1649 4297 1768 4349 orator
1781 4288 1923 4350 celeber

1091 4415 1181 4475 adeo
1205 4413 1387 4492 excelluit,
1416 4422 1524 4493 atque
1552 4412 1658 4471 dese
1683 4428 1806 4470 omnes
1830 4411 1922 4469 bene

1090 4554 1237 4615 sperare
1257 4534 1352 4614 fecit,
1379 4544 1418 4595 ut
1443 4553 1489 4593 12.
1508 4532 1601 4613 Aug.
1624 4534 1702 4610 1782
1728 4528 1839 4592 infula
1862 4529 1923 4590 ab·

1090 4657 1214 4719 batiali
1231 4656 1278 4719 sit
1294 4657 1494 4719 decoratus.
1519 4654 1591 4718 Sed
1605 4653 1744 4716 sarcina
1755 4655 1844 4714 haec
1857 4650 1923 4712 fuit

1091 4790 1144 4840 tot
1168 4779 1346 4840 aerumnis
1370 4778 1514 4858 inferta,
1543 4786 1582 4838 ut
1608 4784 1690 4856 post
1714 4773 1923 4855 omnigenas

1091 4899 1261 4979 temporis
1274 4899 1428 4979 iniurias²
1439 4908 1521 4980 post
1530 4916 1630 4959 suam
1641 4895 1753 4975 ipsius
1766 4913 1923 4956 suorum-

1093 5040 1161 5102 que
1185 5039 1232 5081 ex
1255 5021 1470 5083 monasterio
1492 5017 1712 5098 eiectionem,
1738 5027 1821 5099 post
1837 5035 1923 5077 suae

1093 5141 1325 5222 supellectilis
1343 5140 1467 5204 Sebati
1485 5140 1657 5223 (Schwaz)
1676 5135 1924 5219 conflagratio-

1093 5283 1173 5325 nem
1190 5274 1256 5326 etc.
1279 5264 1419 5326 demum
1437 5284 1458 5325 a
1474 5259 1707 5344 quadriennio
1731 5258 1784 5320 sui
1809 5258 1923 5340 impos

1094 5404 1186 5446 anno
1203 5385 1332 5446 aetatis
1346 5389 1397 5447 65.
1423 5406 1472 5462 ²9·
1486 5384 1559 5445 Ian.
1578 5385 1657 5444 1815
1671 5378 1810 5442 Merani
1823 5400 1850 5442 s.
1864 5398 1925 5441 ex·
