4208 6194
828 448 1158 518 ·-405-

147 635 299 714 Scherer.)
321 637 442 694 Prostat
462 636 542 712 apud
558 636 677 694 Herder
693 636 832 712 Friburgi
850 639 878 693 in
895 638 975 692 Bris·
1014 644 1018 778 J
1142 631 1226 713 Ipse
1239 651 1308 693 non
1325 633 1448 713 solum,
1467 643 1504 695 ut
1517 652 1624 713 supra
1635 632 1886 714 (videAdrian.

146 743 246 814 timia·
278 741 380 797 8V01·
406 743 434 797 in
460 740 502 797 3⁰·
530 739 712 806 lsssssbsucks
743 740 832 814 1853·
861 740 974 818 Appas·
1057 753 1221 835 Gretsch)
1236 766 1547 818 commemoratum
1561 765 1626 837 est,
1640 754 1828 819 conciones
1840 756 1887 817 ab

146 858 207 900 tres
224 844 382 901 ⁰d¹t¹0¹¹08·
1056 877 1116 987 illo
1132 876 1362 939 celeberrimo
1378 877 1479 940 verbi
1496 877 1606 939 divini
1627 896 1805 959 praecone
1826 877 1887 938 ha-

233 981 289 1042 EX
314 982 438 1043 ‘³0de
461 1000 569 1062 Opere
586 981 732 1043 semim
750 981 975 1061 impressum
1055 998 1150 1061 bitas
1171 1019 1307 1061 summa
1332 1020 1411 1063 cum
1435 999 1621 1082 diligentia
1644 999 1887 1080 industriaque

232 1126 267 1183 V.
292 1125 510 1182 Homiletische
532 1125 703 1199 Erklarung
727 1125 800 1181 aller
824 1126 975 1199 evangeli·
1057 1121 1202 1203 collegit
1223 1132 1330 1202 atque
1351 1122 1448 1203 typis
1470 1122 1627 1184 edendas
1651 1121 1798 1202 curavit,
1823 1122 1887 1182 sed

145 1230 238 1285 50¹¹OE
254 1230 276 1284 Ρ
279 1229 434 1305 erikopen.
453 1226 482 1306 (i-
496 1247 522 1284 θ·
536 1230 685 1304 Exegesis
701 1230 831 1285 Omnium
844 1248 976 1304 evange·
1057 1243 1163 1305 etiam
1194 1245 1314 1324 plures
1342 1265 1363 1305 a
1390 1263 1428 1305 se
1456 1244 1606 1306 diversis
1639 1242 1887 1306 occasionibus

146 1333 250 1390 ¹¹⁰s¹¹¹¹¹
268 1348 360 1389 tonus
377 1352 455 1389 ³⁰⁰¹·
482 1349 498 1390 ²
517 1334 576 1390 ‘¹⁰¹'
1055 1366 1197 1429 habitas
1219 1366 1398 1429 orationes
1419 1365 1678 1447 concionesque
1701 1364 1799 1447 typis
1827 1366 1887 1425 de-

232 1438 282 1494 Vl.
300 1439 485 1495 Passionale.
508 1453 519 1494 1
540 1439 599 1494 vol.

231 1543 297 1600 VH·
315 1543 614 1618 Exempel-Lexicon
628 1542 674 1599 ,fir
686 1542 831 1617 Prediger
843 1541 902 1597 und
914 1543 975 1598 Ka·
1057 1489 1249 1551 mandavit.
1266 1489 1460 1550 Praeterea
1476 1488 1603 1549 librum
1617 1506 1761 1569 precum
1776 1486 1887 1548 edidit

147 1646 294 1702 recheten.
312 1644 341 1724 (i.
361 1667 387 1703 e.
405 1647 542 1704 Lexicon
559 1648 764 1723 exemplorum
781 1665 837 1723 pro
854 1648 975 1703 concio·
1014 1680 1016 1697 ,
1056 1612 1123 1673 snb
1140 1612 1260 1674 imum

146 1749 975 1829 natoribusetcatechetis.)lnnsbrucl1‚Wagncr.1871.
1144 1773 1165 1828 1·
1191 1773 1346 1828 psommer
1369 1772 1476 1828 (ΜΒ,
1502 1771 1558 1827 Ei„
1580 1770 1696 1828 Gebet·
1716 1771 1775 1826 und
1792 1770 1887 1825 wall.

146 1855 267 1911 DCVOC
284 1856 544 1932 Opeseusquead
561 1869 687 1912 mOstem
705 1857 838 1912 auctoris
855 1855 976 1931 Ps⁰die·
1056 1876 1230 1934 sahrtsbuch
1255 1877 1301 1933 fiir
1324 1876 1503 1951 andachtige
1527 1876 1668 1932 Christen
1697 1875 1756 1930 und
1784 1874 1886 1930 wahre

145 1973 213 2016 runt
241 1959 299 2015 ‘1¹¹⁰
327 1960 487 2015 mmmm
524 1960 650 2016 Restant
681 1959 795 2016 edenda
827 1959 886 2015 ‘¹¹¹⁰
918 1959 976 2014 alia
1055 1982 1207 2038 Verehrer
1218 1983 1359 2037 Mariens
1378 1997 1388 2036 1
1407 1981 1466 2037 vol.
1480 1981 1623 2045 Viennae,
1642 1982 1721 2056 typis
1735 1993 1765 2034 et
1777 1992 1885 2054 sumpt.

145 2064 308 2129 V⁰l¹¹mi¹¹³v
337 2082 416 2138 (luae
445 2062 686 2140 c⁰¹¹³l³l¹²²bu¹¹t¹¹s
713 2082 730 2119 ³
759 2062 975 2139 capimiasibus
1055 2086 1331 2162 LeopoldiGrund.
1349 2086 1423 2141 Cum
1442 2087 1570 2159 imagine
1583 2085 1709 2159 virginis
1725 2085 1885 2158 Deiparae.

145 2166 384 2225 FlssChtenSlbus·
1142 2210 1179 2265 11.
1196 2209 1367 2265 Contiones
1381 2209 1459 2283 typis
1472 2207 1584 2263 editae:
1603 2206 1664 2281 Bey
1677 2205 1885 2279 Gelegenheit,

232 2331 446 2406 Scherlich
462 2344 703 2425 Leopoldus
721 2342 974 2426 (sewensis),
1013 2334 1016 2357 ¹
1055 2313 1099 2369 als
1123 2312 1177 2368 der
1200 2315 1228 2368 in
1253 2312 1306 2368 der
1326 2308 1430 2368 Psarre
1447 2309 1491 2367 St.
1510 2312 1646 2367 Laurenz
1670 2312 1707 2365 im
1725 2307 1886 2366 Schotten·

356 2460 378 2475 ,.
514 2461 520 2475 .
704 2463 710 2475 .
1057 2418 1134 2475 felde
1151 2416 1303 2492 gebildete
1324 2431 1404 2473 erste
1426 2418 1608 2491 organisirte
1624 2412 1886 2470 Kirchen·Musik·

146 2471 250 2523 natus
268 2471 322 2523 est
334 2460 360 2521 V
370 2480 495 2524 lennae
511 2482 548 2524 1n
565 2464 736 2525 suburb1o
750 2482 877 2544 campo
890 2461 975 2526 Sco-

1056 2525 1158 2578 verein
1176 2522 1281 2578 Wiens
1298 2541 1344 2577 arn
1361 2522 1451 2577 Feste
1468 2520 1522 2577 der
1539 2520 1606 2576 heil.
1624 2520 1737 2576 Cacilia
1753 2519 1807 2573 das
1824 2531 1885 2573 sta·

1056 2629 1271 2700 tutenmassige
1296 2625 1444 2682 Danksest
1468 2625 1591 2699 beging.
1621 2624 1764 2688 Viennae,
1795 2620 1884 2695 1829,

144 2704 288 2767 indutus
301 2705 359 2767 die
377 2710 424 2768 ¹8·
438 2704 538 2787 sept·
558 2712 648 2788 1814,
661 2718 746 2770 V0t³
759 2707 976 2770 sonemnitel'
1013 2722 1016 2731 ’
1057 2746 1118 2807 typ.
1135 2731 1248 2804 Congr.
1265 2730 1406 2786 Mechith.
1430 2763 1473 2771 —
1495 2729 1551 2784 Am
1568 2729 1659 2784 Feste
1680 2727 1734 2783 der
1756 2726 1886 2800 heiligen

146 2593 260 2645 torum
279 2582 335 2644 die
349 2604 378 2662 9.
389 2582 478 2647 Nov.
494 2604 584 2663 1794.
602 2582 637 2647 S.
650 2584 775 2647 habitu
788 2604 867 2647 cum
880 2593 976 2647 esset

145 2827 260 2889 emisit
278 2831 305 2890 5.
325 2825 403 2890 Oct.
423 2833 512 2908 1817.
536 2829 623 2892 Erat
640 2850 682 2892 eo
699 2840 858 2910 tempore
875 2840 976 2893 tanta
1056 2834 1222 2892 Elisabeth.
1239 2835 1384 2900 Viennae,
1407 2833 1496 2905 1831,
1520 2834 1599 2909 typis
1621 2850 1725 2906 congr.
1743 2829 1884 2886 Mechith.

145 2951 369 3011 sacerdotum
387 2950 421 3012 in
435 2952 651 3014 monasterio
664 2952 705 3014 Β,
718 2952 822 3015 M,V‚'
834 2954 880 3014 ad
890 2950 976 3015 500.
1055 2974 1098 2982 —
1123 2940 1223 2998 Ueber
1250 2940 1306 2996 den
1336 2940 1434 2995 hohen
1457 2938 1565 2994 Werth
1593 2937 1647 2992 der
1674 2934 1885 2992 Kleinkinder·

1055 3045 1189 3101 schulen.
1214 3045 1357 3110 Viennae,
1387 3041 1477 3114 1831,
1503 3056 1565 3118 typ.
1592 3054 1622 3097 et
1646 3054 1754 3118 sumpt.
1780 3058 1884 3112 congr.

1055 3149 1195 3206 Mechith.
1220 3182 1262 3191 —
1277 3146 1350 3222 'Bey
1367 3147 1581 3221 Gelegenheit,
1606 3145 1650 3202 als
1671 3145 1718 3201 die
1739 3144 1885 3201 Chnlera·

1055 3253 1214 3309 krankheit
1226 3253 1292 3309 dem
1302 3251 1484 3308 Vaterlande
1496 3251 1613 3306 drohte.
1631 3250 1774 3314 Viennae,
1793 3247 1884 3319 1831,

1055 3373 1118 3434 typ.
1136 3377 1240 3432 congr.
1259 3357 1399 3414 Mechith.
1425 3389 1462 3397 —
1491 3354 1591 3413 Ueber
1617 3355 1664 3411 die
1688 3361 1885 3429 ungesaumte

143 3442 326 3520 Sbytefum
353 3439 508 3501 ordinari
535 3439 640 3520 Petiit
667 3451 703 3502 θῗ
733 3441 885 3504 Obiissust
916 3442 974 3504 die
1055 3462 1299 3539 Krankenpssege
1330 3460 1378 3516 bei
1414 3460 1466 3516 der
1497 3458 1722 3515 verheerenden
1755 3456 1884 3533 Sewhe.

144 3566 194 3623 30.
205 3562 300 3643 Aug.
316 3565 404 3622 1818.
423 3560 549 3622 Finitis
567 3561 692 3623 studiis
711 3566 791 3624 1820
806 3563 841 3624 in
855 3582 974 3625 curam
1053 3567 1197 3629 Viennae,
1215 3565 1305 3637 1831,
1323 3579 1385 3640 typ.
1403 3578 1433 3621 et
1445 3578 1553 3640 sumpt.
1569 3583 1674 3639 congr.
1688 3562 1828 3619 Mechith.
1842 3594 1885 3602 -

136 3682 338 3745 ‚animasum
356 3683 511 3745 directus
528 3693 583 3745 est
599 3684 749 3765 primum
763 3695 975 3766 cooperatffl·
1012 3710 1015 3745 ,
1053 3674 1267 3746 Vorgetragen
1279 3690 1314 3725 zu
1324 3669 1474 3726 Mariazell
1490 3673 1519 3725 in
1532 3668 1726 3725 Steiermark.
1739 3668 1884 3734 Viennae,

1059 3775 1149 3848 1832,
1167 3789 1228 3851 typ.
1242 3793 1347 3849 congr.
1361 3774 1501 3830 Mechith.
1519 3807 1561 3814 —
1578 3773 1633 3829 Am
1647 3774 1737 3828 Feste
1749 3770 1803 3827 der
1815 3770 1883 3826 heil.

1054 3880 1170 3938 Ursula.
1200 3880 1348 3944 Viennae,
1377 3879 1467 3950 1832,
1499 3892 1561 3953 typ.
1590 3890 1619 3933 et
1643 3891 1751 3952 sumpt.
1777 3893 1882 3948 congr.

1054 3986 1193 4042 Mechith.
1219 4017 1258 4025 —
1285 3983 1340 4038 Am
1358 3980 1667 4038 Restaurationsseste
1690 3980 1743 4036 des
1759 3979 1885 4036 Wiener

1053 4089 1296 4165 Bdrgerspitales
1323 4107 1358 4143 zu
1383 4085 1427 4143 St.
1452 4086 1586 4142 Markus.
1615 4086 1763 4150 Viennae,
1793 4082 1883 4155 1834,

1055 4209 1116 4271 typ.
1139 4208 1168 4251 et
1188 4207 1297 4269 sumpt.
1316 4193 1413 4267 Leop.
1431 4190 1545 4247 Grund.
1570 4223 1613 4231 —
1636 4190 1691 4245 Am
1716 4190 1806 4245 Feste
1830 4188 1883 4243 des

143 3081 200 3134 tos
212 3072 372 3153 penuria,
386 3083 424 3135 ut
437 3073 547 3135 cultui
560 3074 680 3136 divino
694 3085 864 3137 consueto
878 3094 975 3137 more

144 3196 308 3256 obeundo
318 3214 388 3256 non
399 3192 613 3257 sufficerent.
630 3194 749 3275 Quare
762 3196 867 3258 tertio
876 3198 975 3259 theo-

144 3317 261 3399 logiae
278 3336 371 3379 anno
389 3317 552 3379 absoluto
575 3337 655 3380 eum
671 3320 785 3381 abbas
807 3318 875 3381 sibi
896 3338 975 3400 pre·

143 3805 178 3866 in
200 3806 355 3887 Pulkau,
380 3806 508 3868 deinde
539 3807 573 3869 in
597 3807 768 3869 suburbio
793 3805 974 3888 Gumpen·

144 3927 225 4012 dors
244 3933 334 4010 1824,
352 3929 492 3990 demum
514 3932 591 4008 1827
615 3928 649 3990 in
670 3930 838 4011 parochia
855 3949 974 3992 mona·

144 4050 242 4112 sterii
252 4050 364 4113 curati
374 4051 678 4114 etconcionatoris
688 4072 832 4114 munere
843 4072 973 4135 magna

144 4192 223 4234 cum
247 4173 352 4234 laude
374 4185 428 4234 est
448 4171 600 4236 functus.
626 4172 768 4237 Sodalis
791 4175 973 4238 societatis

145 4295 393 4358 oeconomicae
403 4295 564 4357 Viennae
582 4300 661 4374 1834
675 4295 801 4378 factus,
818 4316 910 4358 anno
923 4297 973 4358 in·
1054 4301 1122 4356 heil.
1140 4301 1265 4375 Rupert.
1290 4299 1433 4362 Viennae,
1456 4294 1546 4367 1834,
1568 4310 1630 4370 typ.
1653 4295 1749 4369 Leop.
1767 4291 1883 4349 Grund.

145 4427 318 4500 sequente
349 4418 555 4499 parochiam
586 4418 621 4479 in
652 4417 977 4501 Kleinengefsdorf
1054 4407 1171 4460 —Zur
1187 4402 1412 4460 Secundizleier
1427 4399 1524 4479 (conc.
1538 4395 1697 4474 secundit.)
1714 4398 1767 4453 des
1779 4399 1811 4453 P.
1822 4397 1884 4452 Ro·

1054 4528 1121 4564 man
1138 4508 1252 4564 Mittich
1271 4526 1298 4562 o.
1316 4507 1390 4591 se.
1414 4505 1557 4570 Viennae,
1584 4503 1675 4575 1834,
1700 4517 1761 4578 typ.
1784 4502 1881 4575 Leop.

144 4663 218 4726 Iun.
240 4667 320 4724 1838
343 4662 379 4724 in
400 4661 651 4724 monasterium
675 4665 799 4744 redux,
823 4663 973 4725 novitio.
1054 4612 1169 4669 Grund.

145 4561 224 4602 cum
235 4540 440 4602 oeconomia
451 4540 696 4603 administrare
706 4541 834 4623 coepit.
848 4541 973 4603 Mense

143 4805 219 4847 rum
236 4785 407 4867 magister
423 4795 459 4847 et
475 4796 591 4847 rector
604 4785 809 4848 clericorum
823 4805 888 4867 per
901 4797 973 4847 tres
1140 4776 1325 4850 Scheuer
1344 4786 1538 4848 Leander
1563 4786 1882 4868 (Altenburgen-

145 4928 255 4970 annos
269 4927 348 4969 cum
360 4906 497 4988 fuisset,
514 4927 633 4970 rursus
646 4908 840 4971 animarum
854 4927 972 4970 curam
1012 4932 1014 4986 7
1054 4907 1134 4988 sis),
1151 4906 1387 4968 Vindobonae
1410 4906 1446 4968 in
1470 4905 1618 4969 Austria
1643 4906 1700 4968 die
1724 4910 1753 4968 3.
1777 4904 1881 4966 Mart.

144 5031 302 5112 satisque
331 5031 483 5111 amplam
512 5030 753 5093 oeconomiam
782 5040 908 5094 nactus
937 5030 973 5094 in
1059 5033 1140 5107 1750
1156 5038 1270 5109 natus,
1292 5047 1318 5090 s.
1336 5028 1460 5091 habitu
1481 5029 1538 5090 die
1561 5032 1611 5090 28.
1629 5026 1708 5090 Oct.
1730 5033 1809 5106 1769
1831 5028 1882 5090 in*

145 5153 398 5235 Gaunersdorf,
416 5153 451 5215 in
468 5174 604 5215 summa
616 5164 651 5216 et
665 5154 832 5216 continua
844 5154 972 5217 sollici·
1054 5153 1170 5232 dutus,
1188 5152 1313 5213 eodem
1330 5151 1387 5212 die
1403 5151 1486 5213 anni
1503 5171 1584 5230 1770
1602 5151 1785 5213 sollemnia
1796 5163 1881 5214 vota

144 5277 265 5339 tudine
290 5277 400 5339 vitam
424 5277 615 5358 transegit,
640 5278 752 5339 donec
777 5297 870 5340 mors
894 5298 973 5341 eum
1054 5274 1180 5355 emisit,
1207 5283 1242 5336 et
1263 5273 1462 5336 sacerdotio
1486 5273 1732 5356 inauguratus,
1756 5275 1813 5337 die
1834 5296 1881 5339 12.

143 5400 292 5463 abstulit
309 5401 366 5462 die
384 5404 411 5461 5.
430 5397 529 5480 Sept.
552 5404 641 5462 1852.
1054 5398 1142 5477 Apr.
1161 5402 1239 5477 1773
1257 5397 1407 5478 primum
1423 5397 1552 5467 missae
1568 5396 1778 5460 sacrificium
1791 5399 1882 5462 cele-
