4178 6196
920 468 962 476 —
1008 432 1139 493 XXVI
1185 469 1227 478 —

208 656 430 739 principibus
446 658 546 739 large
564 658 861 737 concedebantur,
877 667 951 719 tum
968 677 1010 719 ea
1027 676 1064 719 re
1081 661 1335 740 augescebant,
1361 659 1456 738 quod
1473 657 1622 739 singulis
1638 659 1862 722 monasteriis
1879 661 1947 722 viri

208 807 409 880 praeerant,
434 797 493 878 qui
517 797 633 860 animo
657 796 871 859 sanctissimi
894 797 1006 878 patris
1030 796 1166 878 perfusi
1190 806 1226 860 et
1249 796 1453 860 muneribus
1477 796 1551 860 suis
1574 796 1802 879 integerrime
1818 797 1946 882 funge-

209 939 340 999 bantur
363 945 399 998 et
420 933 538 997 officia
565 934 713 998 fratrum
744 936 927 1017 sapienter
955 937 1203 1017 disponebant.
1243 937 1349 999 Tales
1379 936 1522 999 fuerunt
1545 936 1749 1000 Fridericus
1773 939 1817 1000 de
1842 939 1946 1019 Aich,

210 1076 268 1158 qui
292 1075 506 1138 monasterio
523 1095 549 1136 s
568 1074 718 1157 Agapiti
735 1074 991 1138 Cremifanensi
1014 1076 1095 1156 plus
1111 1086 1192 1158 octo
1211 1078 1324 1138 lustra
1340 1077 1580 1158 (1273-1325)
1596 1076 1751 1158 praefuit
1767 1077 1947 1140 subditos-

210 1236 279 1298 que
303 1215 511 1296 disciplinae
535 1215 690 1296 regulari
715 1214 907 1277 assuefecit
923 1216 955 1294 ¹).
996 1215 1131 1277 Eodem
1159 1215 1276 1278 animo
1305 1215 1462 1277 imbutus
1485 1225 1562 1277 erat
1586 1215 1788 1278 Fridericus
1811 1216 1856 1280 II.
1886 1216 1948 1297 qui

210 1356 242 1417 ei
266 1355 448 1417 successit.
495 1353 562 1415 His
593 1353 724 1415 similes
748 1363 830 1416 sunt
852 1354 1069 1435 Rudolphus
1101 1355 1339 1436 (κω-1290)
1372 1365 1408 1416 et
1440 1353 1677 1417 Gundacarus
1706 1357 1946 1436 (1318-1324)

209 1492 544 1573 Seitenstadienses,
575 1491 634 1572 qui
661 1491 798 1553 animos
829 1511 898 1554 non
931 1492 1043 1554 solum
1075 1493 1120 1553 ad
1151 1493 1267 1574 legem
1298 1505 1458 1555 sanctam
1490 1493 1557 1555 rite
1589 1494 1849 1556 observandam
1882 1495 1947 1556 sed

209 1633 316 1696 etiam
333 1634 379 1695 ad
396 1651 502 1714 agros
519 1631 687 1693 colendos
704 1640 956 1693 converterunt
970 1630 1003 1710 ²).
1035 1630 1168 1693 Melicii
1183 1632 1250 1693 hoc
1266 1641 1426 1712 tempore
1442 1630 1633 1694 Udalricus
1646 1633 1689 1695 II.
1704 1634 1945 1714 (1300-132-4)

209 1791 317 1853 super
340 1781 478 1833 ceteros
502 1771 680 1833 excelluit.
719 1770 798 1850 Hic,
822 1789 902 1831 cum
925 1770 1063 1831 nobiles
1079 1770 1260 1832 Austriaci
1277 1790 1392 1832 rerum
1410 1791 1580 1834 novarum
1597 1771 1718 1854 cupidi
1736 1772 1947 1835 seditionem

210 1911 419 1990 excitarent,
443 1929 585 1991 semper
608 1930 686 1972 cum
703 1909 864 1992 principe
880 1909 1040 1991 legitimo
1056 1909 1141 1973 fecit
1165 1920 1201 1972 et
1221 1910 1411 1991 seditiosis,
1436 1911 1496 1992 qui
1521 1913 1772 1975 monasterium
1789 1912 1948 1994 praediis

209 2051 285 2113 eius
308 2049 459 2113 vastatis
483 2049 709 2129 obsidebant,
741 2048 881 2111 fortiter
911 2049 1043 2112 restitit
1056 2049 1090 2129 ³).
1130 2051 1255 2130 Neque
1284 2049 1402 2114 Scotis
1426 2049 1764 2112 Vindobonensibus
1795 2053 1948 2113 abbates

210 2188 349 2271 egregii
379 2187 577 2250 defuerunt.
612 2187 652 2248 In
677 2187 804 2267 quibus
828 2186 1022 2268 praecipue
1049 2187 1284 2249 nominandus
1311 2198 1367 2251 est
1390 2186 1599 2250 Guilielmus
1623 2189 1666 2251 ΙΙ.
1695 2190 1947 2270 (1286-1309),

211 2327 270 2408 qui
293 2335 442 2408 propter
465 2325 636 2407 pietatem
659 2336 695 2387 et
719 2327 873 2389 studium
897 2326 1096 2408 principum
1120 2328 1468 2409 Habsburgensium,
1500 2329 1546 2389 ad
1576 2348 1664 2408 quos
1693 2334 1771 2390 1282
1797 2349 1946 2411 regnum

210 2465 439 2528 Austriacum
461 2465 617 2528 delatum
634 2473 720 2543 erat,
745 2464 897 2527 omnium
918 2466 1121 2527 voluntates
1145 2465 1212 2527 sibi
1237 2465 1449 2528 conciliavit.
1489 2466 1541 2527 Eo
1558 2468 1791 2547 deprecatore
1808 2468 1948 2530 civibus

209 2604 558 2685 VindobonensibuS,
583 2604 642 2685 qui
667 2603 841 2667 seditione
857 2613 985 2685 parata
1000 2606 1046 2666 ab
1063 2603 1273 2666 Albrechtio
1288 2604 1315 2666 Ι.
1338 2605 1501 2685 oppressi
1518 2614 1629 2685 erant,
1653 2605 1747 2668 iusta
1763 2616 1800 2669 et
1816 2610 1949 2669 acerba

209 2764 327 2826 poena
359 2744 560 2806 condonata
592 2752 647 2806 est
661 2745 695 2824 4).
742 2741 912 2807 Similiter
946 2742 1031 2805 clari
1066 2753 1167 2805 erant
1199 2743 1384 2806 Conradus
1416 2742 1671 2806 Lambacensis
1706 2748 1946 2827 (1280—1291)

209 2892 347 2946 amator
381 2882 528 2946 fratrum
564 2882 835 2965 cognominatus
849 2883 890 2962 ⁵),
927 2880 1147 2944 Christianus
1178 2881 1472 2962 Lunaelacensis,
1505 2883 1534 2944 F
1537 2882 1708 2945 ridericus
1740 2883 1947 2946 Garstensis

179 3022 460 3104 ·(1261—-1282).
507 3022 623 3084 Etiam
653 3021 867 3084 monasterio
900 3041 926 3082 s
951 3020 1050 3082 Petri
1073 3019 1337 3103 Salisburgensi
1369 3020 1536 3103 egregios
1568 3020 1765 3102 praefuisse
1795 3024 1948 3085 abbates

209 3181 322 3223 exeo
346 3163 471 3242 elucet,
498 3162 594 3241 quod
618 3170 701 3223 tunc
725 3159 918 3241 praecipue
941 3158 1153 3221 bonafama
1177 3161 1353 3221 utebatur.
1393 3160 1562 3241 Magnam
1593 3180 1678 3223 vero
1709 3162 1850 3223 laudem
1879 3161 1948 3223 sibi

209 3300 337 3363 meruit
360 3301 565 3363 Dietmarus
589 3301 632 3363 ΙΙ.
658 3300 895 3381 (1270-1288)
921 3309 1028 3362 antea
1051 3301 1164 3361 abbas
1180 3298 1475 3379 MillstadtiensiS,
1501 3299 1560 3379 qui
1584 3319 1654 3360 non
1678 3300 1791 3361 solum
1815 3309 1948 3362 statum

211 3439 416 3502 monasterii
439 3440 475 3502 in
498 3439 645 3503 formam
669 3437 849 3501 meliorem
872 3438 1024 3520 redegit,
1056 3438 1252 3500 sedetiam
1277 3437 1427 3501 comitiis
1452 3437 1586 3499 ordinis
1614 3441 1692 3516 1275
1724 3437 1854 3501 habitis
1883 3438 1948 3500 vir-

210 3589 322 3642 tutem
344 3580 595 3641 monachorum
620 3578 729 3641 totius
751 3576 957 3658 provinciae
981 3577 1082 3640 auxit
1098 3586 1134 3640 et
1150 3575 1332 3657 ornavit⁶).
1364 3577 1462 3639 Inter
1478 3578 1628 3638 abbates
1652 3576 1856 3638 monasterii
1872 3576 1948 3639 Ad-

211 3717 406 3778 montensis
422 3717 599 3779 Henricus
615 3717 659 3780 II.
677 3717 916 3799 (1275—1297)
935 3726 971 3778 et
984 3717 1224 3798 Engelbertus
1242 3715 1492 3798 (1297-1327),
1517 3716 1729 3779 auctoritate
1747 3736 1817 3778 non
1833 3715 1949 3778 minus

212 3875 316 3937 quam
341 3855 502 3919 doctrina
526 3856 652 3935 claruS,
677 3855 833 3917 eminent
848 3854 881 3935 ⁷).
922 3854 1035 3917 Simili
1062 3855 1167 3916 laude
1192 3854 1291 3936 digni
1315 3864 1397 3916 sunt
1421 3853 1624 3917 Fridericus
1649 3855 1887 3934 (1288-1306)
1912 3864 1949 3916 et

212 3994 372 4060 Ortolfus
397 3996 635 4078 (1329—1341)
660 3996 811 4056 abbates
834 3993 1053 4056 Lambertini
1068 3994 1102 4073 ⁸).
1141 3995 1181 4057 In
1199 3993 1380 4056 Carinthia
1404 3993 1574 4074 imprimis
1597 3994 1810 4056 monasterio
1828 3993 1949 4057 Ossia-

212 4136 309 4200 censi
333 4146 369 4198 et
393 4132 631 4217 Sanpaulensi
655 4132 814 4215 insignes
838 4134 989 4195 abbates
1012 4132 1253 4214 praefuerunt.
1292 4133 1346 4194 lbi
1375 4135 1503 4195 beatus
1527 4132 1723 4194 Wernerus
1746 4133 1807 4194 ΙΙΙ.
1839 4133 1948 4213 (1300)

210 4274 380 4338 fratribus
404 4273 500 4335 vitae
525 4271 715 4334 sanctitate
739 4271 917 4354 praeluxit
931 4271 965 4352 ⁹).
1004 4271 1073 4333 Hic
1098 4270 1303 4334 Gerhardus
1327 4273 1372 4334 de
1396 4271 1569 4333 Ennsthal
1594 4272 1832 4352 (1258-1275)
1850 4279 1949 4333 tanta

425 4416 520 4423 -——-

343 4485 364 4566 Ι)
391 4486 624 4561 Rettcnpacher‚
649 4484 755 4540 Annal.
781 4483 901 4540 Cremif.

342 4597 364 4678 ²)
389 4599 586 4657 Tabularium
609 4596 878 4653 Seitenstadiense.

343 4710 366 4790 ³)
391 4710 578 4786 Keiblinger,
603 4708 788 4766 Geschichte
811 4726 871 4764 von
895 4708 985 4774 Melk,
1010 4709 1031 4764 Ι.

343 4824 365 4905 4)
391 4826 553 4890 Hauswirt‚
579 4822 762 4879 Geschicbte
786 4820 840 4876 der
863 4818 1115 4876 Schotten-Abtei
1141 4822 1169 4874 in
1195 4821 1292 4876 Vl'ien.

342 4936 365 5017 ⁵)
389 4936 575 5003 Schmieder‚
599 4936 773 5012 Chronicon
796 4932 1013 4990 Lambacense.

343 5048 366 5130 ὁ)
391 5051 564 5107 Chronicon
588 5049 783 5105 novissimum
806 5066 830 5102 s.
856 5048 944 5104 Petri.

344 5161 367 5241 7)
391 5163 546 5228 Wichner,
571 5161 711 5228 Admont‚
736 5160 773 5216 II.

344 5270 366 5352 ⁸)
390 5274 498 5330 Album
523 5273 759 5330 Lambertinum.

343 5384 367 5465 9)
391 5387 537 5452 Wallner,
562 5387 666 5442 Annus
690 5386 862 5442 millesimus
887 5384 1087 5441 Ossiacensis.
