4208 6194
909 447 1192 518 „529-

179 659 336 701 auctorum
353 642 390 698 ad
405 643 569 699 studiosam
587 644 770 697 iuventutem
783 641 896 714 pietate
910 651 939 693 et
951 639 1012 693 vir·

1092 631 1345 714 geographicis
1363 640 1398 692 et
1413 629 1589 692 historicis
1612 648 1677 689 nec
1698 647 1767 689 non
1788 627 1922 690 littera-

182 763 244 805 tute
258 745 658 804 excollendam“.-Ueber
673 743 871 800 denEinssuss
886 742 939 797 des
956 741 1011 797 alt·
1051 746 1055 831 J
1092 774 1168 816 sum
1186 752 1479 815 Germanicarum
1496 751 1647 831 vacavit,
1666 753 1711 812 ab
1729 770 1820 811 anno
1842 755 1922 828 1874

181 853 368 908 klassischen
390 850 546 907 Studiums
571 849 624 905 auf
645 847 931 922 religios-sittliche
954 845 1012 901 Bil-

181 958 263 1031 dung
289 957 343 1012 der
369 955 562 1012 studirendcn
589 953 716 1031 Jugend.
748 953 926 1026 Programm
957 950 1012 1005 des

180 1061 394 1135 Gymnasiums
419 1079 454 1114 zu
479 1060 600 1115 Klattau
630 1057 720 1129 1853.
750 1056 889 1122 Klattau,
921 1053 1011 1125 1853.

183 1165 323 1221 Biblioth.
340 1166 459 1220 Emaut.
478 1166 574 1219 minor
589 1163 656 1218 XII.
679 1176 750 1233 1.,3.

268 1277 460 1348 Zechner
494 1285 729 1346 Norbertus
769 1280 1013 1364 (Lamberti-

182 1405 280 1484 nus),
298 1414 403 1465 natus
421 1412 476 1464 est
487 1402 523 1464 in
535 1401 724 1463 Trofaiach
738 1398 881 1481 Styriae
894 1402 922 1459 6.
935 1396 1013 1460 Oct.

187 1531 277 1587 1851.
303 1524 450 1587 Sacrum
467 1523 601 1585 ordinis
614 1520 839 1584 Benedictini
855 1519 1015 1580 habitum

182 1639 296 1700 induit
308 1658 335 1716 7.
347 1636 446 1717 Sept.
461 1641 539 1715 1872
552 1636 586 1698 in
596 1635 810 1697 monasterio
824 1633 870 1694 ad
880 1631 1016 1694 s.Lam-

182 1763 322 1821 bertum
339 1759 375 1820 in
391 1757 522 1840 Styria,
545 1757 606 1818 ubi
629 1765 714 1818 vota
739 1755 913 1836 simplicia
935 1773 1016 1834 pro·

166 1881 299 1972 'fessus
322 1889 377 1942 est
399 1881 525 1941 eodem
550 1879 606 1939 die
628 1878 811 1959 sequentis
832 1876 924 1955 anni,
948 1874 1017 1937 sol·

183 2003 313 2064 lemnia
329 2021 415 2063 vero
435 2022 484 2079 29.
502 1998 602 2081 Sept.
624 2004 715 2079 1870,
732 2009 933 2079 postquam,
955 1999 1016 2058 ab·

184 2124 309 2186 solutis
332 2122 459 2185 studiis
484 2112 698 2203 theologicis
717 2120 847 2201 partim
869 2120 904 2181 in
921 2119 1015 2181 univ.

185 2244 381 2307 Graecensi
405 2243 535 2325 partim
560 2243 594 2304 in
619 2243 835 2304 monasterio
859 2243 1016 2303 Admon-

183 2367 289 2447 tcnsi,
318 2367 387 2428 iam
410 2375 518 2427 antea
547 2368 609 2445 (17.
635 2364 721 2444 Apr.
748 2364 839 2444 1876)
865 2363 1016 2444 primurn

184 2490 263 2551 Deo
285 2487 496 2551 sacrificium
517 2487 632 2549 laudis
655 2487 783 2548 obtulit
806 2486 841 2547 in
866 2484 1017 2551 ecclesia

183 2602 295 2682 ipsius
308 2600 523 2664 monasterii.
547 2600 688 2662 Exinde
700 2600 861 2681 fungitur
872 2616 1016 2660 munere

104 2803 109 2813 ·
183 2723 444 2785 bibliothecarii
458 2723 493 2784 in
506 2721 732 2784 monasterio.
754 2722 812 2783 Ab
826 2740 918 2782 anno
936 2724 1014 2798 1877

184 2846 329 2925 insuper
351 2855 546 2924 occupatur
570 2864 640 2924 qua
662 2843 834 2925 magister
857 2842 892 2903 in
916 2862 1017 2924 gym-

184 2968 284 3029 nasio
317 2967 457 3047 privato
488 2965 693 3027 monasterii
719 2964 950 3044 Lambertini,
982 2972 1018 3025 et

191 3094 270 3167 1878
283 3088 510 3170 praefectura
523 3087 708 3149 convictus
725 3086 792 3167 ipsi
810 3087 940 3147 collata
952 3095 1016 3148 est.

271 3210 383 3292 Typis
401 3209 514 3270 dedit:

272 3336 331 3390 Zur
364 3334 547 3391 Geschichte
578 3333 633 3389 der
662 3332 958 3388 Franzoseneinfalle
989 3335 1018 3388 in

184 3438 370 3495 Steiermark
388 3441 439 3494 mit
456 3437 644 3494 besonderer
662 3437 829 3493 Riiclcsicht
845 3437 899 3492 aus
908 3438 1018 3493 Maria·

186 3543 250 3598 zell.
276 3538 306 3619 (i.
324 3561 350 3598 e.
372 3543 418 3597 De
440 3540 647 3597 invasionibus
665 3542 688 3596 F
691 3540 973 3597 ramo-Gallorum
989 3544 1019 3596 in

185 3645 315 3720 Styriam
333 3666 398 3702 curn
416 3647 540 3721 speciali
558 3659 698 3720 respectu
720 3645 757 3700 ad
779 3647 933 3718 regionem
950 3646 1018 3702 Cel·

187 3747 321 3827 1993611.)
337 3749 369 3806 S.
388 3748 571 3807 Steirischer
586 3749 840 3815 Volkskalender‚
865 3766 893 3823 9.
914 3750 1017 3825 Jahrg.

185 3855 276 3921 Graz,
300 3853 389 3927 1879.
411 3860 454 3926 40.
478 3874 506 3929 p.
525 3852 663 3926 53-64.
688 3854 758 3929 Ipse
783 3872 915 3929 quoque,
940 3872 1018 3928 quae

185 3960 400 4014 monasterium
431 3957 658 4013 Lambertinum
691 3970 833 4031 tangunt,
865 3961 1017 4032 praesenti

186 4064 271 4137 operi
296 4062 333 4117 de
356 4061 557 4138 scriptoribus
579 4080 608 4118 o.
631 4081 655 4118 s.
674 4062 706 4118 B.
732 4064 848 4138 imperii
865 4062 1017 4119 Austriaci

188 4169 320 4223 inseruit.

273 4278 435 4372 Ziegler
450 4289 712 4350 Adalbertus
727 4286 1018 4368 (Cremifanen

188 4407 273 4487 sis),
298 4415 405 4467 antea
425 4405 587 4486 Ioannes,
612 4404 824 4467 Austriacus
850 4404 1018 4498 Cremifa-

187 4528 316 4608 nensiS,
334 4528 390 4589 die
406 4547 455 4589 20.
466 4527 553 4607 Apr.
568 4530 647 4603 1845
660 4536 774 4608 natus,
787 4526 906 4588 studia
917 4547 1019 4609 gym-

186 4648 336 4711 nasialia
353 4647 552 4728 Cremifani,
574 4647 777 4730 theologica
799 4645 834 4709 in
855 4646 1018 4709 instituto
1046 4664 1048 4667 ’

188 4771 384 4832 domestico
401 4772 446 4831 ad
463 4789 489 4833 s,
503 4768 660 4831 Floriani
676 4768 840 4850 absolvit,
857 4788 883 4832 s.
894 4768 1018 4831 habitu

189 4893 332 4954 indutus
357 4915 387 4968 4.
405 4890 504 4973 Sept.
527 4895 617 4972 1863,
642 4890 860 4952 sollemniter
883 4891 1019 4972 profes-

188 5032 248 5073 sus
277 5012 334 5073 die
364 5015 392 5075 5.
418 5011 518 5094 Sept.
547 5017 638 5093 1867,
667 5012 850 5073 ordinatus
879 5015 930 5075 26.
955 5013 1018 5075 Iul.

193 5137 283 5196 1808.
309 5137 472 5211 1808-71
487 5133 675 5195 adiunctus
688 5133 877 5194 archivarii
890 5142 927 5194 et
940 5138 1020 5212 1870

189 5275 253 5335 per
272 5264 414 5334 tempus
438 5254 601 5333 provisor
624 5255 659 5315 in
680 5263 798 5317 monte
822 5274 850 5318 s.
869 5255 1020 5336 Magda-

188 5377 306 5449 lenae3
340 5380 504 5454 1871-73
534 5375 569 5437 in
599 5376 692 5440 univ.
709 5378 864 5439 Vindob.
893 5376 1020 5439 studiis

1093 897 1122 939 c.
1139 897 1164 937 r.
1186 874 1365 957 gymnasii
1389 872 1570 954 professor
1594 881 1630 934 et
1653 874 1699 933 ab
1724 891 1817 933 anno
1842 876 1921 951 1875

1093 997 1197 1058 simul
1213 997 1248 1057 in
1265 995 1431 1057 convictu
1447 994 1661 1075 praefectus

1180 1119 1291 1180 Extat
1309 1117 1384 1179 eius
1401 1117 1620 1178 dissertatio:

1182 1245 1239 1299 Die
1256 1243 1415 1318 politische
1428 1240 1511 1298 Seite
1528 1242 1582 1297 der
1594 1242 1769 1315 Regierung
1785 1242 1839 1298 des
1852 1244 1924 1298 Kai-

1095 1367 1160 1404 sers
1178 1347 1320 1403 Claudius
1334 1349 1354 1402 Ι.
1372 1349 1425 1401 mit
1438 1347 1536 1401 Kritik
1553 1347 1606 1402 der
1619 1345 1747 1414 Quellen
1762 1347 1819 1401 und
1831 1346 1896 1402 Hili
1911 1378 1924 1390 ·

1096 1453 1198 1508 mittel.
1217 1449 1246 1528 (i.
1257 1470 1283 1507 e.
1298 1451 1462 1525 Regiminis
1476 1449 1592 1506 Claudii
1608 1449 1631 1505 I.
1650 1452 1839 1525 imperatoris
1853 1469 1924 1524 pars

1096 1557 1219 1632 politica
1232 1570 1262 1612 et
1275 1557 1370 1612 civilis
1384 1575 1450 1611 cum
1465 1557 1570 1611 critica
1581 1552 1727 1633 sontium.)
1744 1556 1817 1611 Pars
1830 1559 1923 1630 prior.

1097 1659 1447 1735 Gymnasialprogramm
1464 1658 1553 1732 1879.
1571 1661 1654 1727 Linz,
1669 1660 1774 1715 Druck
1787 1660 1841 1715 der
1853 1662 1882 1716 k.
1894 1661 1923 1717 k.

1096 1764 1401 1821 Hosbuchdruckerei
1418 1783 1477 1820 von
1489 1765 1514 1839 J.
1528 1765 1552 1819 F
1555 1765 1737 1838 eichtiugers
1751 1764 1863 1820 Erben.
1882 1765 1923 1822 8⁰.

1097 1884 1135 1942 52
1147 1888 1176 1945 p.
1186 1869 1298 1942 Verlag
1308 1869 1361 1924 der
1371 1870 1534 1924 Direction.
1549 1869 1623 1924 Pars
1632 1870 1737 1936 altera,
1748 1869 1819 1926 ibid.
1834 1869 1924 1926 1880.

1097 1973 1178 2029 Idem
1195 1975 1317 2048 scripsit
1333 1973 1435 2048 plures
1452 1975 1645 2029 recensiones
1667 1973 1811 2030 librorum
1832 1976 1926 2031 histo-

1098 2081 1243 2143 ricorum,
1269 2096 1345 2151 quas
1366 2076 1434 2131 vide
1459 2079 1487 2131 in
1512 2077 1719 2152 ephemeride:
1751 2079 1927 2147 ,litterari-

1097 2183 1186 2238 sches
1203 2180 1435 2238 Centralblatt“.

1182 2329 1344 2423 Ziegler
1363 2338 1595 2421 Gregorius
1612 2340 1789 2402 Thomas
1808 2342 1927 2424 (Wib-

1097 2457 1331 2539 lingensis),
1348 2457 1383 2518 in
1400 2456 1534 2538 oppido
1551 2455 1705 2520 Sueviae
1719 2458 1927 2522 Kirchheim

1097 2579 1154 2641 die
1173 2599 1200 2657 7.
1218 2579 1322 2642 Mart.
1344 2599 1425 2657 1770
1446 2588 1562 2659 natus,
1587 2579 1644 2639 die
1670 2583 1719 2642 26.
1737 2580 1825 2660 Apr.
1848 2602 1923 2660 1791

1096 2702 1133 2763 in
1153 2701 1384 2763 celeberrimo
1406 2700 1620 2763 monasterio
1637 2700 1846 2784 Wiblingen
1868 2725 1928 2765 an·

1097 2823 1237 2886 terioris
1254 2823 1423 2885 Austriae
1439 2823 1599 2904 regulam
1616 2844 1642 2884 s
1657 2823 1843 2886 Benedicti
1859 2828 1928 2887 sol-

1097 2946 1259 3008 lemniter
1276 2944 1459 3026 professus
1477 2955 1513 3006 et
1529 2945 1586 3006 die
1605 2948 1654 3006 25.
1670 2945 1756 3008 Maii
1777 2952 1856 3026 1793
1873 2967 1928 3010 sa-

1098 3067 1268 3130 cerdotali
1285 3067 1460 3149 dignitate
1474 3078 1600 3129 auctus
1613 3077 1676 3130 est.
1701 3067 1771 3130 Per
1787 3081 1926 3151 septem

1099 3210 1210 3252 annos
1226 3189 1352 3270 poesin
1370 3198 1406 3250 et
1421 3188 1577 3270 linguam
1591 3187 1766 3251 Graecam
1781 3191 1929 3254 iuvenes

1099 3311 1229 3393 docuit,
1246 3311 1397 3392 primum
1414 3310 1449 3372 in
1466 3310 1544 3391 ipso
1557 3308 1782 3392 monasterio,
1800 3312 1928 3374 deinde

1099 3431 1340 3512 Constantiae,
1367 3431 1520 3512 denique
1536 3431 1565 3492 F
1568 3430 1704 3513 riburgi
1728 3432 1763 3493 in
1784 3433 1929 3514 Brisgo-

1099 3555 1167 3615 via.
1200 3552 1403 3633 Suppresso
1433 3553 1648 3615 monasterio
1676 3565 1712 3614 et
1742 3555 1930 3635 repudiata

1099 3675 1305 3757 professura
1331 3675 1366 3735 in
1394 3684 1488 3736 terra
1517 3674 1634 3755 patria
1662 3694 1742 3736 cum
1769 3676 1929 3757 pluribus

1097 3797 1266 3859 fratribus
1279 3797 1462 3879 Tynecum
1479 3796 1513 3857 in
1532 3796 1680 3858 Polonia
1697 3797 1803 3859 situm
1820 3798 1929 3860 demi-

1096 3919 1225 4001 gravit,
1242 3917 1303 3979 ubi
1319 3917 1354 3978 in
1367 3917 1513 3998 antiquo
1530 3918 1664 3980 ordinis
1681 3920 1793 3981 nostri
1809 3939 1929 3981 mona·

1097 4040 1205 4103 sterio
1222 4041 1353 4102 sedem*
1364 4038 1454 4121 fixit,
1476 4041 1540 4101 sed
1557 4039 1677 4119 paullo
1693 4050 1776 4120 post
1798 4041 1929 4103 adven·

1097 4173 1172 4225 tum
1198 4161 1348 4224 docendi
1372 4181 1498 4223 munus
1525 4161 1560 4222 in
1587 4162 1681 4223 univ.
1703 4160 1931 4225 Cracoviensi

1098 4285 1305 4365 auspicatus
1333 4293 1398 4347 est.
1431 4282 1517 4345 Cum
1542 4302 1627 4343 vero
1649 4282 1822 4345 Cracovia
1845 4286 1929 4346 urbs

1099 4405 1312 4468 Austriacae
1329 4405 1473 4467 ditionis
1487 4423 1566 4465 esse
1580 4403 1757 4485 desiisset,
1774 4405 1809 4468 in
1825 4407 1928 4488 lyceo

1098 4525 1276 4588 Linciensi
1302 4526 1472 4588 historiae
1500 4525 1764 4588 ecclesiasticae
1792 4527 1929 4608 profes·

1099 4668 1217 4709 suram
1230 4647 1392 4709 obtinuit.
1405 4647 1548 4728 Postea,
1561 4656 1599 4709 ut
1611 4647 1828 4729 theologiam
1842 4649 1929 4731 dog-

1099 4770 1264 4832 maticam
1281 4770 1435 4849 doceret,
1452 4769 1498 4830 ad
1514 4769 1782 4832 universitatem
1795 4769 1929 4832 Vindo-

1099 4895 1293 4954 bonensem
1314 4892 1517 4972 translatus,
1542 4910 1635 4953 anno
1652 4911 1737 4953 vero
1759 4896 1836 4954 1822
1855 4892 1929 4973 epi-

1100 5032 1230 5094 scopus
1245 5011 1498 5074 Tarnoviensis
1515 5011 1724 5094 designatus
1745 5023 1781 5075 et
1802 5013 1860 5075 die
1878 5035 1928 5092 29.

1100 5136 1175 5197 Iun.
1193 5133 1351 5196 eiusdem
1367 5133 1695 5196 anniVindobonae
1712 5135 1930 5197 sollemniter

1101 5267 1228 5318 unctus
1244 5265 1281 5317 et
1297 5264 1525 5317 consecratus
1541 5264 1605 5316 est.
1631 5255 1736 5317 Anno
1757 5260 1835 5335 1827
1854 5234 1928 5336 epi·

1101 5397 1230 5458 scopus
1253 5376 1450 5440 Linciensis
1470 5376 1670 5439 nominatus
1695 5377 1752 5440 die
1777 5400 1805 5457 9.
1828 5377 1928 5460 Sept.

1672 5483 1704 5545 67
