4208 6194
910 483 1193 554 „525-

264 668 377 750 Typis
394 668 520 730 edidit:

265 813 287 867 I.
305 809 448 867 Heinrich
465 830 525 867 von
541 811 720 884 Morungen‚
742 829 797 866 aus
819 810 884 865 dem
902 810 1010 866 Mittel-

178 916 424 975 hochdeutschen
438 916 578 971 metrisch
593 913 786 989 libertragen.
804 911 833 991 (i.
847 933 874 970 e.
888 915 1010 970 Henrici

179 1023 256 1077 illius
281 1034 392 1097 poetae
416 1021 628 1092 Morungensis
657 1021 817 1074 carminum
847 1020 875 1072 in
903 1037 1010 1073 verna-

179 1126 276 1182 culum
289 1122 412 1203 versio.)
430 1140 441 1180 1
455 1124 515 1181 vol.
530 1123 572 1181 8⁰.
587 1124 686 1189 lenae,
702 1123 792 1196 1875,
803 1135 864 1197 typ.
877 1120 1010 1177 Eduardi

180 1232 349 1286 Fromman.

266 1391 469 1463 Wiilberz
484 1399 725 1464 Stanislaus
740 1398 1012 1481 (San-Blasia-

180 1520 279 1600 nus).
304 1519 418 1580 Natus
442 1527 498 1579 est
518 1517 553 1579 in
574 1517 764 1597 Esslingen
781 1516 815 1576 in
832 1516 1012 1576 Wiirtem-

1090 667 1263 749 Herrgott
1279 667 1314 728 in
1331 669 1469 730 edenda
1493 688 1557 731 sua
1577 668 1791 750 genealogia
1808 668 1921 748 diplo-

1091 788 1220 850 matica
1238 790 1363 850 domus
1375 788 1649 870 Habsburgicae
1664 789 1921 851 auxiliatricem

1090 930 1231 971 manum
1264 911 1446 991 praebuit,
1478 910 1703 992 perlustratis
1732 909 1921 972 Helvetiae

1090 1031 1309 1113 aliorumque
1325 1033 1480 1094 locorum
1504 1033 1657 1095 archivis
1678 1043 1714 1093 et
1735 1031 1923 1093 bibliothe-

1091 1153 1152 1235 ciS,
1170 1174 1189 1216 e
1207 1155 1336 1235 quibus
1353 1175 1518 1236 magnam
1536 1155 1676 1236 copiam
1690 1154 1922 1235 diplomatum

1092 1286 1128 1338 et
1143 1286 1450 1339 monumentorum
1464 1277 1619 1359 collegit,
1634 1277 1738 1358 eique
1746 1276 1922 1337 Viennam

1092 1399 1296 1461 transmisit.
1322 1398 1414 1460 Aliis
1432 1399 1576 1479 insuper
1596 1398 1711 1460 modis
1736 1417 1809 1460 rem
1830 1397 1922 1458 litte-

1092 1519 1219 1580 rariam
1253 1520 1288 1581 in
1319 1539 1345 1581 S.
1378 1520 1499 1581 Blasio
1531 1539 1741 1601 promovere
1777 1518 1922 1597 studuit,

180 1640 305 1723 bergia
322 1640 379 1701 die
397 1644 425 1702 5.
443 1638 533 1700 Nov.
555 1642 649 1715 1095;
675 1657 702 1699 s
723 1636 847 1698 habitu
869 1637 1012 1698 indutus
1051 1630 1054 1741 j
1092 1643 1440 1723 nummophylacium
1456 1641 1685 1723 praesertim,
1707 1641 1806 1702 cuius
1829 1659 1923 1702 amo·

180 1765 215 1826 in
240 1763 321 1824 divo
347 1762 482 1842 Blasi0,
508 1761 725 1822 sollemniter
748 1758 931 1840 professus
956 1759 1012 1820 die

186 1905 233 1963 17.
256 1886 344 1946 Dec.
371 1888 466 1963 1713,
491 1882 659 1944 sacerdos
683 1880 867 1943 ordinatus
891 1899 1012 1942 mense

182 2006 278 2067 Maio
307 2025 398 2083 1720.
427 2003 500 2064 Vix
523 2004 627 2065 trium
651 2022 822 2064 annorum
846 2003 1013 2063 sacerdos

181 2128 215 2188 in
232 2126 413 2188 abbatiam
431 2134 626 2205 assumtuS,
649 2125 833 2205 sacellani,
855 2124 1014 2185 archiva-

181 2249 232 2329 rii,
249 2248 469 2310 renovatoris
486 2256 522 2309 et
537 2246 797 2308 ratiocinatoris
813 2246 932 2307 munia
949 2266 1014 2326 per

182 2371 305 2432 decern
315 2388 426 2431 annos
437 2389 567 2450 magna
577 2369 767 2430 sedulitate
778 2368 1014 2449 gessit;prae-

181 2492 320 2573 positus
347 2500 475 2571 postea
503 2489 776 2553 Gurtwihlensis
804 2489 905 2551 annis
933 2509 1014 2570 sep·

182 2614 370 2676 temdecim
385 2633 455 2674 non
472 2613 547 2674 sine
565 2612 793 2674 oeconomiae
810 2621 1013 2693 augmento.

184 2735 461 2799 Administrator
496 2735 724 2796 ecclesiarum
761 2734 796 2795 in
832 2732 1019 2795 Bonndorf

182 2880 246 2940 per
261 2870 335 2919 tres
352 2876 493 2919 menses
509 2866 657 2936 tanturn,
683 2856 809 2917 iterum
832 2857 877 2916 ad
900 2855 1014 2916 aulam

183 2981 397 3042 abbatialem
414 2987 604 3040 revocatur
616 2998 695 3039 cum
709 2978 812 3039 titulo
828 2976 1014 3038 feudorum

182 3101 397 3183 praepositi;
430 3100 542 3161 altera
573 3099 652 3160 vice
684 3098 950 3159 administrator
980 3098 1016 3158 in

184 3220 376 3302 Bonndorf,
387 3221 518 3282 ibidem
528 3231 610 3300 post
620 3219 790 3282 tredecim
803 3237 944 3280 menses
957 3218 1014 3279 die

184 3367 211 3407 2.
229 3345 292 3407 Iul.
310 3341 504 3423 apoplexia
525 3343 571 3405 ad
593 3341 775 3403 introitum
792 3339 925 3401 Missae
941 3349 1015 3401 tac-

184 3480 255 3548 tuS,
281 3474 473 3547 praesente
494 3474 530 3526 et
551 3464 710 3526 ultimam
732 3463 780 3523 illi
796 3461 1015 3523 benedictio·

185 3609 264 3650 nem
293 3586 518 3667 impertiente
545 3585 730 3646 Meinrado
762 3585 894 3644 abbate
927 3581 1016 3644 obiit

185 3709 452 3791 sexagenarius.
480 3708 576 3769 Vere
598 3705 797 3770 Stanislaus
822 3705 888 3766 iste
913 3712 1016 3783 pater

185 3843 221 3895 et
237 3831 390 3912 scriptor
411 3823 579 3893 historiae
604 3829 821 3890 domesticae
842 3825 1016 3908 appellari

184 3965 347 4041 meretur,
373 3962 412 4014 ut
436 3953 495 4033 qui
519 3955 564 4013 ab
586 3970 628 4012 eo
649 3962 820 4031 tempore,
843 3968 913 4029 quo
929 3960 1016 4010 tam-

185 4096 290 4156 quam
323 4076 521 4137 sacellanus
553 4092 737 4134 accessum
764 4072 809 4132 ad
836 4071 1018 4132 archivum

184 4198 318 4278 habuit,
337 4199 382 4258 ad
399 4207 548 4257 mortem
564 4214 677 4275 usque
694 4213 797 4255 omne
814 4205 955 4273 tempus
971 4194 1017 4253 ab

186 4319 312 4382 officiis
330 4318 398 4379 sibi
414 4336 565 4379 vacuum
583 4318 628 4377 ad
645 4316 892 4376 illustrandam
907 4314 1016 4375 histo-

184 4443 271 4504 riam
288 4439 493 4503 monasterii
515 4459 542 4499 s.
559 4438 670 4499 Blasii
692 4436 858 4498 continuo
882 4435 1017 4516 impen-

185 4564 246 4644 dit,
260 4564 368 4644 inque
381 4581 460 4623 eam
473 4580 547 4622 rem
559 4559 707 4641 triginta
716 4577 829 4640 prope
839 4556 1017 4618 volumina

185 4696 246 4746 aut
271 4684 349 4766 ipse
377 4702 482 4744 manu
506 4681 650 4762 propria
678 4691 713 4741 et
738 4678 850 4741 nitido
880 4679 1016 4740 calamo

185 4806 405 4886 conscripsit,
423 4814 485 4866 aut
500 4806 546 4866 ab
564 4802 642 4864 aliis
659 4801 862 4881 conscripta
885 4799 1017 4881 compi·

1092 1783 1166 1824 rem
1184 1773 1220 1825 et
1236 1763 1518 1825 aestimationem
1536 1762 1660 1824 abbati
1676 1762 1867 1824 Francisco
1880 1762 1923 1823 II.

1094 1885 1289 1948 instillavit.
1320 1885 1478 1947 Melioris
1504 1904 1646 1966 quoque
1674 1894 1780 1947 notae
1804 1884 1924 1963 libr05,

1093 2007 1209 2068 lexica
1233 2006 1381 2087 antiqua
1401 2007 1593 2087 praecipue
1615 2005 1774 2086 aliosque
1797 2004 1925 2066 biblio-

1094 2130 1220 2191 thecae
1242 2128 1432 2189 Blasianae
1454 2127 1676 2209 importavit,
1700 2127 1851 2207 pecunia
1877 2127 1925 2188 ei-

1094 2251 1174 2311 dem
1198 2251 1320 2311 abbati
1344 2250 1629 2329 subministrata,
1654 2269 1760 2330 quarn
1786 2258 1840 2310 tot
1865 2268 1926 2310 an-

1094 2372 1147 2432 nis
1162 2369 1356 2432 Gurtwilae
1373 2371 1610 2451 praepositus,
1628 2355 1843 2451 parsimonia
1862 2389 1927 2431 sua

1094 2503 1130 2555 et
1146 2492 1352 2555 oeconomia
1369 2495 1566 2573 prudenter
1581 2492 1837 2572 administrata,
1856 2493 1926 2553 col·

1094 2616 1242 2697 legerat,
1265 2615 1320 2676 vir
1343 2615 1387 2676 de
1412 2614 1595 2695 republica
1612 2614 1781 2675 Blasiana
1804 2614 1926 2676 multis

1094 2738 1207 2800 titulis
1224 2739 1315 2798 bene
1333 2736 1488 2797 meritus.

1185 2874 1390 2956 Sequuntur
1406 2875 1483 2937 eius
1499 2894 1609 2955 opera
1625 2894 1730 2936 manu
1747 2874 1896 2954 scripta:

1182 3019 1203 3073 l.
1236 3019 1323 3073 Nova
1355 3020 1540 3073 incrementa
1571 3018 1818 3090 congregationis
1849 3015 1927 3072 San·

1095 3123 1264 3188 Blasianae,
1293 3141 1346 3177 seu
1377 3123 1433 3176 tria
1462 3123 1645 3176 monasteria
1674 3140 1697 3176 S.
1723 3119 1873 3176 Wilhelmi
1899 3121 1927 3173 in

1095 3225 1254 3292 Oberried‚
1281 3227 1309 3281 in
1334 3223 1407 3281 Sion
1429 3227 1508 3279 etin
1530 3225 1668 3298 Mengen,
1695 3225 1878 3279 monasterio
1902 3242 1926 3278 s.

1095 3330 1184 3385 Blasii
1199 3332 1393 3403 incorporata
1410 3342 1499 3400 1725.
1524 3329 1762 3403 Manuscriptum
1778 3328 1836 3383 hoc
1854 3344 1926 3382 con-

1095 3436 1205 3489 tinetur
1232 3436 1260 3489 in
1289 3433 1422 3488 ciusdem
1447 3434 1579 3489 auctoris
1603 3433 1728 3488 historia
1752 3450 1806 3487 seu
1832 3433 1928 3486 incre·

1096 3539 1202 3592 mentis
1219 3551 1346 3592 monast.
1364 3556 1388 3591 s.
1406 3536 1510 3603 Blasii;
1529 3549 1558 3590 et
1571 3538 1661 3611 copia
1678 3535 1810 3591 eiusdem
1824 3534 1928 3589 adser-

1095 3654 1183 3697 vatur
1199 3643 1229 3696 in
1246 3641 1370 3697 archivo
1388 3639 1599 3695 Einsiedlensi.

1182 3746 1218 3801 II.
1242 3745 1303 3800 Res
1320 3744 1398 3800 dorni
1416 3744 1550 3817 forisque
1567 3743 1724 3818 praeclare
1745 3755 1851 3816 gestae
1872 3739 1928 3796 sub

1096 3849 1258 3906 abbatibus
1275 3850 1438 3905 Francisco
1456 3848 1489 3914 1.,
1507 3847 1646 3914 Oddone,
1664 3848 1811 3913 Roman0,
1825 3845 1928 3919 Augu-

1096 3956 1191 4020 stino,
1220 3951 1258 4008 ab
1282 3970 1359 4007 anno
1388 3949 1468 4022 1638
1492 3969 1588 4025 usque
1618 3965 1706 4023 1720.
1731 3951 1927 4023 Manuscript.

1103 4056 1192 4129 1726.
1218 4057 1359 4113 Continet
1374 4052 1414 4132 (in
1431 4051 1515 4131 folio)
1532 4073 1602 4130 pag.
1622 4069 1690 4119 111,
1708 4067 1737 4108 et
1750 4053 1930 4108 adservatur

1098 4165 1128 4218 in
1144 4162 1267 4218 archivo
1285 4158 1498 4216 San-Paulano
1514 4161 1570 4214 No.
1593 4173 1662 4229 142.

1185 4266 1236 4322 ΙΙΙ.
1259 4266 1364 4320 Brevis
1387 4263 1533 4319 indiculus
1555 4281 1654 4317 rerum
1677 4262 1725 4336 pie
1742 4259 1930 4334 feliciterque

1096 4384 1250 4444 gestarum
1272 4368 1328 4425 sub
1351 4368 1450 4422 Blasio
1472 4366 1523 4421 III.
1546 4363 1657 4420 abbate
1681 4362 1720 4419 ab
1743 4382 1822 4419 anno
1849 4377 1929 4436 1720

1097 4493 1193 4548 usque
1209 4487 1299 4545 1727.
1317 4472 1513 4544 Manuscript.
1528 4468 1618 4541 1728.
1637 4469 1778 4524 Continet
1791 4464 1831 4544 (in
1845 4463 1929 4544 lolio)

1097 4597 1166 4654 pag.
1186 4591 1235 4649 74,
1261 4590 1291 4631 et
1313 4574 1491 4630 adservatur
1511 4576 1540 4628 in
1562 4573 1686 4628 archivo
1704 4570 1930 4628 San-Paulano

1098 4683 1152 4737 No.
1176 4695 1243 4752 143.

1184 4785 1235 4841 IV.
1251 4783 1400 4840 Analecta
1416 4783 1570 4838 illustrium
1592 4794 1622 4837 et
1638 4780 1781 4837 nobilium
1798 4781 1929 4834 virorum

184 4929 282 4990 lavit,
306 4929 322 4990 I
325 4948 410 4989 ussu
426 4926 569 4988 abbatis
583 4923 694 4986 Blasii
706 4923 889 4984 historiam
902 4922 1016 4983 almae
1055 4968 1058 5007 ᾗ
1097 4889 1311 4963 genealogica,
1340 4889 1368 4942 in
1392 4886 1501 4960 quibus
1524 4898 1674 4962 apparent
1697 4884 1826 4940 familiae
1851 4881 1930 4937 mille

1056 5042 1058 5047 ,
1097 5004 1260 5049 sexcentae
1285 4993 1453 5065 octoginta,
1481 5008 1564 5046 arma
1589 4990 1735 5064 gentilitia
1760 5006 1796 5044 ex
1819 4987 1930 5043 chartis

185 5060 221 5113 et
242 5048 557 5130 archiepiscopalis
578 5044 820 5108 universitatis
841 5042 1017 5106 Salisbur-
1056 5060 1058 5119 ξ
1614 5095 1618 5104 ,
1679 5095 1683 5104 ,
1885 5092 1890 5103 ,

1099 5095 1228 5173 pendula
1244 5095 1349 5151 eadem
1366 5094 1461 5151 forma
1477 5107 1508 5150 et
1521 5092 1724 5167 magmtudme
1737 5092 1852 5148 calamo
1865 5109 1929 5146 erus

185 5171 306 5255 gemis
331 5193 352 5231 a
369 5169 546 5232 BlaSianis
567 5168 607 5230 Ρ·
624 5167 790 5228 Romano
808 5163 1019 5246 sedelmayr
1056 5204 1059 5247 Ι
1098 5201 1218 5276 depicta
1236 5199 1314 5255 mille
1331 5200 1505 5272 octingenta
1522 5200 1627 5272 viginti
1644 5209 1783 5271 quatuor.
1805 5212 1824 5267 4
1845 5194 1930 5250 volu·

186 5301 362 5372 000Pt3ffl>
380 5301 416 5352 θῖ
432 5290 471 5354 Ρ·
485 5290 652 5351 Romam
669 5287 782 5349 Endel
799 5287 1019 5348 elabOFatam
1100 5307 1178 5360 mina
1195 5306 1223 5359 iu
1241 5303 1323 5359 folio.
1346 5300 1435 5374 1736.
1458 5303 1695 5376 Manuscriptum
1712 5301 1770 5356 hoc
1786 5299 1930 5355 adserva·

186 5426 222 5477 et
235 5413 434 5495 perfectam
442 5413 541 5493 prelo
554 5409 738 5473 commisit.
753 5409 793 5471 P.
805 5408 1018 5490 Marquardo
1057 5430 1060 5487 7
1101 5423 1148 5464 tur
1165 5410 1193 5464 in
1209 5408 1333 5464 archivo
1350 5404 1560 5462 San-Paulano
1576 5407 1632 5461 No.
1655 5420 1723 5478 193.
