4178 6196
919 433 1230 520 -45-’

174 639 367 712 aegrotans
388 629 608 712 praecordiis
624 642 835 713 conceptam
856 639 1006 695 mortem

176 753 245 815 iam
268 752 490 827 continebat;
514 754 594 815 Deo
613 773 699 816 vero
719 754 876 836 propitio
898 774 1006 817 sanus

173 875 290 939 factus
313 886 396 958 post
420 875 621 938 absolutum
645 876 796 958 primum
816 863 1006 939 triennium

173 997 401 1080 professurae
436 1016 523 1059 suae
557 997 783 1081 theologicae
812 998 1005 1062 humillime

178 1125 254 1200 1761
285 1120 493 1202 praeposito
521 1119 797 1183 Bonaventurae
826 1121 1005 1204 supplica-

172 1245 245 1325 bat,
261 1253 301 1305 ut
312 1244 414 1326 hanc,
431 1262 537 1324 quam
553 1262 618 1325 per
633 1253 707 1305 tres
723 1263 835 1305 annos
848 1246 893 1307 de
909 1264 1005 1306 man-

174 1368 259 1428 dato
278 1364 517 1428 confratribus
534 1365 771 1448 praelegerat,
787 1366 1005 1449 theologiam

173 1487 339 1570 publicae
374 1487 607 1570 disputationi
642 1507 823 1569 exponere
857 1488 1004 1550 valeret.

172 1609 316 1672 Dictam
349 1628 491 1690 quoque
523 1609 742 1692 theologiam
769 1630 833 1691 per
862 1610 1005 1672 modum

171 1732 326 1795 thesium
357 1733 559 1814 expositam
591 1733 797 1814 praeposito
829 1733 1005 1796 submittit

172 1864 209 1917 et
229 1864 402 1937 paternae
418 1853 669 1937 adprobationi
686 1855 826 1936 subicit,
848 1865 887 1917 ut
907 1855 938 1917 si
954 1839 1004 1916 ni·

171 1977 220 2040 hil
236 1977 272 2039 in
289 1997 332 2039 ea
348 1987 472 2039 contra
486 1975 603 2058 fidem,
620 1986 744 2039 contra
758 1979 872 2039 bonos
888 1997 1004 2040 mores

173 2109 208 2162 et
228 2109 353 2162 contra
373 2119 496 2161 sanam
512 2099 686 2163 rationem
702 2100 928 2181 reperiretur,
948 2109 1004 2182 ty-

173 2230 228 2312 pis
248 2229 357 2292 etiam
380 2230 458 2292 dari
479 2241 612 2313 posset.
641 2230 686 2293 Et
711 2230 761 2292 ita
784 2230 1003 2295 factumest.

172 2352 212 2414 In
228 2351 425 2435 praemium
441 2353 645 2416 meritorum
661 2366 745 2416 tunc
758 2372 905 2435 praeses
922 2373 1004 2415 con·

172 2474 400 2538 ferentiarum
425 2495 505 2538 curn
531 2475 669 2538 clericis
696 2475 910 2538 constitutus
936 2475 1004 2538 fuit

173 2618 341 2661 unacum
358 2599 398 2662 P.
415 2598 652 2662 Ferdinando.
676 2598 783 2660 Anno
812 2603 891 2676 1764
916 2597 1003 2659 Maii

175 2724 223 2784 15.
245 2720 474 2802 71166716611116
489 2719 744 2782 Bonaventura
759 2719 869 2781 vitam
888 2717 1003 2782 finivit

172 2852 208 2905 et
233 2862 280 2906 10.
300 2841 382 2905 Iulii
401 2861 515 2904 novae
537 2841 721 2904 electionis
744 2850 846 2903 actus
869 2841 1003 2923 incepit

171 2964 337 3047 praeside
349 2964 493 3027 domino
501 2964 686 3027 visitatore
700 2966 832 3027 abbate
844 2963 1002 3026 Bievno-

171 3087 285 3149 viensi
308 3087 521 3151 Friederic0.
554 3085 744 3150 Candidati
768 3086 877 3169 positi
890 3086 1002 3149 ¹fuere

172 3208 459 3292 P.Wenceslaus,
470 3207 663 3273 Othmarus
675 3209 915 3285 Friedericus;
930 3230 1002 3273 om-

171 3332 229 3395 nia
254 3331 402 3415 pacifice
423 3332 654 3414 transierunt,
677 3344 713 3395 et
735 3333 870 3395 electus
893 3332 1002 3396 suita

177 3458 211 3518 15
234 3453 530 3517 conventualibus
554 3474 600 3517 ex
626 3459 661 3517 18
684 3453 876 3518 Othmarus
899 3475 1002 3538 prae-

172 3576 309 3658 positus
324 3575 615 3659 Raigradiensis,
637 3576 697 3658 qui
712 3576 880 3660 homagio
900 3596 1003 3659 prae-

172 3698 256 3761 stito
273 3697 448 3763 Olomucii
468 3700 563 3781 apud
581 3698 790 3782 episcopum
810 3704 857 3762 13.
874 3699 949 3782 Iul,
967 3709 1003 3761 et

174 3841 223 3898 24.
246 3833 330 3902 post
353 3820 569 3884 audientiam
593 3822 688 3902 apud
713 3821 1002 3904 augustissimam

173 3941 431 4024 imperatricem
444 3952 481 4004 et
494 3943 696 4023 depositum
712 3943 895 4006 fidelitatis
910 3943 1002 4006 iura·

171 4074 327 4127 mentum
339 4037 436 4145 apud
444 4065 622 4127 ministros
635 4085 700 4128 nec
713 4085 784 4128 non
797 4085 1001 4146 supremum

171 4186 403 4248 cancellariae
427 4185 590 4249 comitem
613 4189 658 4249 de
679 4186 817 4250 Chotek
828 4187 1000 4271 Viennae,

171 4328 291 4372 mense
301 4308 463 4390 sequenti
474 4330 524 4387 ²4·
537 4309 572 4370 in
586 4308 683 4371 dieta
696 4310 872 4372 Brunensi
884 4309 1001 4372 fuerat

172 4429 402 4512 introductus,
425 4440 460 4492 et
476 4430 597 4493 statim
613 4434 809 4513 deputatus
825 4451 890 4511 pro
908 4450 1001 4493 corn-

170 4552 350 4615 missariis.
377 4573 424 4630 14.
446 4552 613 4616 Octobris
633 4551 826 4617 Othmarus
849 4574 1000 4636 praepo-

172 4673 259 4737 situs
270 4675 307 4737 in
321 4674 473 4737 ecclesia
486 4676 677 4759 collegiata
694 4677 779 4738 ads.
794 4676 1000 4740 Mauritium

170 4794 347 4860 Cremsirii
357 4816 423 4878 per
432 4797 639 4880 episcopum
650 4797 922 4863 Olomucensem
931 4799 1001 4861 sol-

170 4920 332 4983 lemniter
346 4920 464 4983 fuerat
482 4921 703 5004 benedictus,
720 4932 757 4984 et
774 4913 902 4984 abhinc
920 4941 999 5003 per·

170 5041 267 5125 longi
295 5042 372 5106 eius
399 5041 582 5125 regiminis
612 5041 687 5105 fata
713 5042 816 5106 nobis
842 5044 1000 5107 breviter

170 5164 316 5228 veniunt
334 5164 532 5229 referenda.
556 5164 663 5228 Anno
683 5165 866 5249 regiminis
885 5167 999 5249 primo

170 5286 289 5349 statim
309 5287 548 5369 praelaturam
568 5286 604 5349 in
619 5287 827 5350 hodiernum
843 5288 999 5352 restituit

169 5417 300 5470 statum
332 5418 369 5471 et
395 5407 634 5490 suppellectili
662 5409 873 5491 elegantiori
903 5409 999 5472 locu-

1043 2261 1046 2387 Ι

1086 635 1246 716 pletavit.
1279 634 1451 718 Sequenti
1478 638 1648 701 sacellum
1675 638 1807 702 ibidem
1835 659 1918 702 con·

1086 759 1216 822 struxit
1229 759 1696 835 sollemniterbenedictum;
1708 761 1917 825 fundamen-

1085 890 1123 944 ta
1149 882 1243 944 iacta
1266 886 1453 965 augendae
1479 895 1515 947 et
1539 886 1779 948 exstruendae
1804 886 1916 948 eccle-

1086 1003 1160 1066 siae
1173 1024 1200 1065 6.
1213 1002 1336 1067 Crucis
1351 1005 1387 1068 in
1403 1005 1538 1087 oppido
1550 1005 1725 1089 Raigrad,
1742 1005 1916 1070 ecclesiae

1086 1136 1122 1188 et
1134 1127 1241 1189 turris
1250 1129 1684 1193 Domasoviensistectum
1696 1139 1916 1210 renovatum,
1944 1187 1945 1191 ,

1086 1249 1283 1312 amicabilis
1314 1250 1525 1332 compositio
1556 1262 1704 1333 propter
1740 1253 1914 1333 quosdam

1086 1390 1193 1453 agros
1206 1391 1285 1434 cum
1296 1373 1576 1436 Rossicensibus
1589 1385 1625 1436 et
1640 1353 1916 1437 Aichhornensi·

1085 1495 1153 1555 bus
1169 1493 1266 1576 inita,
1287 1515 1345 1557 res
1366 1495 1512 1577 equaria
1527 1515 1699 1578 prospere
1721 1506 1826 1559 aucta
1850 1506 1915 1559 est.

1085 1616 1192 1678 Anno
1218 1620 1298 1695 1766
1318 1628 1355 1680 et
1376 1619 1608 1699 sequentibus
1632 1620 1771 1681 duobus
1794 1618 1916 1681 lustris

1085 1739 1237 1802 ecclesia
1253 1741 1514 1804 monasterialis
1533 1741 1656 1804 ruinae
1676 1741 1814 1805 iteratis
1830 1741 1915 1803 vici·

1084 1863 1152 1924 bus
1178 1872 1294 1925 terrae
1321 1873 1419 1925 motu
1450 1866 1529 1942 1763
1558 1863 1760 1945 propinqua
1786 1865 1833 1925 ad
1862 1863 1915 1926 in·

1083 1994 1224 2067 tegrum
1250 1997 1438 2066 reparatur
1468 2004 1582 2067 aeque
1614 2004 1656 2047 ac
1687 1985 1915 2067 bibliotheca,

1085 2125 1189 2187 quam
1206 2107 1315 2169 variis
1330 2106 1432 2169 novis
1448 2106 1741 2188 acquisitionibus
1763 2127 1915 2170 summo-

1084 2247 1169 2308 pere
1183 2229 1415 2310 locupletavit
1425 2228 1617 2294 Othmarus
1629 2230 1810 2292 literarum
1822 2250 1914 2292 sum·

1083 2371 1161 2414 mus
1183 2350 1311 2416 fautor.
1336 2351 1424 2414 Cum
1447 2354 1494 2414 ab
1517 2354 1599 2415 aula
1628 2372 1796 2416 caesarea
1820 2373 1912 2416 anno

1088 2479 1165 2554 1767
1190 2475 1403 2556 rescriptum
1426 2485 1642 2558 emanasset,
1665 2495 1734 2557 quo
1755 2474 1911 2538 dominia

1082 2599 1296 2659 tenebantur
1309 2597 1460 2659 subditis
1475 2598 1609 2679 domos,
1622 2597 1682 2660 ubi
1694 2597 1909 2678 habitarent,

1083 2721 1253 2800 vendere,
1288 2720 1540 2782 monasterium
1571 2732 1731 2782 nostrum
1762 2720 1914 2801 primum
2022 2785 2030 2795 ,

1082 2841 1158 2904 fere
1186 2842 1221 2904 in
1241 2842 1404 2905 Moravia
1427 2841 1504 2924 fuit,
1531 2844 1626 2923 quod
1647 2843 1810 2905 subditos
1830 2861 1914 2904 suos

1083 2984 1104 3027 a
1120 2964 1292 3028 servitute
1312 2965 1443 3027 liberos
1464 2965 1659 3044 (1661616116,
1682 2965 1806 3025 domos
1824 2962 1912 3044 ipsis

1082 3086 1315 3150 hereditarias
1327 3086 1484 3149 tradidit.
1504 3084 1667 3148 Ecclesia
1679 3104 1706 3149 s.
1719 3084 1842 3148 Crucis
1855 3086 1913 3148 die

1084 3212 1113 3271 3.
1126 3208 1213 3271 Maii
1230 3210 1262 3273 h.
1280 3229 1310 3272 6.
1324 3230 1346 3271 6
1361 3208 1569 3290 praeposito
1582 3207 1805 3270 benedicitur
1817 3217 1853 3270 61
1866 3209 1912 3270 ab

1082 3331 1254 3412 episcopo
1267 3329 1496 3395 Olomucensi
1508 3329 1720 3411 parochialis
1737 3329 1772 3391 in
1784 3347 1913 3411 perpe·

1082 3462 1181 3515 tuum
1198 3452 1407 3515 declaratur.
1424 3453 1532 3515 Anno
1546 3455 1627 3532 1768
1639 3452 1733 3514 111616
1745 3449 1913 3515 11106116-

1082 3575 1183 3637 16616
1211 3594 1336 3656 71616111
1363 3572 1521 3656 7116116116
1548 3582 1720 3655 cassatur,
1744 3583 1780 3635 et
1807 3573 1914 3654 paulo

1082 3707 1165 3778 post
1181 3697 1338 3779 capitulo
1350 3696 1510 3780 generali
1522 3695 1716 3759 Btevnovii
1732 3696 1912 3759 celebrato

1082 3820 1310 3900 praepositus
1337 3829 1458 3882 noster
1481 3819 1595 3901 adest,
1623 3818 1659 3881 in
1682 3838 1752 3900 quo
1777 3827 1913 3881 statuta

1083 3942 1196 4023 prima
1222 3942 1301 4004 vice
1329 3942 1364 4003 in
1391 3961 1498 4004 unum
1524 3943 1672 4003 redacta
1703 3940 1813 4003 fuere.
1848 3937 1912 4003 Se-

1083 4064 1206 4146 quenti
1226 4063 1411 4127 tribunalis
1428 4063 1622 4126 Brunensis
1638 4063 1849 4125 secretarius
1867 4064 1911 4125 de

1081 4187 1177 4249 Hakl
1199 4206 1338 4249 omnem
1362 4205 1462 4249 suam
1479 4185 1716 4249 substantiam
1731 4185 1834 4248 nobis
1855 4204 1911 4248 ce-

1082 4308 1143 4392 dit,
1160 4329 1206 4371 ex
1223 4329 1293 4391 qua
1308 4308 1408 4371 varia
1421 4309 1593 4372 ecclesiae
1607 4308 1771 4371 utensilia
1783 4328 1911 4389 paran-

1081 4441 1147 4512 tur,
1156 4431 1240 4493 villa
1252 4430 1290 4534 in
1299 4430 1472 4513 Hluboky
1484 4431 1688 4512 exstruitur,
1709 4449 1786 4509 1772
1805 4429 1911 4491 vinea

1080 4552 1116 4614 in
1130 4552 1342 4636 Rybesovic
1359 4552 1394 4613 in
1405 4553 1484 4614 loco
1500 4553 1598 4635 prius
1611 4553 1743 4615 inculto
1755 4560 1792 4614 et
1804 4571 1909 4613 saxo·

1080 4695 1120 4738 so
1136 4694 1268 4757 magna
1284 4674 1437 4755 pecunia
1452 4677 1643 4757 plantatur,
1664 4672 1763 4735 cuius
1780 4673 1831 4734 rei
1846 4692 1909 4754 pa-

1079 4800 1206 4861 rochus
1230 4796 1492 4861 Seelovicensis
1514 4798 1667 4859 Ioannes
1689 4794 1836 4876 Krath'i
1860 4796 1909 4857 le·

1079 4931 1166 5003 gato
1182 4939 1246 4982 suo
1262 4918 1429 5001 praebuit
1448 4918 1681 4982 occasionem.
1705 4917 1795 4979 Item
1816 4938 1909 4981 anno

1084 5062 1159 5122 1771
1176 5041 1325 5124 erigitur
1336 5041 1622 5122 pharmacopoea
1635 5040 1669 5101 in
1681 5040 1907 5121 monasteri0,

1080 5184 1171 5246 quae
1198 5174 1317 5226 autem
1346 5166 1422 5225 1861
1453 5161 1622 5225 fratribus
1645 5160 1908 5224 misericordiae

1078 5285 1322 5349 Brunensibus
1346 5284 1494 5348 vendita
1521 5294 1585 5348 est.
1621 5281 1798 5348 Sacellum
1826 5293 1909 5364 post

1078 5408 1279 5471 incendium
1299 5408 1334 5471 in
1354 5427 1450 5491 pago
1467 5406 1655 5488 Opatowic
1675 5410 1792 5470 denuo
1812 5426 1909 5470 erec-
