4178 6196
902 467 1187 536 „119-

171 669 246 711 rum
269 644 518 730 mysteriorum
541 648 805 710 venerationem
830 649 1004 712 conduce-

172 779 238 852 ret,
256 769 505 833 ethonestatis
521 789 663 832 sensum
679 770 826 832 iuvaret.

256 892 445 954 Dedicatio
473 893 555 954 novi
585 893 708 973 templi
740 894 880 955 demum
911 910 1003 955 anno

177 1019 253 1095 1783
268 1017 314 1078 ab
332 1035 381 1077 21.
392 1016 438 1077 ad
449 1019 500 1077 28.
510 1012 610 1095 Sept.
628 1016 896 1079 sollemnissime
912 1017 1004 1079 cele-

171 1140 273 1200 brata
282 1147 347 1218 est,
354 1146 390 1200 et
402 1157 531 1199 annum
540 1138 633 1201 hunc
644 1146 767 1199 tantae
777 1138 1004 1201 sollemnitati

173 1260 329 1322 studiose
350 1259 549 1322 reservavit
569 1261 682 1323 abbas
700 1260 885 1343 Martinus,
908 1262 1003 1342 quod

172 1381 326 1463 diploma
339 1380 556 1443 fundationis
565 1382 733 1445 abbatiae
747 1385 792 1445 ad
805 1403 831 1445 s.
846 1383 1003 1446 Blasium

172 1504 217 1564 ab
233 1502 366 1567 Ottone
382 1504 426 1567 II.
448 1503 661 1585 imperatore
686 1526 779 1568 anno
803 1511 863 1585 983
889 1507 1003 1588 publi-

171 1634 288 1688 catum
312 1625 434 1707 fuerit,
460 1625 639 1689 fundatori
665 1629 699 1688 b.
726 1627 953 1710 Reginberto
982 1650 1003 1691 a

171 1759 272 1828 patre
294 1748 369 1810 eius
393 1748 606 1829 imperatore
630 1747 764 1813 Ottone
786 1750 811 1812 Ι.
837 1751 896 1813 diu
919 1761 1002 1814 ante

172 1869 392 1951 promissum,
420 1880 459 1933 ut
482 1873 572 1934 adeo
597 1892 748 1935 unacum
772 1874 854 1935 novi
880 1876 1001 1955 templi

172 1992 394 2054 dedicatione
425 1994 606 2056 saeculum
637 2005 803 2057 octavum
834 1996 1002 2058 abbatiae

173 2132 199 2175 s.
216 2113 327 2176 Blasii
344 2114 447 2176 simul
463 2116 712 2198 celebraretur,
734 2126 771 2179 et
790 2118 1001 2200 benignissi-

171 2256 226 2297 mo
250 2235 393 2298 Numini
422 2256 492 2299 non
519 2240 624 2300 modo
651 2258 716 2319 pro
744 2241 1001 2302 restauratione

172 2359 345 2420 combusti
362 2359 486 2440 templi
508 2369 544 2422 et
563 2362 777 2443 monasterii,
799 2363 863 2423 sed
885 2372 921 2425 et
936 2382 1001 2443 pro

171 2479 349 2542 immensis
370 2481 537 2543 abbatiae
561 2491 597 2544 et
619 2485 889 2566 congregationi
912 2483 1001 2548 San-

172 2601 362 2665 Blasianae
386 2621 452 2683 per
475 2602 615 2685 integra
637 2616 718 2667 octo
740 2607 883 2669 saecula
909 2607 1002 2670 datis

169 2724 352 2787 beneficiis
367 2744 432 2805 per
449 2724 609 2807 integros
622 2736 702 2789 octo
716 2728 792 2790 dies
809 2729 1001 2811 gratiarum

170 2848 327 2909 actiones
342 2848 485 2928 publice
502 2857 539 2911 et
554 2848 684 2912 festive
701 2852 1002 2931 persolverentur;

171 2969 337 3032 abbatiae
366 2970 500 3051 quippe
528 2991 554 3033 s.
583 2972 694 3034 Blasii
723 2982 800 3036 erat
824 2976 1003 3037 saeculum

171 3100 349 3164 octavum;
368 3093 497 3154 etenim
514 3095 765 3157 monasterium
782 3097 848 3158 sub
865 3097 1003 3160 nomine

174 3211 313 3295 ,Cellae
333 3213 481 3277 fratrum
503 3218 549 3278 ad
565 3217 716 3280 Albam“
742 3219 812 3281 iam
837 3219 897 3281 diu
920 3228 1003 3282 ante

173 3335 247 3396 orbi
269 3345 391 3397 notum
412 3347 499 3400 erat.
525 3338 604 3419 Qua
627 3340 764 3402 ratione
785 3343 1003 3404 sollemnitas

172 3458 259 3519 haec
276 3458 510 3522 dedicationis
527 3462 650 3542 templi
667 3463 724 3524 die
743 3484 793 3525 21.
806 3462 906 3545 Sept.
923 3483 1002 3545 per-

173 3588 274 3641 actae
302 3581 421 3642 divino
449 3581 566 3645 officio
595 3585 630 3646 in
658 3605 795 3648 summo
826 3587 930 3648 altari
956 3588 1002 3648 ab

171 3702 361 3764 abbatibus
384 3704 645 3768 confoederatis
663 3710 852 3771 decantato
870 3718 905 3771 et
921 3729 1003 3771 con-

173 3823 332 3886 cionibus
364 3826 474 3887 sacris
504 3830 550 3889 ab
576 3830 775 3892 oratoribus
803 3831 1002 3914 insignibus

157 3946 302 4008 habitis
329 3948 365 4010 in
389 3950 465 4010 dies
485 3951 667 4014 celebrata
690 3952 807 4034 fuerit,
831 3963 933 4035 patet
957 3974 1003 4016 ex

173 4068 291 4131 libello
323 4070 419 4152 typis
450 4069 781 4138 San-Gallensibus
813 4077 909 4138 edito
937 4048 1003 4138 sub

173 4190 291 4252 titulo:
326 4191 596 4274 ,Feierlichkeit
627 4196 691 4258 des
721 4197 757 4259 in
789 4196 825 4261 S.
858 4198 1004 4260 Blasien
1048 4200 1052 4208 '

172 4312 432 4395 eingeweihten
459 4337 574 4379 neuen
597 4318 797 4399 Tempels“.
826 4321 885 4383 Ad
911 4341 1005 4383 com·

174 4438 378 4513 pensandas
408 4438 575 4520 reliquias
605 4451 808 4504 sanctorum
840 4444 1005 4507 incendio

174 4559 389 4642 deperditas,
407 4561 466 4643 pio
482 4563 604 4625 labore
627 4584 668 4626 ac
691 4566 809 4628 studio
834 4569 879 4629 ad
902 4587 1005 4629 sexa·

174 4680 274 4761 ginta
295 4691 331 4743 et
352 4684 444 4745 ultra
464 4695 664 4748 sanctorum
690 4688 840 4751 exuvias
863 4691 1006 4773 collegit

174 4805 286 4867 abbas
314 4804 504 4882 Martinus;
533 4809 770 4872 nobilissimas
797 4831 843 4873 ex
870 4812 1005 4875 munifi·

175 4928 291 4989 centia
299 4928 489 5010 Augustae
501 4930 638 4993 Mariae
649 4932 841 4996 Theresiae
854 4936 1004 5018 accepit,

174 5050 310 5112 scilicet
337 5058 364 5114 s.
388 5051 545 5114 Pirminii
570 5073 636 5135 ep,
665 5075 691 5116 s
717 5055 887 5120 Fridolini
912 5060 1004 5141 abb,

176 5190 201 5232 s.
222 5172 394 5252 Leopoldi
416 5176 546 5238 march.
573 5185 609 5237 et
633 5195 661 5238 s.
686 5177 805 5240 Iohan.
827 5179 1005 5261 Nepomu·

175 5292 253 5356 ceni
269 5314 327 5368 m.;
345 5315 391 5357 ex
403 5295 567 5359 familiari
580 5298 734 5361 amicitia
748 5301 1004 5384 archiepiscopi

175 5414 463 5482 Vindobonensis
486 5421 674 5484 cardinalis
695 5422 844 5505 Migazzi
868 5443 895 5486 s.
918 5423 1005 5489 Ger-

1043 649 1047 662 '
1084 648 1174 711 vasii
1196 657 1232 712 et
1247 646 1402 710 Protasii
1422 668 1465 711 m.
1491 656 1528 710 et
1547 666 1574 710 s.
1591 648 1754 711 Morandi
1776 650 1856 712 abb.
1880 649 1915 712 in

1084 772 1238 846 Alsatia3
1263 791 1284 833 a
1310 770 1522 852 quibusdam
1544 768 1756 834 Germaniae
1778 771 1914 851 episco-

1084 893 1149 975 pis,
1176 892 1369 956 abbatibus
1397 891 1545 973 aliisque
1573 892 1733 973 patronis
1759 892 1914 973 reliquas

1084 1035 1205 1078 omnes
1218 1035 1297 1078 cum
1310 1014 1516 1077 authentiae
1528 1014 1739 1078 testimoniis
1751 1014 1913 1078 obtinuit.

1082 1138 1273 1202 Defectum
1289 1137 1472 1200 sacristiae
1490 1137 1597 1220 etiam
1613 1139 1805 1220 supplebat
1821 1158 1914 1200 com·
1942 1194 1945 1200 .

1084 1261 1219 1341 paratis
1246 1260 1407 1341 pluribus
1436 1260 1653 1340 paramentis
1681 1280 1723 1323 ae
1752 1261 1914 1323 vestibus

1083 1382 1193 1444 sacris
1201 1382 1368 1463 pretiosis
1377 1401 1418 1444 ac
1427 1382 1631 1444 melioribus
1640 1402 1681 1445 ac
1695 1382 1792 1464 prius
1803 1391 1913 1464 erant,

1083 1514 1209 1568 ornatu
1225 1505 1436 1585 praesertim
1451 1503 1633 1586 pontificio
1655 1524 1701 1566 ex
1716 1504 1914 1567 holoserico

1082 1629 1177 1691 rubri
1203 1627 1330 1690 coloris
1353 1626 1412 1690 filo
1436 1637 1609 1710 argenteo
1631 1627 1784 1709 intexto,
1810 1646 1913 1708 quem

1083 1752 1326 1832 Argentorato
1342 1749 1496 1831 repetiit,
1518 1759 1554 1812 et
1575 1749 1645 1811 alia
1660 1749 1810 1830 plurima
1826 1767 1913 1811 vasa

1082 1892 1183 1935 sacra
1198 1871 1274 1934 fieri
1290 1872 1385 1936 fecit.

1167 1996 1280 2058 Nimis
1288 1997 1434 2077 longum
1446 2004 1510 2077 est,
1521 1993 1727 2076 singillatim
1737 2012 1911 2075 enarrare,

1082 2134 1173 2200 quae
1190 2128 1226 2180 et
1243 2128 1329 2199 quot
1344 2118 1413 2180 alia
1430 2118 1545 2179 adhuc
1561 2114 1724 2178 aedificia
1739 2115 1798 2177 vel
1812 2124 1913 2177 vetu-

1081 2250 1173 2303 state
1194 2249 1361 2321 corrupta
1385 2247 1422 2301 et
1443 2238 1565 2300 ruinae
1591 2238 1752 2319 proxima
1778 2246 1913 2299 restau-

1080 2363 1221 2444 raverit,
1232 2363 1289 2424 vel
1302 2382 1321 2424 e
1333 2361 1574 2424 fundamentis
1587 2358 1814 2422 exstruxerit.
1831 2357 1912 2420 Non

1082 2487 1195 2548 solum
1218 2485 1254 2547 in
1275 2485 1357 2547 divo
1379 2484 1499 2546 Blasio
1524 2470 1768 2545 extra‘muros
1792 2481 1912 2561 plures

1083 2606 1348 2670 aedificationes
1368 2606 1453 2669 fecit
1473 2603 1694 2668 necessarias
1715 2601 1856 2664 omnino
1878 2610 1914 2663 et

1082 2731 1197 2812 utileS,
1219 2730 1283 2792 sed
1305 2728 1390 2791 foris
1411 2729 1446 2790 in
1471 2727 1590 2790 multis
1613 2726 1700 2788 locis
1723 2725 1855 2787 sacella
1879 2733 1914 2786 et

1084 2852 1254 2915 ecclesias
1269 2852 1328 2912 vel
1343 2849 1525 2931 reparavit
1540 2848 1750 2928 ornavitque
1762 2847 1821 2909 vel
1836 2845 1914 2908 fun-

1084 2977 1178 3037 ditus
1194 2972 1406 3054 aedificavit,
1427 2971 1512 3034 item
1534 2971 1643 3033 aedes
1658 2988 1723 3050 pro
1740 2967 1914 3047 expositis

1084 3097 1261 3160 Blasianis
1284 3094 1458 3177 parochiS,
1483 3095 1608 3156 horrea
1633 3101 1669 3154 et
1693 3090 1763 3153 alia
1787 3107 1852 3170 pro
1875 3108 1914 3151 re

1082 3221 1216 3284 rustica
1235 3217 1437 3282 necessaria
1457 3225 1519 3280 aut
1538 3216 1638 3278 utilia
1659 3212 1832 3294 aedificia,
1853 3212 1914 3273 do-

1083 3363 1159 3407 mos
1175 3363 1240 3424 pro
1255 3340 1363 3404 variis
1384 3339 1605 3420 officialibus,
1627 3339 1794 3400 silvarum
1815 3355 1914 3398 cura·

1082 3466 1219 3528 toribus
1239 3463 1387 3543 aliisque
1403 3460 1607 3523 muneribus
1623 3457 1815 3540 praefectis
1832 3453 1918 3518 con-⁸

1083 3588 1225 3660 struxit;
1254 3585 1368 3649 erexit
1395 3584 1550 3666 hospitia
1579 3581 1849 3664 peregrinorum
1878 3588 1914 3641 et

1082 3705 1292 3793 pauperunf;
1317 3707 1402 3770 fecit
1425 3716 1553 3788 pontes
1560 3755 1569 3787 ,
1595 3704 1722 3768 stravit
1745 3703 1838 3776 vias;
1863 3700 1914 3764 in·
1965 3754 1969 3762 .

1083 3853 1190 3916 super
1221 3818 1410 3913 quotannis
1439 3838 1553 3892 ratam
1581 3837 1720 3909 partem
1749 3844 1916 3908 magnam

1083 3956 1242 4023 conferre
1259 3955 1417 4016 debebat
1433 3953 1468 4016 in
1484 3951 1654 4015 ecclesias
1668 3960 1703 4012 et
1717 3951 1840 4011 domos
1853 3968 1915 4028 pa·

1085 4089 1219 4141 storum
1242 4076 1518 4139 acatholicorum
1542 4073 1804 4136 marchionatus
1824 4071 1915 4132 Dur-

1083 4201 1235 4263 lacensis
1256 4201 1301 4262 ad
1321 4200 1489 4262 maiorem
1510 4207 1702 4279 pastorum,
1725 4193 1914 4274 coniugum

1085 4333 1121 4386 et
1141 4324 1292 4404 prolium
1308 4323 1404 4384 vitae
1425 4319 1720 4383 commoditatem.
1745 4315 1806 4377 Ad
1827 4315 1914 4376 haec

1085 4447 1202 4509 omnia
1213 4445 1431 4527 praestanda
1442 4443 1647 4505 immensam
1661 4438 1736 4500 fere
1749 4435 1915 4518 pecunia·

1085 4591 1162 4633 rum
1191 4589 1361 4633 summam
1389 4566 1575 4648 expendit,
1607 4564 1717 4626 multo
1748 4560 1915 4623 maiorem

1085 4692 1157 4754 ullo
1174 4693 1304 4754 abbate
1321 4700 1558 4752 antecessore.

1172 4812 1288 4876 Etiam
1315 4811 1564 4892 patrimonium
1591 4829 1617 4870 s.
1643 4805 1754 4869 Blasii
1781 4822 1915 4886 augere

1085 4956 1155 4999 non
1172 4935 1368 4997 omittebat.
1385 4935 1427 4997 In
1439 4953 1534 5016 pago
1548 4930 1819 4995 Grafenhausen
1832 4925 1916 4988 emit

1085 5058 1276 5139 hospitium
1312 5077 1390 5119 cum
1420 5055 1575 5138 praediis
1611 5063 1648 5116 et
1678 5053 1821 5114 domum
1850 5068 1916 5132 pro

1084 5180 1304 5243 habitatione
1331 5180 1498 5242 silvarum
1521 5175 1709 5259 praefecti,
1739 5184 1775 5238 et
1803 5191 1916 5255 prope

1086 5303 1356 5367 Grafenhausen
1373 5301 1468 5363 aliud
1483 5298 1685 5381 hospitium,
1708 5306 1748 5360 ut
1769 5296 1817 5358 ibi
1834 5295 1916 5358 vina

1085 5447 1111 5489 s.
1125 5425 1236 5490 Blasii
1248 5424 1341 5488 iusto
1354 5424 1468 5506 pretio
1481 5423 1767 5485 divenderentur.
1783 5419 1825 5481 In
1837 5419 1916 5480 loco
