<?xml version="1.0" encoding="UTF-8"?>
<!DOCTYPE html PUBLIC "-//W3C//DTD XHTML 1.0 Transitional//EN"
    "http://www.w3.org/TR/xhtml1/DTD/xhtml1-transitional.dtd">
<html xmlns="http://www.w3.org/1999/xhtml" xml:lang="en" lang="en">
 <head>
  <title>
</title>
<meta http-equiv="Content-Type" content="text/html;charset=utf-8" />
  <meta name='ocr-system' content='tesseract 3.04.00' />
  <meta name='ocr-capabilities' content='ocr_page ocr_carea ocr_par ocr_line ocrx_word'/>
</head>
<body>
  <div class='ocr_page' id='page_1' title='image "./scriptoresordin00austgoog_0306.png"; bbox 0 0 4178 6196; ppageno 0'>
   <div class='ocr_carea' id='block_1_1' title="bbox 900 463 1183 532">
    <p class='ocr_par' dir='ltr' id='par_1_1' title="bbox 900 463 1183 532">
     <span class='ocr_line' id='line_1_1' title="bbox 900 463 1183 532; baseline 0 -36"><span class='ocrx_word' id='word_1_1' title='bbox 900 463 1078 532; x_wconf 75' lang='lat' dir='ltr'><strong>—m</strong></span> <span class='ocrx_word' id='word_1_2' title='bbox 1137 485 1183 496; x_wconf 88' lang='lat'><strong>..</strong></span> 
     </span>
    </p>
   </div>
   <div class='ocr_carea' id='block_1_2' title="bbox 172 649 1007 2692">
    <p class='ocr_par' dir='ltr' id='par_1_2' title="bbox 172 649 1007 2692">
     <span class='ocr_line' id='line_1_2' title="bbox 172 649 1006 735; baseline -0.002 -20"><span class='ocrx_word' id='word_1_3' title='bbox 172 673 202 729; x_wconf 94' lang='lat'><strong>4.</strong></span> <span class='ocrx_word' id='word_1_4' title='bbox 215 650 297 715; x_wconf 90' lang='lat' dir='ltr'><strong>Oct.</strong></span> <span class='ocrx_word' id='word_1_5' title='bbox 312 655 404 735; x_wconf 91' lang='lat'>1840,</span> <span class='ocrx_word' id='word_1_6' title='bbox 417 652 578 715; x_wconf 87' lang='lat' dir='ltr'>sollemni</span> <span class='ocrx_word' id='word_1_7' title='bbox 591 650 812 734; x_wconf 84' lang='lat' dir='ltr'>professione</span> <span class='ocrx_word' id='word_1_8' title='bbox 824 649 1006 714; x_wconf 91' lang='lat' dir='ltr'><strong>Mellicen·</strong></span> 
     </span>
     <span class='ocr_line' id='line_1_3' title="bbox 173 772 1002 856; baseline -0.005 -19"><span class='ocrx_word' id='word_1_9' title='bbox 173 774 264 837; x_wconf 92' lang='lat' dir='ltr'><strong>sium</strong></span> <span class='ocrx_word' id='word_1_10' title='bbox 282 774 400 837; x_wconf 89' lang='lat' dir='ltr'><strong>coetui</strong></span> <span class='ocrx_word' id='word_1_11' title='bbox 420 775 642 856; x_wconf 88' lang='lat' dir='ltr'><strong>adgregatus</strong></span> <span class='ocrx_word' id='word_1_12' title='bbox 663 772 719 834; x_wconf 92' lang='lat' dir='ltr'><strong>die</strong></span> <span class='ocrx_word' id='word_1_13' title='bbox 745 777 793 836; x_wconf 89' lang='lat'><strong>18.</strong></span> <span class='ocrx_word' id='word_1_14' title='bbox 809 773 905 854; x_wconf 88' lang='lat' dir='ltr'><strong>Aug.</strong></span> <span class='ocrx_word' id='word_1_15' title='bbox 926 775 1002 850; x_wconf 90' lang='lat'>1841</span> 
     </span>
     <span class='ocr_line' id='line_1_4' title="bbox 172 894 1007 983; baseline -0.001 -25"><span class='ocrx_word' id='word_1_16' title='bbox 172 898 344 983; x_wconf 90' lang='lat' dir='ltr'><strong>sacerdos</strong></span> <span class='ocrx_word' id='word_1_17' title='bbox 357 897 402 959; x_wconf 89' lang='lat' dir='ltr'><strong>ad</strong></span> <span class='ocrx_word' id='word_1_18' title='bbox 416 917 513 959; x_wconf 88' lang='lat' dir='ltr'><strong>aram</strong></span> <span class='ocrx_word' id='word_1_19' title='bbox 527 896 636 959; x_wconf 90' lang='lat' dir='ltr'><strong>stetit.</strong></span> <span class='ocrx_word' id='word_1_20' title='bbox 652 894 713 958; x_wconf 85' lang='lat' dir='ltr'><strong>Ab</strong></span> <span class='ocrx_word' id='word_1_21' title='bbox 725 914 816 957; x_wconf 90' lang='lat' dir='ltr'><strong>anno</strong></span> <span class='ocrx_word' id='word_1_22' title='bbox 834 899 912 973; x_wconf 84' lang='lat'>1842</span> <span class='ocrx_word' id='word_1_23' title='bbox 926 913 1007 977; x_wconf 90' lang='lat' dir='ltr'><strong>pro-</strong></span> 
     </span>
     <span class='ocr_line' id='line_1_5' title="bbox 174 1017 1006 1100; baseline -0.001 -20"><span class='ocrx_word' id='word_1_24' title='bbox 174 1018 292 1087; x_wconf 90' lang='lat' dir='ltr'><strong>fessor</strong></span> <span class='ocrx_word' id='word_1_25' title='bbox 309 1017 483 1080; x_wconf 90' lang='lat' dir='ltr'><strong>classibus</strong></span> <span class='ocrx_word' id='word_1_26' title='bbox 499 1017 834 1100; x_wconf 70' lang='lat' dir='ltr'><strong>grammaticalibus</strong></span> <span class='ocrx_word' id='word_1_27' title='bbox 851 1019 898 1079; x_wconf 90' lang='lat' dir='ltr'><strong>ab</strong></span> <span class='ocrx_word' id='word_1_28' title='bbox 914 1036 1006 1080; x_wconf 92' lang='lat' dir='ltr'><strong>anno</strong></span> 
     </span>
     <span class='ocr_line' id='line_1_6' title="bbox 178 1136 1006 1222; baseline -0.002 -18"><span class='ocrx_word' id='word_1_29' title='bbox 178 1145 258 1220; x_wconf 93' lang='lat'>1844</span> <span class='ocrx_word' id='word_1_30' title='bbox 275 1140 541 1203; x_wconf 84' lang='lat' dir='ltr'>humanioribus</span> <span class='ocrx_word' id='word_1_31' title='bbox 558 1136 702 1222; x_wconf 86' lang='lat' dir='ltr'><strong>operam</strong></span> <span class='ocrx_word' id='word_1_32' title='bbox 720 1137 900 1222; x_wconf 84' lang='lat' dir='ltr'><strong>impertiit,</strong></span> <span class='ocrx_word' id='word_1_33' title='bbox 926 1143 1006 1218; x_wconf 88' lang='lat'>1846</span> 
     </span>
     <span class='ocr_line' id='line_1_7' title="bbox 172 1259 1006 1343; baseline -0.004 -18"><span class='ocrx_word' id='word_1_34' title='bbox 172 1263 410 1326; x_wconf 89' lang='lat' dir='ltr'><strong>vicedirector</strong></span> <span class='ocrx_word' id='word_1_35' title='bbox 423 1261 618 1343; x_wconf 92' lang='lat' dir='ltr'><strong>convictus,</strong></span> <span class='ocrx_word' id='word_1_36' title='bbox 636 1264 716 1338; x_wconf 88' lang='lat'>1848</span> <span class='ocrx_word' id='word_1_37' title='bbox 729 1259 910 1342; x_wconf 86' lang='lat' dir='ltr'>professor</span> <span class='ocrx_word' id='word_1_38' title='bbox 922 1279 1006 1342; x_wconf 90' lang='lat' dir='ltr'><strong>geo·</strong></span> 
     </span>
     <span class='ocr_line' id='line_1_8' title="bbox 173 1383 1006 1468; baseline -0.005 -22"><span class='ocrx_word' id='word_1_39' title='bbox 173 1385 349 1468; x_wconf 86' lang='lat' dir='ltr'><strong>graphiae</strong></span> <span class='ocrx_word' id='word_1_40' title='bbox 373 1395 409 1447; x_wconf 93' lang='lat' dir='ltr'><strong>et</strong></span> <span class='ocrx_word' id='word_1_41' title='bbox 432 1383 612 1464; x_wconf 85' lang='lat' dir='ltr'><strong>historiae,</strong></span> <span class='ocrx_word' id='word_1_42' title='bbox 641 1387 722 1446; x_wconf 82' lang='lat'>1850</span> <span class='ocrx_word' id='word_1_43' title='bbox 744 1383 947 1445; x_wconf 89' lang='lat' dir='ltr'><strong>matheseos</strong></span> <span class='ocrx_word' id='word_1_44' title='bbox 971 1392 1006 1443; x_wconf 91' lang='lat' dir='ltr'><strong>et</strong></span> 
     </span>
     <span class='ocr_line' id='line_1_9' title="bbox 174 1504 1006 1589; baseline -0.005 -20"><span class='ocrx_word' id='word_1_45' title='bbox 174 1507 400 1588; x_wconf 85' lang='lat' dir='ltr'><strong>vernaculae,</strong></span> <span class='ocrx_word' id='word_1_46' title='bbox 421 1510 500 1586; x_wconf 82' lang='lat'>1854</span> <span class='ocrx_word' id='word_1_47' title='bbox 515 1507 691 1588; x_wconf 91' lang='lat' dir='ltr'><strong>parochus</strong></span> <span class='ocrx_word' id='word_1_48' title='bbox 703 1505 738 1589; x_wconf 85' lang='lat' dir='ltr'><strong>in</strong></span> <span class='ocrx_word' id='word_1_49' title='bbox 752 1504 1006 1569; x_wconf 91' lang='lat' dir='ltr'><strong>Untersieben-</strong></span> 
     </span>
     <span class='ocr_line' id='line_1_10' title="bbox 173 1626 1006 1712; baseline -0.004 -21"><span class='ocrx_word' id='word_1_50' title='bbox 173 1630 307 1712; x_wconf 91' lang='lat' dir='ltr'><strong>brunn,</strong></span> <span class='ocrx_word' id='word_1_51' title='bbox 344 1632 421 1691; x_wconf 83' lang='lat'>1862</span> <span class='ocrx_word' id='word_1_52' title='bbox 451 1627 487 1692; x_wconf 91' lang='lat' dir='ltr'><strong>in</strong></span> <span class='ocrx_word' id='word_1_53' title='bbox 515 1626 691 1691; x_wconf 88' lang='lat' dir='ltr'><strong>Getsdorf</strong></span> <span class='ocrx_word' id='word_1_54' title='bbox 713 1626 913 1689; x_wconf 91' lang='lat' dir='ltr'><strong>nominatus</strong></span> <span class='ocrx_word' id='word_1_55' title='bbox 942 1634 1006 1688; x_wconf 92' lang='lat' dir='ltr'><strong>est.</strong></span> 
     </span>
     <span class='ocr_line' id='line_1_11' title="bbox 174 1721 1007 1830; baseline -0.007 -14"><span class='ocrx_word' id='word_1_56' title='bbox 174 1753 283 1817; x_wconf 90' lang='lat' dir='ltr'><strong>Anno</strong></span> <span class='ocrx_word' id='word_1_57' title='bbox 304 1721 439 1830; x_wconf 85' lang='lat' dir='ltr'><strong>1864et</strong></span> <span class='ocrx_word' id='word_1_58' title='bbox 460 1755 538 1814; x_wconf 83' lang='lat'>1865</span> <span class='ocrx_word' id='word_1_59' title='bbox 563 1751 696 1813; x_wconf 90' lang='lat' dir='ltr'><strong>diutius</strong></span> <span class='ocrx_word' id='word_1_60' title='bbox 711 1749 873 1812; x_wconf 89' lang='lat' dir='ltr'><strong>Viennae</strong></span> <span class='ocrx_word' id='word_1_61' title='bbox 894 1768 1007 1811; x_wconf 91' lang='lat' dir='ltr'><strong>mora·</strong></span> 
     </span>
     <span class='ocr_line' id='line_1_12' title="bbox 173 1854 1007 1953; baseline -0.007 -16"><span class='ocrx_word' id='word_1_62' title='bbox 173 1878 279 1938; x_wconf 91' lang='lat' dir='ltr'><strong>batur</strong></span> <span class='ocrx_word' id='word_1_63' title='bbox 293 1877 339 1937; x_wconf 92' lang='lat' dir='ltr'><strong>ad</strong></span> <span class='ocrx_word' id='word_1_64' title='bbox 349 1854 540 1936; x_wconf 88' lang='lat' dir='ltr'><strong>sanitatem</strong></span> <span class='ocrx_word' id='word_1_65' title='bbox 552 1873 847 1953; x_wconf 65' lang='lat' dir='ltr'><strong>recuperandam</strong></span> <span class='ocrx_word' id='word_1_66' title='bbox 861 1880 1007 1933; x_wconf 90' lang='lat' dir='ltr'><strong>sanatus</strong></span> 
     </span>
     <span class='ocr_line' id='line_1_13' title="bbox 174 1993 1007 2076; baseline -0.007 -16"><span class='ocrx_word' id='word_1_67' title='bbox 174 1997 208 2060; x_wconf 94' lang='lat' dir='ltr'><strong>in</strong></span> <span class='ocrx_word' id='word_1_68' title='bbox 233 1996 486 2060; x_wconf 86' lang='lat' dir='ltr'><strong>monasterium</strong></span> <span class='ocrx_word' id='word_1_69' title='bbox 506 1995 629 2076; x_wconf 90' lang='lat' dir='ltr'><strong>rediit,</strong></span> <span class='ocrx_word' id='word_1_70' title='bbox 653 1994 774 2076; x_wconf 88' lang='lat' dir='ltr'><strong>ibique</strong></span> <span class='ocrx_word' id='word_1_71' title='bbox 798 2013 863 2076; x_wconf 87' lang='lat' dir='ltr'><strong>per</strong></span> <span class='ocrx_word' id='word_1_72' title='bbox 887 1993 1007 2074; x_wconf 89' lang='lat' dir='ltr'><strong>plures</strong></span> 
     </span>
     <span class='ocr_line' id='line_1_14' title="bbox 173 2113 1006 2196; baseline -0.007 -14"><span class='ocrx_word' id='word_1_73' title='bbox 173 2137 315 2183; x_wconf 91' lang='lat' dir='ltr'><strong>menses</strong></span> <span class='ocrx_word' id='word_1_74' title='bbox 343 2127 507 2181; x_wconf 90' lang='lat' dir='ltr'><strong>versatus</strong></span> <span class='ocrx_word' id='word_1_75' title='bbox 535 2136 627 2179; x_wconf 92' lang='lat' dir='ltr'><strong>anno</strong></span> <span class='ocrx_word' id='word_1_76' title='bbox 660 2120 739 2178; x_wconf 88' lang='grc'>1865</span> <span class='ocrx_word' id='word_1_77' title='bbox 768 2117 944 2196; x_wconf 88' lang='lat' dir='ltr'><strong>parochus</strong></span> <span class='ocrx_word' id='word_1_78' title='bbox 971 2113 1006 2176; x_wconf 93' lang='lat' dir='ltr'><strong>in</strong></span> 
     </span>
     <span class='ocr_line' id='line_1_15' title="bbox 174 2237 1007 2319; baseline -0.007 -15"><span class='ocrx_word' id='word_1_79' title='bbox 174 2242 291 2305; x_wconf 87' lang='lat' dir='ltr'><strong>Plank</strong></span> <span class='ocrx_word' id='word_1_80' title='bbox 308 2252 344 2304; x_wconf 90' lang='lat' dir='ltr'><strong>et</strong></span> <span class='ocrx_word' id='word_1_81' title='bbox 365 2244 443 2319; x_wconf 91' lang='grc'>1867</span> <span class='ocrx_word' id='word_1_82' title='bbox 461 2240 496 2302; x_wconf 90' lang='grc'><strong>111</strong></span> <span class='ocrx_word' id='word_1_83' title='bbox 512 2239 732 2303; x_wconf 90' lang='lat' dir='ltr'><strong>Riedenthal</strong></span> <span class='ocrx_word' id='word_1_84' title='bbox 748 2257 854 2301; x_wconf 90' lang='lat' dir='ltr'><strong>curae</strong></span> <span class='ocrx_word' id='word_1_85' title='bbox 875 2237 1007 2299; x_wconf 90' lang='lat' dir='ltr'><strong>anima·</strong></span> 
     </span>
     <span class='ocr_line' id='line_1_16' title="bbox 174 2360 1006 2447; baseline -0.008 -19"><span class='ocrx_word' id='word_1_86' title='bbox 174 2386 249 2428; x_wconf 93' lang='lat' dir='ltr'><strong>rum</strong></span> <span class='ocrx_word' id='word_1_87' title='bbox 266 2384 412 2447; x_wconf 90' lang='lat' dir='ltr'><strong>operam</strong></span> <span class='ocrx_word' id='word_1_88' title='bbox 429 2363 537 2445; x_wconf 88' lang='lat' dir='ltr'><strong>dedit,</strong></span> <span class='ocrx_word' id='word_1_89' title='bbox 562 2373 597 2426; x_wconf 91' lang='lat' dir='ltr'><strong>et</strong></span> <span class='ocrx_word' id='word_1_90' title='bbox 618 2365 697 2442; x_wconf 83' lang='lat'><strong>1875</strong></span> <span class='ocrx_word' id='word_1_91' title='bbox 714 2360 811 2443; x_wconf 93' lang='lat' dir='ltr'><strong>prior</strong></span> <span class='ocrx_word' id='word_1_92' title='bbox 830 2360 867 2422; x_wconf 92' lang='lat' dir='ltr'><strong>in</strong></span> <span class='ocrx_word' id='word_1_93' title='bbox 887 2379 1006 2423; x_wconf 90' lang='lat' dir='ltr'><strong>mona-</strong></span> 
     </span>
     <span class='ocr_line' id='line_1_17' title="bbox 175 2482 1006 2568; baseline -0.01 -17"><span class='ocrx_word' id='word_1_94' title='bbox 175 2488 321 2551; x_wconf 91' lang='lat' dir='ltr'><strong>sterium</strong></span> <span class='ocrx_word' id='word_1_95' title='bbox 337 2505 504 2550; x_wconf 89' lang='lat' dir='ltr'><strong>reversus</strong></span> <span class='ocrx_word' id='word_1_96' title='bbox 520 2495 589 2568; x_wconf 93' lang='lat' dir='ltr'><strong>est,</strong></span> <span class='ocrx_word' id='word_1_97' title='bbox 614 2504 685 2566; x_wconf 93' lang='lat' dir='ltr'><strong>quo</strong></span> <span class='ocrx_word' id='word_1_98' title='bbox 708 2503 852 2546; x_wconf 91' lang='lat' dir='ltr'><strong>munere</strong></span> <span class='ocrx_word' id='word_1_99' title='bbox 875 2483 921 2545; x_wconf 94' lang='lat' dir='ltr'><strong>ad</strong></span> <span class='ocrx_word' id='word_1_100' title='bbox 943 2482 1006 2544; x_wconf 95' lang='lat' dir='ltr'><strong>ho-</strong></span> 
     </span>
     <span class='ocr_line' id='line_1_18' title="bbox 174 2604 951 2692; baseline -0.012 -17"><span class='ocrx_word' id='word_1_101' title='bbox 174 2612 336 2675; x_wconf 92' lang='lat' dir='ltr'><strong>diernum</strong></span> <span class='ocrx_word' id='word_1_102' title='bbox 353 2629 466 2692; x_wconf 90' lang='lat' dir='ltr'><strong>usque</strong></span> <span class='ocrx_word' id='word_1_103' title='bbox 483 2609 576 2671; x_wconf 93' lang='lat' dir='ltr'><strong>diem</strong></span> <span class='ocrx_word' id='word_1_104' title='bbox 592 2607 761 2690; x_wconf 88' lang='lat' dir='ltr'><strong>fungitur.</strong></span> <span class='ocrx_word' id='word_1_105' title='bbox 785 2604 951 2686; x_wconf 87' lang='lat' dir='ltr'><strong>Scripsit:</strong></span> 
     </span>
    </p>
   </div>
   <div class='ocr_carea' id='block_1_3' title="bbox 174 2732 1006 3421">
    <p class='ocr_par' dir='ltr' id='par_1_3' title="bbox 174 2732 1006 3421">
     <span class='ocr_line' id='line_1_19' title="bbox 263 2732 1006 2808; baseline -0.009 -14"><span class='ocrx_word' id='word_1_106' title='bbox 263 2739 286 2794; x_wconf 86' lang='lat'><strong>1.</strong></span> <span class='ocrx_word' id='word_1_107' title='bbox 295 2735 546 2804; x_wconf 76' lang='lat' dir='ltr'><strong>Gedenkblatter‚</strong></span> <span class='ocrx_word' id='word_1_108' title='bbox 557 2734 717 2808; x_wconf 88' lang='lat' dir='ltr'><strong>gewidmet</strong></span> <span class='ocrx_word' id='word_1_109' title='bbox 729 2732 787 2790; x_wconf 89' lang='lat' dir='ltr'><strong>den</strong></span> <span class='ocrx_word' id='word_1_110' title='bbox 797 2732 1006 2789; x_wconf 89' lang='lat' dir='ltr'><strong>katholischen</strong></span> 
     </span>
     <span class='ocr_line' id='line_1_20' title="bbox 176 2835 1005 2909; baseline -0.011 -10"><span class='ocrx_word' id='word_1_111' title='bbox 176 2841 365 2900; x_wconf 88' lang='lat' dir='ltr'><strong>Gemeinden</strong></span> <span class='ocrx_word' id='word_1_112' title='bbox 390 2858 450 2896; x_wconf 91' lang='lat' dir='ltr'><strong>von</strong></span> <span class='ocrx_word' id='word_1_113' title='bbox 475 2836 741 2896; x_wconf 86' lang='lat' dir='ltr'><strong>Grossriedenthal</strong></span> <span class='ocrx_word' id='word_1_114' title='bbox 765 2837 824 2893; x_wconf 89' lang='lat' dir='ltr'><strong>und</strong></span> <span class='ocrx_word' id='word_1_115' title='bbox 848 2835 1005 2909; x_wconf 88' lang='lat' dir='ltr'><strong>Neudegg‚</strong></span> 
     </span>
     <span class='ocr_line' id='line_1_21' title="bbox 174 2935 1006 3019; baseline -0.011 -16"><span class='ocrx_word' id='word_1_116' title='bbox 174 2947 217 3004; x_wconf 89' lang='lat' dir='ltr'><strong>als</strong></span> <span class='ocrx_word' id='word_1_117' title='bbox 234 2948 427 3018; x_wconf 89' lang='lat' dir='ltr'><strong>Erinnerung</strong></span> <span class='ocrx_word' id='word_1_118' title='bbox 443 2964 480 3001; x_wconf 89' lang='lat' dir='ltr'><strong>an</strong></span> <span class='ocrx_word' id='word_1_119' title='bbox 497 2935 622 3000; x_wconf 82' lang='grc'>1161126.</span> <span class='ocrx_word' id='word_1_120' title='bbox 640 2940 821 3019; x_wconf 86' lang='lat' dir='ltr'><strong>September</strong></span> <span class='ocrx_word' id='word_1_121' title='bbox 841 2939 931 3014; x_wconf 86' lang='lat'>1869,</span> <span class='ocrx_word' id='word_1_122' title='bbox 948 2939 1006 2996; x_wconf 92' lang='lat' dir='ltr'><strong>den</strong></span> 
     </span>
     <span class='ocr_line' id='line_1_22' title="bbox 175 3043 1005 3125; baseline -0.011 -18"><span class='ocrx_word' id='word_1_123' title='bbox 175 3051 245 3125; x_wconf 86' lang='lat' dir='ltr'><strong>Tag</strong></span> <span class='ocrx_word' id='word_1_124' title='bbox 261 3049 315 3106; x_wconf 89' lang='lat' dir='ltr'><strong>der</strong></span> <span class='ocrx_word' id='word_1_125' title='bbox 332 3046 730 3120; x_wconf 83' lang='lat' dir='ltr'><strong>Thurmkreuzaufsetzung.</strong></span> <span class='ocrx_word' id='word_1_126' title='bbox 755 3043 784 3123; x_wconf 80' lang='lat' dir='ltr'><strong>(i.</strong></span> <span class='ocrx_word' id='word_1_127' title='bbox 805 3064 832 3102; x_wconf 86' lang='grc'><strong>6.</strong></span> <span class='ocrx_word' id='word_1_128' title='bbox 855 3046 1005 3101; x_wconf 88' lang='lat' dir='ltr'><strong>Memora·</strong></span> 
     </span>
     <span class='ocr_line' id='line_1_23' title="bbox 175 3149 1005 3227; baseline -0.011 -16"><span class='ocrx_word' id='word_1_129' title='bbox 175 3154 246 3212; x_wconf 91' lang='lat' dir='ltr'><strong>bilia</strong></span> <span class='ocrx_word' id='word_1_130' title='bbox 262 3154 401 3211; x_wconf 88' lang='lat' dir='ltr'><strong>dedicata</strong></span> <span class='ocrx_word' id='word_1_131' title='bbox 417 3156 446 3210; x_wconf 90' lang='lat' dir='ltr'><strong>in</strong></span> <span class='ocrx_word' id='word_1_132' title='bbox 463 3152 542 3209; x_wconf 90' lang='lat' dir='ltr'><strong>sesto</strong></span> <span class='ocrx_word' id='word_1_133' title='bbox 558 3153 759 3227; x_wconf 89' lang='lat' dir='ltr'><strong>impositionis</strong></span> <span class='ocrx_word' id='word_1_134' title='bbox 776 3151 874 3206; x_wconf 91' lang='lat' dir='ltr'><strong>crucis</strong></span> <span class='ocrx_word' id='word_1_135' title='bbox 895 3149 923 3203; x_wconf 93' lang='lat' dir='ltr'><strong>in</strong></span> <span class='ocrx_word' id='word_1_136' title='bbox 944 3160 1005 3203; x_wconf 91' lang='lat' dir='ltr'><strong>tur·</strong></span> 
     </span>
     <span class='ocr_line' id='line_1_24' title="bbox 175 3252 1004 3337; baseline -0.011 -21"><span class='ocrx_word' id='word_1_137' title='bbox 175 3263 227 3317; x_wconf 89' lang='lat' dir='ltr'><strong>rim</strong></span> <span class='ocrx_word' id='word_1_138' title='bbox 252 3277 331 3316; x_wconf 89' lang='lat' dir='ltr'><strong>anno</strong></span> <span class='ocrx_word' id='word_1_139' title='bbox 357 3255 459 3337; x_wconf 87' lang='grc'>1869.)</span> <span class='ocrx_word' id='word_1_140' title='bbox 490 3259 608 3326; x_wconf 87' lang='lat' dir='ltr'><strong>Krcms,</strong></span> <span class='ocrx_word' id='word_1_141' title='bbox 638 3254 727 3330; x_wconf 84' lang='lat'><strong>1869.</strong></span> <span class='ocrx_word' id='word_1_142' title='bbox 752 3254 857 3311; x_wconf 89' lang='lat' dir='ltr'><strong>Druck</strong></span> <span class='ocrx_word' id='word_1_143' title='bbox 881 3272 942 3310; x_wconf 92' lang='lat' dir='ltr'><strong>von</strong></span> <span class='ocrx_word' id='word_1_144' title='bbox 964 3252 1004 3307; x_wconf 90' lang='lat' dir='ltr'><strong>M.</strong></span> 
     </span>
     <span class='ocr_line' id='line_1_25' title="bbox 175 3361 433 3421; baseline -0.008 0"><span class='ocrx_word' id='word_1_145' title='bbox 175 3365 321 3421; x_wconf 88' lang='lat' dir='ltr'><strong>Pammer.</strong></span> <span class='ocrx_word' id='word_1_146' title='bbox 340 3361 381 3420; x_wconf 89' lang='lat'><strong>8⁰.</strong></span> <span class='ocrx_word' id='word_1_147' title='bbox 430 3405 433 3412; x_wconf 89' lang='lat'><strong>.</strong></span> 
     </span>
    </p>
   </div>
   <div class='ocr_carea' id='block_1_4' title="bbox 261 3463 1029 3545">
    <p class='ocr_par' dir='ltr' id='par_1_4' title="bbox 261 3463 1029 3545">
     <span class='ocr_line' id='line_1_26' title="bbox 261 3463 1029 3545; baseline -0.01 -20"><span class='ocrx_word' id='word_1_148' title='bbox 261 3470 299 3526; x_wconf 90' lang='grc' dir='ltr'>ΙΙ.</span> <span class='ocrx_word' id='word_1_149' title='bbox 318 3467 390 3525; x_wconf 84' lang='grc'>81111</span> <span class='ocrx_word' id='word_1_150' title='bbox 405 3467 497 3524; x_wconf 90' lang='lat' dir='ltr'><strong>Melk.</strong></span> <span class='ocrx_word' id='word_1_151' title='bbox 521 3464 551 3545; x_wconf 89' lang='lat' dir='ltr'><strong>(i.</strong></span> <span class='ocrx_word' id='word_1_152' title='bbox 569 3485 595 3522; x_wconf 89' lang='lat' dir='ltr'><strong>e.</strong></span> <span class='ocrx_word' id='word_1_153' title='bbox 612 3466 821 3541; x_wconf 88' lang='lat' dir='ltr'><strong>Antiquissimi</strong></span> <span class='ocrx_word' id='word_1_154' title='bbox 835 3463 1005 3520; x_wconf 87' lang='lat' dir='ltr'><strong>Benedicti·</strong></span> <span class='ocrx_word' id='word_1_155' title='bbox 1028 3532 1029 3535; x_wconf 10' lang='grc'>7</span> 
     </span>
    </p>
   </div>
   <div class='ocr_carea' id='block_1_5' title="bbox 170 3569 1006 5382">
    <p class='ocr_par' dir='ltr' id='par_1_5' title="bbox 170 3569 1006 5382">
     <span class='ocr_line' id='line_1_27' title="bbox 174 3569 1006 3646; baseline -0.008 -16"><span class='ocrx_word' id='word_1_156' title='bbox 174 3592 279 3631; x_wconf 92' lang='lat' dir='ltr'><strong>norum</strong></span> <span class='ocrx_word' id='word_1_157' title='bbox 298 3574 472 3629; x_wconf 89' lang='lat' dir='ltr'><strong>monasterii</strong></span> <span class='ocrx_word' id='word_1_158' title='bbox 485 3572 668 3628; x_wconf 88' lang='lat' dir='ltr'><strong>Mellicensis</strong></span> <span class='ocrx_word' id='word_1_159' title='bbox 681 3569 844 3646; x_wconf 86' lang='lat' dir='ltr'><strong>descriptio</strong></span> <span class='ocrx_word' id='word_1_160' title='bbox 862 3569 1006 3625; x_wconf 89' lang='lat' dir='ltr'><strong>historica</strong></span> 
     </span>
     <span class='ocr_line' id='line_1_28' title="bbox 174 3674 1006 3753; baseline -0.008 -17"><span class='ocrx_word' id='word_1_161' title='bbox 174 3691 203 3736; x_wconf 91' lang='lat' dir='ltr'><strong>et</strong></span> <span class='ocrx_word' id='word_1_162' title='bbox 225 3677 450 3753; x_wconf 89' lang='lat' dir='ltr'><strong>topographica</strong></span> <span class='ocrx_word' id='word_1_163' title='bbox 470 3679 582 3732; x_wconf 88' lang='lat' dir='ltr'><strong>inserta</strong></span> <span class='ocrx_word' id='word_1_164' title='bbox 602 3674 691 3744; x_wconf 84' lang='lat' dir='ltr'><strong>libro,</strong></span> <span class='ocrx_word' id='word_1_165' title='bbox 718 3677 764 3731; x_wconf 88' lang='lat' dir='ltr'><strong>cui</strong></span> <span class='ocrx_word' id='word_1_166' title='bbox 786 3674 902 3731; x_wconf 88' lang='lat' dir='ltr'><strong>titulus:</strong></span> <span class='ocrx_word' id='word_1_167' title='bbox 930 3674 1006 3745; x_wconf 80' lang='lat' dir='ltr'><strong>„Ein</strong></span> 
     </span>
     <span class='ocr_line' id='line_1_29' title="bbox 173 3777 1006 3852; baseline -0.007 -13"><span class='ocrx_word' id='word_1_168' title='bbox 173 3781 492 3840; x_wconf 86' lang='lat' dir='ltr'><strong>Benedictinerbuch.“</strong></span> <span class='ocrx_word' id='word_1_169' title='bbox 513 3780 697 3838; x_wconf 87' lang='lat' dir='ltr'><strong>Geschichtc</strong></span> <span class='ocrx_word' id='word_1_170' title='bbox 710 3779 770 3835; x_wconf 93' lang='lat' dir='ltr'><strong>und</strong></span> <span class='ocrx_word' id='word_1_171' title='bbox 779 3777 1006 3852; x_wconf 90' lang='lat' dir='ltr'><strong>Beschreibung</strong></span> 
     </span>
     <span class='ocr_line' id='line_1_30' title="bbox 173 3881 1006 3958; baseline -0.008 -14"><span class='ocrx_word' id='word_1_172' title='bbox 173 3888 227 3944; x_wconf 85' lang='lat' dir='ltr'><strong>der</strong></span> <span class='ocrx_word' id='word_1_173' title='bbox 247 3885 455 3943; x_wconf 86' lang='lat' dir='ltr'><strong>bestehenden</strong></span> <span class='ocrx_word' id='word_1_174' title='bbox 470 3885 529 3941; x_wconf 92' lang='lat' dir='ltr'><strong>und</strong></span> <span class='ocrx_word' id='word_1_175' title='bbox 549 3883 729 3958; x_wconf 82' lang='lat' dir='ltr'><strong>Aniiihrung</strong></span> <span class='ocrx_word' id='word_1_176' title='bbox 744 3883 798 3940; x_wconf 89' lang='lat' dir='ltr'><strong>der</strong></span> <span class='ocrx_word' id='word_1_177' title='bbox 817 3881 1006 3956; x_wconf 81' lang='lat' dir='ltr'><strong>ausgehobe·</strong></span> 
     </span>
     <span class='ocr_line' id='line_1_31' title="bbox 173 3986 1004 4061; baseline -0.007 -13"><span class='ocrx_word' id='word_1_178' title='bbox 173 4011 230 4048; x_wconf 87' lang='lat' dir='ltr'><strong>nen</strong></span> <span class='ocrx_word' id='word_1_179' title='bbox 254 3988 564 4048; x_wconf 87' lang='lat' dir='ltr'><strong>Benedictinerstifter</strong></span> <span class='ocrx_word' id='word_1_180' title='bbox 589 3991 618 4045; x_wconf 91' lang='lat' dir='ltr'><strong>in</strong></span> <span class='ocrx_word' id='word_1_181' title='bbox 643 3986 1004 4061; x_wconf 86' lang='lat' dir='ltr'><strong>Oesterreich·Ungarn‚</strong></span> 
     </span>
     <span class='ocr_line' id='line_1_32' title="bbox 173 4090 1003 4152; baseline -0.007 0"><span class='ocrx_word' id='word_1_182' title='bbox 173 4094 379 4152; x_wconf 88' lang='lat' dir='ltr'><strong>Deutschland</strong></span> <span class='ocrx_word' id='word_1_183' title='bbox 402 4094 461 4149; x_wconf 90' lang='lat' dir='ltr'><strong>und</strong></span> <span class='ocrx_word' id='word_1_184' title='bbox 484 4094 537 4150; x_wconf 90' lang='lat' dir='ltr'><strong>der</strong></span> <span class='ocrx_word' id='word_1_185' title='bbox 557 4091 696 4151; x_wconf 86' lang='lat' dir='ltr'><strong>Schweiz</strong></span> <span class='ocrx_word' id='word_1_186' title='bbox 720 4111 780 4148; x_wconf 92' lang='lat' dir='ltr'><strong>von</strong></span> <span class='ocrx_word' id='word_1_187' title='bbox 804 4090 836 4148; x_wconf 90' lang='lat' dir='ltr'><strong>S.</strong></span> <span class='ocrx_word' id='word_1_188' title='bbox 859 4093 1003 4147; x_wconf 85' lang='lat' dir='ltr'><strong>Brunncr.</strong></span> 
     </span>
     <span class='ocr_line' id='line_1_33' title="bbox 171 4194 1005 4273; baseline -0.01 -15"><span class='ocrx_word' id='word_1_189' title='bbox 171 4202 225 4258; x_wconf 86' lang='lat' dir='ltr'><strong>Mit</strong></span> <span class='ocrx_word' id='word_1_190' title='bbox 241 4198 465 4273; x_wconf 75' lang='lat' dir='ltr'><strong>Abbildungen.</strong></span> <span class='ocrx_word' id='word_1_191' title='bbox 491 4196 674 4272; x_wconf 83' lang='lat' dir='ltr'><strong>Wiirzburg,</strong></span> <span class='ocrx_word' id='word_1_192' title='bbox 691 4197 807 4253; x_wconf 90' lang='lat' dir='ltr'><strong>Woerl.</strong></span> <span class='ocrx_word' id='word_1_193' title='bbox 828 4194 918 4254; x_wconf 90' lang='lat'>1880.</span> <span class='ocrx_word' id='word_1_194' title='bbox 941 4195 1005 4270; x_wconf 84' lang='lat' dir='ltr'><strong>Ty-</strong></span> 
     </span>
     <span class='ocr_line' id='line_1_34' title="bbox 172 4297 909 4383; baseline -0.008 -21"><span class='ocrx_word' id='word_1_195' title='bbox 172 4309 218 4383; x_wconf 91' lang='lat' dir='ltr'><strong>pis</strong></span> <span class='ocrx_word' id='word_1_196' title='bbox 235 4307 267 4361; x_wconf 87' lang='lat' dir='ltr'><strong>B.</strong></span> <span class='ocrx_word' id='word_1_197' title='bbox 286 4304 324 4361; x_wconf 92' lang='lat' dir='ltr'><strong>G.</strong></span> <span class='ocrx_word' id='word_1_198' title='bbox 342 4301 497 4367; x_wconf 83' lang='lat' dir='ltr'><strong>Teubner,</strong></span> <span class='ocrx_word' id='word_1_199' title='bbox 515 4303 647 4378; x_wconf 91' lang='lat' dir='ltr'><strong>Lipsiae.</strong></span> <span class='ocrx_word' id='word_1_200' title='bbox 665 4321 694 4377; x_wconf 91' lang='lat' dir='ltr'><strong>p.</strong></span> <span class='ocrx_word' id='word_1_201' title='bbox 716 4297 909 4379; x_wconf 82' lang='lat'><strong>261-292.)</strong></span> 
     </span>
     <span class='ocr_line' id='line_1_35' title="bbox 258 4433 1004 4525; baseline -0.007 -17"><span class='ocrx_word' id='word_1_202' title='bbox 258 4433 1004 4525; x_wconf 84' lang='lat' dir='ltr'><strong>HeislerPlacidus(Raigradiensis),</strong></span> 
     </span>
     <span class='ocr_line' id='line_1_36' title="bbox 172 4560 1005 4659; baseline -0.001 -34"><span class='ocrx_word' id='word_1_203' title='bbox 172 4563 480 4659; x_wconf 87' lang='lat' dir='ltr'><strong>Micro·neostadii</strong></span> <span class='ocrx_word' id='word_1_204' title='bbox 494 4563 708 4646; x_wconf 87' lang='lat' dir='ltr'><strong>(Neustadtl)</strong></span> <span class='ocrx_word' id='word_1_205' title='bbox 722 4561 757 4624; x_wconf 93' lang='lat' dir='ltr'><strong>in</strong></span> <span class='ocrx_word' id='word_1_206' title='bbox 769 4560 932 4624; x_wconf 92' lang='lat' dir='ltr'><strong>Moravia</strong></span> <span class='ocrx_word' id='word_1_207' title='bbox 944 4562 1005 4624; x_wconf 94' lang='lat' dir='ltr'><strong>ho·</strong></span> 
     </span>
     <span class='ocr_line' id='line_1_37' title="bbox 170 4683 1004 4767; baseline -0.001 -19"><span class='ocrx_word' id='word_1_208' title='bbox 170 4686 283 4749; x_wconf 91' lang='lat' dir='ltr'><strong>nestis</strong></span> <span class='ocrx_word' id='word_1_209' title='bbox 308 4687 517 4767; x_wconf 91' lang='lat' dir='ltr'><strong>parentibus</strong></span> <span class='ocrx_word' id='word_1_210' title='bbox 538 4705 630 4747; x_wconf 92' lang='lat' dir='ltr'><strong>anno</strong></span> <span class='ocrx_word' id='word_1_211' title='bbox 652 4688 731 4764; x_wconf 83' lang='lat'>1716</span> <span class='ocrx_word' id='word_1_212' title='bbox 753 4685 811 4746; x_wconf 93' lang='lat' dir='ltr'><strong>die</strong></span> <span class='ocrx_word' id='word_1_213' title='bbox 833 4704 882 4746; x_wconf 86' lang='lat'><strong>22.</strong></span> <span class='ocrx_word' id='word_1_214' title='bbox 899 4683 1004 4747; x_wconf 91' lang='lat' dir='ltr'><strong>Mart.</strong></span> 
     </span>
     <span class='ocr_line' id='line_1_38' title="bbox 171 4805 1004 4890; baseline -0.005 -18"><span class='ocrx_word' id='word_1_215' title='bbox 171 4819 286 4890; x_wconf 90' lang='lat' dir='ltr'><strong>natus,</strong></span> <span class='ocrx_word' id='word_1_216' title='bbox 305 4809 407 4871; x_wconf 90' lang='lat' dir='ltr'><strong>annis</strong></span> <span class='ocrx_word' id='word_1_217' title='bbox 424 4813 591 4887; x_wconf 83' lang='lat'>1740—43</span> <span class='ocrx_word' id='word_1_218' title='bbox 609 4809 648 4869; x_wconf 93' lang='lat' dir='ltr'><strong>in·</strong></span> <span class='ocrx_word' id='word_1_219' title='bbox 657 4807 751 4870; x_wconf 92' lang='lat' dir='ltr'><strong>univ.</strong></span> <span class='ocrx_word' id='word_1_220' title='bbox 765 4805 1004 4888; x_wconf 91' lang='lat' dir='ltr'><strong>Olomucensi,</strong></span> 
     </span>
     <span class='ocr_line' id='line_1_39' title="bbox 171 4928 1004 4996; baseline -0.004 -1"><span class='ocrx_word' id='word_1_221' title='bbox 171 4932 380 4996; x_wconf 88' lang='lat' dir='ltr'><strong>matriculae</strong></span> <span class='ocrx_word' id='word_1_222' title='bbox 404 4930 630 4993; x_wconf 85' lang='lat' dir='ltr'><strong>academicae</strong></span> <span class='ocrx_word' id='word_1_223' title='bbox 650 4928 718 4991; x_wconf 88' lang='lat' dir='ltr'><strong>rite</strong></span> <span class='ocrx_word' id='word_1_224' title='bbox 733 4929 888 4992; x_wconf 92' lang='lat' dir='ltr'><strong>insertus</strong></span> <span class='ocrx_word' id='word_1_225' title='bbox 905 4930 1004 4992; x_wconf 92' lang='lat' dir='ltr'><strong>theo·</strong></span> 
     </span>
     <span class='ocr_line' id='line_1_40' title="bbox 170 5051 1003 5138; baseline -0.005 -21"><span class='ocrx_word' id='word_1_226' title='bbox 170 5055 288 5138; x_wconf 90' lang='lat' dir='ltr'><strong>logiae</strong></span> <span class='ocrx_word' id='word_1_227' title='bbox 302 5054 549 5135; x_wconf 73' lang='lat' dir='ltr'><strong>scholasticae,</strong></span> <span class='ocrx_word' id='word_1_228' title='bbox 566 5052 652 5115; x_wconf 92' lang='lat' dir='ltr'><strong>iuris</strong></span> <span class='ocrx_word' id='word_1_229' title='bbox 666 5051 835 5133; x_wconf 88' lang='lat' dir='ltr'><strong>canonici,</strong></span> <span class='ocrx_word' id='word_1_230' title='bbox 852 5071 879 5114; x_wconf 91' lang='lat' dir='ltr'><strong>s.</strong></span> <span class='ocrx_word' id='word_1_231' title='bbox 893 5052 1003 5132; x_wconf 92' lang='lat' dir='ltr'><strong>scrip-</strong></span> 
     </span>
     <span class='ocr_line' id='line_1_41' title="bbox 171 5174 1003 5258; baseline -0.005 -18"><span class='ocrx_word' id='word_1_232' title='bbox 171 5186 271 5240; x_wconf 90' lang='lat' dir='ltr'><strong>turae</strong></span> <span class='ocrx_word' id='word_1_233' title='bbox 290 5188 326 5239; x_wconf 89' lang='lat' dir='ltr'><strong>et</strong></span> <span class='ocrx_word' id='word_1_234' title='bbox 344 5174 595 5239; x_wconf 91' lang='lat' dir='ltr'><strong>controversiis</strong></span> <span class='ocrx_word' id='word_1_235' title='bbox 610 5174 694 5237; x_wconf 91' lang='lat' dir='ltr'><strong>fidei</strong></span> <span class='ocrx_word' id='word_1_236' title='bbox 710 5194 752 5237; x_wconf 88' lang='lat' dir='ltr'><strong>ea</strong></span> <span class='ocrx_word' id='word_1_237' title='bbox 766 5174 951 5258; x_wconf 87' lang='lat' dir='ltr'><strong>diligentia</strong></span> <span class='ocrx_word' id='word_1_238' title='bbox 968 5186 1003 5236; x_wconf 91' lang='lat' dir='ltr'><strong>et</strong></span> 
     </span>
     <span class='ocr_line' id='line_1_42' title="bbox 170 5298 1003 5382; baseline -0.004 -20"><span class='ocrx_word' id='word_1_239' title='bbox 170 5299 337 5382; x_wconf 88' lang='lat' dir='ltr'><strong>profectu</strong></span> <span class='ocrx_word' id='word_1_240' title='bbox 354 5299 553 5363; x_wconf 91' lang='lat' dir='ltr'><strong>rectoribus</strong></span> <span class='ocrx_word' id='word_1_241' title='bbox 570 5298 713 5361; x_wconf 90' lang='lat' dir='ltr'><strong>Iesuitis</strong></span> <span class='ocrx_word' id='word_1_242' title='bbox 730 5317 874 5379; x_wconf 89' lang='lat' dir='ltr'><strong>operam</strong></span> <span class='ocrx_word' id='word_1_243' title='bbox 896 5316 1003 5359; x_wconf 89' lang='lat' dir='ltr'><strong>nava-</strong></span> 
     </span>
    </p>
   </div>
   <div class='ocr_carea' id='block_1_6' title="bbox 169 5417 1004 5505">
    <p class='ocr_par' dir='ltr' id='par_1_6' title="bbox 169 5417 1004 5505">
     <span class='ocr_line' id='line_1_43' title="bbox 169 5417 1004 5505; baseline -0.006 -19"><span class='ocrx_word' id='word_1_244' title='bbox 169 5422 230 5505; x_wconf 86' lang='lat' dir='ltr'><strong>vit,</strong></span> <span class='ocrx_word' id='word_1_245' title='bbox 248 5432 287 5485; x_wconf 92' lang='lat' dir='ltr'><strong>ut</strong></span> <span class='ocrx_word' id='word_1_246' title='bbox 311 5442 356 5485; x_wconf 83' lang='lat' dir='ltr'><strong>ex</strong></span> <span class='ocrx_word' id='word_1_247' title='bbox 378 5420 550 5503; x_wconf 88' lang='lat' dir='ltr'><strong>praefatis</strong></span> <span class='ocrx_word' id='word_1_248' title='bbox 572 5420 700 5484; x_wconf 92' lang='lat' dir='ltr'><strong>studiis</strong></span> <span class='ocrx_word' id='word_1_249' title='bbox 721 5419 940 5501; x_wconf 88' lang='lat' dir='ltr'><strong>praeclaram</strong></span> <span class='ocrx_word' id='word_1_250' title='bbox 958 5417 1004 5481; x_wconf 90' lang='lat' dir='ltr'><strong>sit</strong></span> 
     </span>
    </p>
   </div>
   <div class='ocr_carea' id='block_1_7' title="bbox 1086 647 1918 2700">
    <p class='ocr_par' dir='ltr' id='par_1_7' title="bbox 1086 647 1918 2700">
     <span class='ocr_line' id='line_1_44' title="bbox 1087 647 1917 733; baseline 0.005 -22"><span class='ocrx_word' id='word_1_251' title='bbox 1087 649 1299 730; x_wconf 91' lang='lat' dir='ltr'><strong>promeritus</strong></span> <span class='ocrx_word' id='word_1_252' title='bbox 1326 648 1676 714; x_wconf 90' lang='lat' dir='ltr'><strong>commendationem.</strong></span> <span class='ocrx_word' id='word_1_253' title='bbox 1713 647 1788 714; x_wconf 91' lang='lat' dir='ltr'><strong>Sub</strong></span> <span class='ocrx_word' id='word_1_254' title='bbox 1815 671 1917 733; x_wconf 91' lang='lat' dir='ltr'><strong>prae-</strong></span> 
     </span>
     <span class='ocr_line' id='line_1_45' title="bbox 1086 770 1917 857; baseline 0.004 -23"><span class='ocrx_word' id='word_1_255' title='bbox 1086 770 1204 853; x_wconf 93' lang='lat' dir='ltr'><strong>posito</strong></span> <span class='ocrx_word' id='word_1_256' title='bbox 1228 770 1385 834; x_wconf 86' lang='lat' dir='ltr'><strong>Antonio</strong></span> <span class='ocrx_word' id='word_1_257' title='bbox 1409 790 1547 834; x_wconf 90' lang='lat' dir='ltr'><strong>sacram</strong></span> <span class='ocrx_word' id='word_1_258' title='bbox 1570 780 1709 835; x_wconf 91' lang='lat' dir='ltr'><strong>vestem</strong></span> <span class='ocrx_word' id='word_1_259' title='bbox 1734 772 1917 857; x_wconf 84' lang='lat' dir='ltr'><strong>religionis</strong></span> 
     </span>
     <span class='ocr_line' id='line_1_46' title="bbox 1086 867 1917 975; baseline 0.002 -18"><span class='ocrx_word' id='word_1_260' title='bbox 1086 892 1277 975; x_wconf 90' lang='lat' dir='ltr'><strong>Raigradii</strong></span> <span class='ocrx_word' id='word_1_261' title='bbox 1293 892 1407 956; x_wconf 92' lang='lat' dir='ltr'><strong>induit</strong></span> <span class='ocrx_word' id='word_1_262' title='bbox 1422 898 1474 956; x_wconf 81' lang='grc'><strong>36.</strong></span> <span class='ocrx_word' id='word_1_263' title='bbox 1490 867 1581 958; x_wconf 82' lang='lat' dir='ltr'><strong>Nov.</strong></span> <span class='ocrx_word' id='word_1_264' title='bbox 1603 898 1683 974; x_wconf 80' lang='lat'>1743</span> <span class='ocrx_word' id='word_1_265' title='bbox 1701 903 1737 958; x_wconf 91' lang='lat' dir='ltr'><strong>et</strong></span> <span class='ocrx_word' id='word_1_266' title='bbox 1753 915 1846 959; x_wconf 90' lang='lat' dir='ltr'><strong>anno</strong></span> <span class='ocrx_word' id='word_1_267' title='bbox 1862 915 1917 958; x_wconf 90' lang='lat' dir='ltr'><strong>se·</strong></span> 
     </span>
     <span class='ocr_line' id='line_1_47' title="bbox 1087 1014 1917 1097; baseline 0.005 -19"><span class='ocrx_word' id='word_1_268' title='bbox 1087 1015 1208 1097; x_wconf 91' lang='lat' dir='ltr'><strong>quenti</strong></span> <span class='ocrx_word' id='word_1_269' title='bbox 1229 1025 1315 1078; x_wconf 92' lang='lat' dir='ltr'><strong>vota</strong></span> <span class='ocrx_word' id='word_1_270' title='bbox 1336 1015 1520 1078; x_wconf 91' lang='lat' dir='ltr'><strong>sollemnia</strong></span> <span class='ocrx_word' id='word_1_271' title='bbox 1544 1014 1579 1078; x_wconf 90' lang='lat' dir='ltr'><strong>in</strong></span> <span class='ocrx_word' id='word_1_272' title='bbox 1601 1036 1726 1079; x_wconf 89' lang='lat' dir='ltr'><strong>manus</strong></span> <span class='ocrx_word' id='word_1_273' title='bbox 1741 1017 1917 1082; x_wconf 89' lang='lat' dir='ltr'><strong>Matthaei</strong></span> 
     </span>
     <span class='ocr_line' id='line_1_48' title="bbox 1087 1136 1916 1222; baseline 0.007 -23"><span class='ocrx_word' id='word_1_274' title='bbox 1087 1137 1284 1220; x_wconf 90' lang='lat' dir='ltr'><strong>praepositi</strong></span> <span class='ocrx_word' id='word_1_275' title='bbox 1315 1136 1547 1219; x_wconf 91' lang='lat' dir='ltr'><strong>nuncupavit,</strong></span> <span class='ocrx_word' id='word_1_276' title='bbox 1580 1147 1654 1202; x_wconf 92' lang='lat' dir='ltr'><strong>tum</strong></span> <span class='ocrx_word' id='word_1_277' title='bbox 1681 1159 1726 1202; x_wconf 86' lang='lat' dir='ltr'><strong>ex</strong></span> <span class='ocrx_word' id='word_1_278' title='bbox 1754 1141 1916 1222; x_wconf 92' lang='lat' dir='ltr'><strong>professo</strong></span> 
     </span>
     <span class='ocr_line' id='line_1_49' title="bbox 1086 1258 1916 1328; baseline 0.007 -6"><span class='ocrx_word' id='word_1_279' title='bbox 1086 1258 1285 1322; x_wconf 91' lang='lat' dir='ltr'><strong>Braunensi</strong></span> <span class='ocrx_word' id='word_1_280' title='bbox 1308 1259 1344 1322; x_wconf 92' lang='lat' dir='ltr'><strong>in</strong></span> <span class='ocrx_word' id='word_1_281' title='bbox 1365 1260 1512 1323; x_wconf 87' lang='lat' dir='ltr'><strong>Antonii</strong></span> <span class='ocrx_word' id='word_1_282' title='bbox 1535 1280 1777 1324; x_wconf 91' lang='lat' dir='ltr'><strong>successorem</strong></span> <span class='ocrx_word' id='word_1_283' title='bbox 1802 1263 1916 1328; x_wconf 90' lang='lat' dir='ltr'><strong>electi.</strong></span> 
     </span>
     <span class='ocr_line' id='line_1_50' title="bbox 1087 1381 1917 1462; baseline 0.001 -15"><span class='ocrx_word' id='word_1_284' title='bbox 1087 1382 1296 1447; x_wconf 89' lang='lat' dir='ltr'><strong>Sacerdotio</strong></span> <span class='ocrx_word' id='word_1_285' title='bbox 1308 1381 1467 1445; x_wconf 90' lang='lat' dir='ltr'><strong>initiatus</strong></span> <span class='ocrx_word' id='word_1_286' title='bbox 1479 1402 1572 1446; x_wconf 92' lang='lat' dir='ltr'><strong>anno</strong></span> <span class='ocrx_word' id='word_1_287' title='bbox 1589 1387 1669 1462; x_wconf 87' lang='lat'>1748</span> <span class='ocrx_word' id='word_1_288' title='bbox 1683 1404 1733 1448; x_wconf 91' lang='lat'><strong>21.</strong></span> <span class='ocrx_word' id='word_1_289' title='bbox 1746 1385 1820 1449; x_wconf 92' lang='lat' dir='ltr'><strong>Ian.</strong></span> <span class='ocrx_word' id='word_1_290' title='bbox 1833 1406 1917 1448; x_wconf 85' lang='lat' dir='ltr'><strong>mox</strong></span> 
     </span>
     <span class='ocr_line' id='line_1_51' title="bbox 1088 1505 1917 1592; baseline 0.005 -24"><span class='ocrx_word' id='word_1_291' title='bbox 1088 1514 1298 1586; x_wconf 90' lang='lat' dir='ltr'><strong>cooperator</strong></span> <span class='ocrx_word' id='word_1_292' title='bbox 1319 1524 1384 1585; x_wconf 94' lang='lat' dir='ltr'><strong>pro</strong></span> <span class='ocrx_word' id='word_1_293' title='bbox 1407 1525 1491 1567; x_wconf 93' lang='lat' dir='ltr'><strong>cura</strong></span> <span class='ocrx_word' id='word_1_294' title='bbox 1512 1505 1707 1569; x_wconf 91' lang='lat' dir='ltr'><strong>animarum</strong></span> <span class='ocrx_word' id='word_1_295' title='bbox 1727 1507 1917 1592; x_wconf 89' lang='lat' dir='ltr'><strong>Raigradii</strong></span> 
     </span>
     <span class='ocr_line' id='line_1_52' title="bbox 1087 1626 1918 1714; baseline 0.01 -25"><span class='ocrx_word' id='word_1_296' title='bbox 1087 1626 1293 1709; x_wconf 90' lang='lat' dir='ltr'><strong>adsumitur,</strong></span> <span class='ocrx_word' id='word_1_297' title='bbox 1307 1647 1412 1708; x_wconf 92' lang='lat' dir='ltr'><strong>quam</strong></span> <span class='ocrx_word' id='word_1_298' title='bbox 1425 1628 1645 1708; x_wconf 91' lang='lat' dir='ltr'><strong>provinciam</strong></span> <span class='ocrx_word' id='word_1_299' title='bbox 1661 1649 1742 1712; x_wconf 87' lang='lat' dir='ltr'><strong>cum</strong></span> <span class='ocrx_word' id='word_1_300' title='bbox 1760 1651 1825 1714; x_wconf 92' lang='lat' dir='ltr'><strong>per</strong></span> <span class='ocrx_word' id='word_1_301' title='bbox 1837 1643 1918 1696; x_wconf 90' lang='lat' dir='ltr'><strong>octo</strong></span> 
     </span>
     <span class='ocr_line' id='line_1_53' title="bbox 1087 1748 1917 1838; baseline 0.007 -26"><span class='ocrx_word' id='word_1_302' title='bbox 1087 1768 1199 1812; x_wconf 91' lang='lat' dir='ltr'><strong>annos</strong></span> <span class='ocrx_word' id='word_1_303' title='bbox 1222 1748 1449 1812; x_wconf 88' lang='lat' dir='ltr'><strong>laudabiliter</strong></span> <span class='ocrx_word' id='word_1_304' title='bbox 1472 1751 1797 1835; x_wconf 86' lang='lat' dir='ltr'><strong>exemplariterque</strong></span> <span class='ocrx_word' id='word_1_305' title='bbox 1824 1755 1917 1838; x_wconf 90' lang='lat' dir='ltr'><strong>egis-</strong></span> 
     </span>
     <span class='ocr_line' id='line_1_54' title="bbox 1087 1870 1918 1954; baseline 0.008 -22"><span class='ocrx_word' id='word_1_306' title='bbox 1087 1881 1152 1954; x_wconf 91' lang='lat' dir='ltr'><strong>set,</strong></span> <span class='ocrx_word' id='word_1_307' title='bbox 1174 1871 1350 1953; x_wconf 90' lang='lat' dir='ltr'><strong>parochus</strong></span> <span class='ocrx_word' id='word_1_308' title='bbox 1370 1870 1439 1933; x_wconf 92' lang='lat' dir='ltr'><strong>loci</strong></span> <span class='ocrx_word' id='word_1_309' title='bbox 1455 1891 1547 1934; x_wconf 92' lang='lat' dir='ltr'><strong>anno</strong></span> <span class='ocrx_word' id='word_1_310' title='bbox 1569 1876 1649 1951; x_wconf 89' lang='grc'>1756</span> <span class='ocrx_word' id='word_1_311' title='bbox 1671 1874 1918 1939; x_wconf 90' lang='lat' dir='ltr'><strong>denominatus</strong></span> 
     </span>
     <span class='ocr_line' id='line_1_55' title="bbox 1086 1992 1918 2081; baseline 0.008 -26"><span class='ocrx_word' id='word_1_312' title='bbox 1086 1992 1163 2057; x_wconf 85' lang='grc'>11111.</span> <span class='ocrx_word' id='word_1_313' title='bbox 1188 1994 1293 2056; x_wconf 90' lang='grc' dir='ltr'>Α1111ο</span> <span class='ocrx_word' id='word_1_314' title='bbox 1319 1998 1501 2081; x_wconf 87' lang='grc'>1756611111</span> <span class='ocrx_word' id='word_1_315' title='bbox 1525 1995 1566 2058; x_wconf 88' lang='lat' dir='ltr'><strong>P.</strong></span> <span class='ocrx_word' id='word_1_316' title='bbox 1584 1993 1756 2059; x_wconf 90' lang='lat' dir='ltr'><strong>Othmaro</strong></span> <span class='ocrx_word' id='word_1_317' title='bbox 1777 1996 1918 2062; x_wconf 92' lang='lat' dir='ltr'><strong>Conrad</strong></span> 
     </span>
     <span class='ocr_line' id='line_1_56' title="bbox 1087 2116 1917 2202; baseline 0.008 -24"><span class='ocrx_word' id='word_1_318' title='bbox 1087 2125 1170 2178; x_wconf 91' lang='lat' dir='ltr'><strong>tunc</strong></span> <span class='ocrx_word' id='word_1_319' title='bbox 1186 2116 1390 2198; x_wconf 87' lang='lat' dir='ltr'><strong>theologiae</strong></span> <span class='ocrx_word' id='word_1_320' title='bbox 1403 2116 1686 2199; x_wconf 86' lang='lat' dir='ltr'><strong>professoreiter</strong></span> <span class='ocrx_word' id='word_1_321' title='bbox 1697 2120 1855 2202; x_wconf 88' lang='lat' dir='ltr'><strong>suscepit</strong></span> <span class='ocrx_word' id='word_1_322' title='bbox 1871 2122 1917 2184; x_wconf 92' lang='lat' dir='ltr'><strong>ad</strong></span> 
     </span>
     <span class='ocr_line' id='line_1_57' title="bbox 1087 2237 1918 2322; baseline 0.008 -22"><span class='ocrx_word' id='word_1_323' title='bbox 1087 2237 1203 2301; x_wconf 90' lang='lat' dir='ltr'><strong>Cellas</strong></span> <span class='ocrx_word' id='word_1_324' title='bbox 1224 2239 1404 2302; x_wconf 89' lang='lat' dir='ltr'><strong>Marianas</strong></span> <span class='ocrx_word' id='word_1_325' title='bbox 1427 2259 1493 2322; x_wconf 95' lang='lat' dir='ltr'><strong>per</strong></span> <span class='ocrx_word' id='word_1_326' title='bbox 1516 2240 1714 2303; x_wconf 90' lang='lat' dir='ltr'><strong>Moraviam</strong></span> <span class='ocrx_word' id='word_1_327' title='bbox 1735 2243 1918 2307; x_wconf 86' lang='lat' dir='ltr'><strong>Austriam</strong></span> 
     </span>
     <span class='ocr_line' id='line_1_58' title="bbox 1087 2358 1916 2446; baseline 0.008 -25"><span class='ocrx_word' id='word_1_328' title='bbox 1087 2369 1122 2422; x_wconf 90' lang='lat' dir='ltr'><strong>et</strong></span> <span class='ocrx_word' id='word_1_329' title='bbox 1135 2358 1292 2442; x_wconf 90' lang='lat' dir='ltr'><strong>Styriam</strong></span> <span class='ocrx_word' id='word_1_330' title='bbox 1307 2360 1436 2424; x_wconf 90' lang='lat' dir='ltr'><strong>litteris</strong></span> <span class='ocrx_word' id='word_1_331' title='bbox 1448 2361 1663 2443; x_wconf 89' lang='lat' dir='ltr'><strong>specialibus</strong></span> <span class='ocrx_word' id='word_1_332' title='bbox 1676 2383 1697 2424; x_wconf 90' lang='lat' dir='ltr'><strong>a</strong></span> <span class='ocrx_word' id='word_1_333' title='bbox 1709 2383 1832 2446; x_wconf 91' lang='lat' dir='ltr'><strong>praep.</strong></span> <span class='ocrx_word' id='word_1_334' title='bbox 1848 2365 1916 2429; x_wconf 91' lang='lat' dir='ltr'><strong>Bo-</strong></span> 
     </span>
     <span class='ocr_line' id='line_1_59' title="bbox 1086 2482 1917 2566; baseline 0.008 -22"><span class='ocrx_word' id='word_1_335' title='bbox 1086 2492 1283 2553; x_wconf 85' lang='lat' dir='ltr'><strong>naventura</strong></span> <span class='ocrx_word' id='word_1_336' title='bbox 1309 2482 1441 2564; x_wconf 91' lang='lat' dir='ltr'><strong>ubique</strong></span> <span class='ocrx_word' id='word_1_337' title='bbox 1473 2482 1606 2566; x_wconf 92' lang='lat' dir='ltr'><strong>optime</strong></span> <span class='ocrx_word' id='word_1_338' title='bbox 1640 2488 1917 2552; x_wconf 91' lang='lat' dir='ltr'><strong>commendatus.</strong></span> 
     </span>
     <span class='ocr_line' id='line_1_60' title="bbox 1088 2604 1918 2700; baseline 0.01 -35"><span class='ocrx_word' id='word_1_339' title='bbox 1088 2604 1211 2685; x_wconf 88' lang='lat' dir='ltr'><strong>7.Apr.</strong></span> <span class='ocrx_word' id='word_1_340' title='bbox 1223 2609 1298 2700; x_wconf 88' lang='grc'>1761</span> <span class='ocrx_word' id='word_1_341' title='bbox 1313 2625 1378 2687; x_wconf 90' lang='lat' dir='ltr'><strong>pro</strong></span> <span class='ocrx_word' id='word_1_342' title='bbox 1386 2606 1569 2686; x_wconf 89' lang='lat' dir='ltr'><strong>superiore</strong></span> <span class='ocrx_word' id='word_1_343' title='bbox 1578 2607 1759 2670; x_wconf 90' lang='lat' dir='ltr'><strong>claustrali</strong></span> <span class='ocrx_word' id='word_1_344' title='bbox 1768 2609 1918 2691; x_wconf 90' lang='lat' dir='ltr'><strong>scripto·</strong></span> 
     </span>
    </p>
   </div>
   <div class='ocr_carea' id='block_1_8' title="bbox 1086 2727 1917 2812">
    <p class='ocr_par' dir='ltr' id='par_1_8' title="bbox 1086 2727 1917 2812">
     <span class='ocr_line' id='line_1_61' title="bbox 1086 2727 1917 2812; baseline 0.007 -23"><span class='ocrx_word' id='word_1_345' title='bbox 1086 2736 1189 2789; x_wconf 90' lang='lat' dir='ltr'><strong>tenus</strong></span> <span class='ocrx_word' id='word_1_346' title='bbox 1213 2747 1234 2789; x_wconf 92' lang='lat' dir='ltr'><strong>a</strong></span> <span class='ocrx_word' id='word_1_347' title='bbox 1257 2727 1464 2809; x_wconf 90' lang='lat' dir='ltr'><strong>praeposito</strong></span> <span class='ocrx_word' id='word_1_348' title='bbox 1487 2728 1710 2810; x_wconf 76' lang='lat' dir='ltr'><strong>designatuS,</strong></span> <span class='ocrx_word' id='word_1_349' title='bbox 1736 2731 1796 2812; x_wconf 93' lang='lat' dir='ltr'><strong>qui</strong></span> <span class='ocrx_word' id='word_1_350' title='bbox 1820 2732 1917 2795; x_wconf 89' lang='lat' dir='ltr'><strong>vices</strong></span> 
     </span>
    </p>
   </div>
   <div class='ocr_carea' id='block_1_9' title="bbox 1082 2848 1917 5379">
    <p class='ocr_par' dir='ltr' id='par_1_9' title="bbox 1082 2848 1917 5379">
     <span class='ocr_line' id='line_1_62' title="bbox 1086 2848 1917 2935; baseline 0.007 -24"><span class='ocrx_word' id='word_1_351' title='bbox 1086 2848 1336 2912; x_wconf 84' lang='lat' dir='ltr'><strong>valetudinarii</strong></span> <span class='ocrx_word' id='word_1_352' title='bbox 1348 2849 1476 2931; x_wconf 89' lang='lat' dir='ltr'><strong>prioris</strong></span> <span class='ocrx_word' id='word_1_353' title='bbox 1488 2851 1638 2913; x_wconf 91' lang='lat' dir='ltr'><strong>actualis</strong></span> <span class='ocrx_word' id='word_1_354' title='bbox 1651 2853 1844 2935; x_wconf 89' lang='lat' dir='ltr'><strong>suppleret,</strong></span> <span class='ocrx_word' id='word_1_355' title='bbox 1860 2875 1917 2917; x_wconf 92' lang='lat' dir='ltr'><strong>us-</strong></span> 
     </span>
     <span class='ocr_line' id='line_1_63' title="bbox 1087 2972 1916 3064; baseline 0.008 -31"><span class='ocrx_word' id='word_1_356' title='bbox 1087 2991 1155 3053; x_wconf 90' lang='lat' dir='ltr'><strong>que</strong></span> <span class='ocrx_word' id='word_1_357' title='bbox 1172 2974 1255 3034; x_wconf 91' lang='lat' dir='ltr'><strong>dum</strong></span> <span class='ocrx_word' id='word_1_358' title='bbox 1270 2972 1440 3064; x_wconf 88' lang='lat' dir='ltr'><strong>pristinae</strong></span> <span class='ocrx_word' id='word_1_359' title='bbox 1455 2972 1599 3035; x_wconf 90' lang='lat' dir='ltr'><strong>sanitati</strong></span> <span class='ocrx_word' id='word_1_360' title='bbox 1610 2974 1797 3037; x_wconf 84' lang='lat' dir='ltr'><strong>restitutus</strong></span> <span class='ocrx_word' id='word_1_361' title='bbox 1811 2987 1916 3057; x_wconf 89' lang='lat' dir='ltr'><strong>esset,</strong></span> 
     </span>
     <span class='ocr_line' id='line_1_64' title="bbox 1086 3094 1916 3179; baseline 0.006 -23"><span class='ocrx_word' id='word_1_362' title='bbox 1086 3094 1278 3157; x_wconf 89' lang='lat' dir='ltr'><strong>humillime</strong></span> <span class='ocrx_word' id='word_1_363' title='bbox 1313 3095 1556 3178; x_wconf 89' lang='lat' dir='ltr'><strong>supplicabat:</strong></span> <span class='ocrx_word' id='word_1_364' title='bbox 1595 3096 1784 3179; x_wconf 85' lang='lat' dir='ltr'><strong>„dignetur</strong></span> <span class='ocrx_word' id='word_1_365' title='bbox 1817 3118 1916 3161; x_wconf 91' lang='lat' dir='ltr'><strong>reve·</strong></span> 
     </span>
     <span class='ocr_line' id='line_1_65' title="bbox 1086 3216 1915 3285; baseline 0.008 -7"><span class='ocrx_word' id='word_1_366' title='bbox 1086 3216 1297 3279; x_wconf 91' lang='lat' dir='ltr'><strong>rendissima</strong></span> <span class='ocrx_word' id='word_1_367' title='bbox 1313 3216 1506 3280; x_wconf 91' lang='lat' dir='ltr'><strong>dominatio</strong></span> <span class='ocrx_word' id='word_1_368' title='bbox 1523 3236 1637 3280; x_wconf 91' lang='lat' dir='ltr'><strong>meam</strong></span> <span class='ocrx_word' id='word_1_369' title='bbox 1658 3218 1915 3285; x_wconf 89' lang='lat' dir='ltr'><strong>inhabilitatem</strong></span> 
     </span>
     <span class='ocr_line' id='line_1_66' title="bbox 1086 3339 1916 3422; baseline 0.008 -21"><span class='ocrx_word' id='word_1_370' title='bbox 1086 3339 1343 3422; x_wconf 90' lang='lat' dir='ltr'><strong>gratiosissime</strong></span> <span class='ocrx_word' id='word_1_371' title='bbox 1363 3340 1545 3421; x_wconf 90' lang='lat' dir='ltr'><strong>suspicere</strong></span> <span class='ocrx_word' id='word_1_372' title='bbox 1571 3350 1606 3403; x_wconf 91' lang='lat' dir='ltr'><strong>et</strong></span> <span class='ocrx_word' id='word_1_373' title='bbox 1631 3341 1728 3405; x_wconf 92' lang='lat' dir='ltr'><strong>aliud</strong></span> <span class='ocrx_word' id='word_1_374' title='bbox 1751 3343 1916 3408; x_wconf 91' lang='lat' dir='ltr'><strong>idoneum</strong></span> 
     </span>
     <span class='ocr_line' id='line_1_67' title="bbox 1086 3462 1916 3546; baseline 0.006 -22"><span class='ocrx_word' id='word_1_375' title='bbox 1086 3462 1285 3525; x_wconf 91' lang='lat' dir='ltr'><strong>subiectum</strong></span> <span class='ocrx_word' id='word_1_376' title='bbox 1311 3462 1537 3544; x_wconf 87' lang='lat' dir='ltr'><strong>praeficere“.</strong></span> <span class='ocrx_word' id='word_1_377' title='bbox 1561 3462 1659 3545; x_wconf 80' lang='lat' dir='ltr'><strong>Quas</strong></span> <span class='ocrx_word' id='word_1_378' title='bbox 1682 3485 1809 3546; x_wconf 92' lang='lat' dir='ltr'><strong>preces</strong></span> <span class='ocrx_word' id='word_1_379' title='bbox 1832 3465 1916 3529; x_wconf 91' lang='lat' dir='ltr'><strong>licet</strong></span> 
     </span>
     <span class='ocr_line' id='line_1_68' title="bbox 1086 3578 1916 3666; baseline 0.006 -21"><span class='ocrx_word' id='word_1_380' title='bbox 1086 3602 1195 3666; x_wconf 90' lang='lat' dir='ltr'><strong>aegre</strong></span> <span class='ocrx_word' id='word_1_381' title='bbox 1222 3583 1340 3646; x_wconf 91' lang='lat' dir='ltr'><strong>ferens</strong></span> <span class='ocrx_word' id='word_1_382' title='bbox 1371 3603 1496 3666; x_wconf 91' lang='lat' dir='ltr'><strong>praep.</strong></span> <span class='ocrx_word' id='word_1_383' title='bbox 1520 3585 1775 3649; x_wconf 91' lang='lat' dir='ltr'><strong>Bonaventura</strong></span> <span class='ocrx_word' id='word_1_384' title='bbox 1808 3578 1916 3650; x_wconf 79' lang='lat' dir='ltr'><strong>exau·</strong></span> 
     </span>
     <span class='ocr_line' id='line_1_69' title="bbox 1086 3705 1916 3791; baseline 0.005 -23"><span class='ocrx_word' id='word_1_385' title='bbox 1086 3705 1235 3768; x_wconf 90' lang='lat' dir='ltr'><strong>diendas</strong></span> <span class='ocrx_word' id='word_1_386' title='bbox 1251 3705 1402 3788; x_wconf 89' lang='lat' dir='ltr'><strong>putavit,</strong></span> <span class='ocrx_word' id='word_1_387' title='bbox 1418 3716 1526 3788; x_wconf 90' lang='lat' dir='ltr'><strong>atque</strong></span> <span class='ocrx_word' id='word_1_388' title='bbox 1543 3706 1728 3770; x_wconf 89' lang='lat' dir='ltr'><strong>Placidum</strong></span> <span class='ocrx_word' id='word_1_389' title='bbox 1750 3709 1797 3771; x_wconf 91' lang='lat' dir='ltr'><strong>ad</strong></span> <span class='ocrx_word' id='word_1_390' title='bbox 1812 3729 1916 3791; x_wconf 94' lang='lat' dir='ltr'><strong>paro-</strong></span> 
     </span>
     <span class='ocr_line' id='line_1_70' title="bbox 1086 3826 1915 3894; baseline 0.004 -4"><span class='ocrx_word' id='word_1_391' title='bbox 1086 3828 1201 3891; x_wconf 91' lang='lat' dir='ltr'><strong>chiam</strong></span> <span class='ocrx_word' id='word_1_392' title='bbox 1233 3826 1565 3892; x_wconf 76' lang='lat' dir='ltr'><strong>Ostravadicensem</strong></span> <span class='ocrx_word' id='word_1_393' title='bbox 1601 3830 1915 3894; x_wconf 90' lang='lat' dir='ltr'><strong>administrandam</strong></span> 
     </span>
     <span class='ocr_line' id='line_1_71' title="bbox 1090 3950 1915 4033; baseline 0.006 -21"><span class='ocrx_word' id='word_1_394' title='bbox 1090 3955 1168 4029; x_wconf 80' lang='grc'>1761</span> <span class='ocrx_word' id='word_1_395' title='bbox 1194 3950 1378 4033; x_wconf 88' lang='lat' dir='ltr'><strong>allegavit,</strong></span> <span class='ocrx_word' id='word_1_396' title='bbox 1404 3971 1469 4032; x_wconf 90' lang='lat' dir='ltr'><strong>pro</strong></span> <span class='ocrx_word' id='word_1_397' title='bbox 1493 3970 1563 4032; x_wconf 91' lang='lat' dir='ltr'><strong>quo</strong></span> <span class='ocrx_word' id='word_1_398' title='bbox 1589 3950 1707 4014; x_wconf 88' lang='lat' dir='ltr'><strong>officio</strong></span> <span class='ocrx_word' id='word_1_399' title='bbox 1735 3955 1915 4017; x_wconf 91' lang='lat' dir='ltr'><strong>decretum</strong></span> 
     </span>
     <span class='ocr_line' id='line_1_72' title="bbox 1084 4072 1914 4151; baseline 0.004 -17"><span class='ocrx_word' id='word_1_400' title='bbox 1084 4072 1339 4135; x_wconf 89' lang='lat' dir='ltr'><strong>iurisdictionis</strong></span> <span class='ocrx_word' id='word_1_401' title='bbox 1355 4072 1413 4134; x_wconf 90' lang='lat' dir='ltr'><strong>die</strong></span> <span class='ocrx_word' id='word_1_402' title='bbox 1429 4092 1476 4151; x_wconf 89' lang='lat'><strong>17.</strong></span> <span class='ocrx_word' id='word_1_403' title='bbox 1490 4072 1594 4135; x_wconf 90' lang='lat' dir='ltr'><strong>Febr.</strong></span> <span class='ocrx_word' id='word_1_404' title='bbox 1612 4073 1644 4134; x_wconf 92' lang='lat' dir='ltr'><strong>ei</strong></span> <span class='ocrx_word' id='word_1_405' title='bbox 1658 4073 1825 4136; x_wconf 90' lang='lat' dir='ltr'><strong>traditum</strong></span> <span class='ocrx_word' id='word_1_406' title='bbox 1837 4073 1914 4138; x_wconf 85' lang='lat' dir='ltr'><strong>fuit.</strong></span> 
     </span>
     <span class='ocr_line' id='line_1_73' title="bbox 1085 4195 1915 4276; baseline 0.002 -21"><span class='ocrx_word' id='word_1_407' title='bbox 1085 4195 1193 4256; x_wconf 91' lang='lat' dir='ltr'><strong>Anno</strong></span> <span class='ocrx_word' id='word_1_408' title='bbox 1221 4198 1299 4274; x_wconf 89' lang='grc'>1767</span> <span class='ocrx_word' id='word_1_409' title='bbox 1327 4197 1468 4257; x_wconf 84' lang='grc'>(1611111111</span> <span class='ocrx_word' id='word_1_410' title='bbox 1492 4195 1633 4257; x_wconf 90' lang='lat' dir='ltr'><strong>rediens</strong></span> <span class='ocrx_word' id='word_1_411' title='bbox 1660 4215 1681 4257; x_wconf 99' lang='lat' dir='ltr'><strong>a</strong></span> <span class='ocrx_word' id='word_1_412' title='bbox 1709 4195 1915 4276; x_wconf 89' lang='lat' dir='ltr'><strong>praeposito</strong></span> 
     </span>
     <span class='ocr_line' id='line_1_74' title="bbox 1087 4314 1914 4400; baseline -0.001 -20"><span class='ocrx_word' id='word_1_413' title='bbox 1087 4314 1258 4380; x_wconf 93' lang='lat' dir='ltr'><strong>Othmaro</strong></span> <span class='ocrx_word' id='word_1_414' title='bbox 1267 4317 1430 4398; x_wconf 90' lang='lat' dir='ltr'><strong>provisor</strong></span> <span class='ocrx_word' id='word_1_415' title='bbox 1439 4327 1475 4380; x_wconf 92' lang='lat' dir='ltr'><strong>et</strong></span> <span class='ocrx_word' id='word_1_416' title='bbox 1485 4318 1671 4400; x_wconf 88' lang='lat' dir='ltr'><strong>granarius</strong></span> <span class='ocrx_word' id='word_1_417' title='bbox 1680 4317 1914 4400; x_wconf 90' lang='lat' dir='ltr'><strong>constituitur,</strong></span> 
     </span>
     <span class='ocr_line' id='line_1_75' title="bbox 1086 4439 1914 4522; baseline 0.002 -22"><span class='ocrx_word' id='word_1_418' title='bbox 1086 4439 1184 4521; x_wconf 90' lang='lat' dir='ltr'><strong>quia,</strong></span> <span class='ocrx_word' id='word_1_419' title='bbox 1208 4448 1247 4501; x_wconf 91' lang='lat' dir='ltr'><strong>ut</strong></span> <span class='ocrx_word' id='word_1_420' title='bbox 1267 4440 1390 4503; x_wconf 90' lang='lat' dir='ltr'><strong>scribit</strong></span> <span class='ocrx_word' id='word_1_421' title='bbox 1411 4440 1488 4522; x_wconf 91' lang='lat' dir='ltr'><strong>ipse</strong></span> <span class='ocrx_word' id='word_1_422' title='bbox 1510 4440 1738 4521; x_wconf 90' lang='lat' dir='ltr'><strong>praepositus</strong></span> <span class='ocrx_word' id='word_1_423' title='bbox 1761 4441 1807 4502; x_wconf 90' lang='lat' dir='ltr'><strong>ad</strong></span> <span class='ocrx_word' id='word_1_424' title='bbox 1831 4460 1914 4502; x_wconf 93' lang='lat' dir='ltr'><strong>eun-</strong></span> 
     </span>
     <span class='ocr_line' id='line_1_76' title="bbox 1086 4561 1915 4645; baseline 0.001 -22"><span class='ocrx_word' id='word_1_425' title='bbox 1086 4563 1176 4643; x_wconf 96' lang='lat' dir='ltr'><strong>dem,</strong></span> <span class='ocrx_word' id='word_1_426' title='bbox 1195 4561 1336 4645; x_wconf 81' lang='lat' dir='ltr'><strong>,firmae</strong></span> <span class='ocrx_word' id='word_1_427' title='bbox 1347 4562 1499 4625; x_wconf 86' lang='lat' dir='ltr'><strong>fiduciae</strong></span> <span class='ocrx_word' id='word_1_428' title='bbox 1516 4581 1593 4624; x_wconf 92' lang='lat' dir='ltr'><strong>sum</strong></span> <span class='ocrx_word' id='word_1_429' title='bbox 1605 4561 1820 4625; x_wconf 90' lang='lat' dir='ltr'><strong>monasterio</strong></span> <span class='ocrx_word' id='word_1_430' title='bbox 1836 4581 1915 4624; x_wconf 92' lang='lat' dir='ltr'><strong>meo</strong></span> 
     </span>
     <span class='ocr_line' id='line_1_77' title="bbox 1085 4655 1915 4766; baseline 0.001 -21"><span class='ocrx_word' id='word_1_431' title='bbox 1085 4703 1150 4766; x_wconf 90' lang='lat' dir='ltr'><strong>pro</strong></span> <span class='ocrx_word' id='word_1_432' title='bbox 1166 4693 1326 4765; x_wconf 90' lang='lat' dir='ltr'><strong>tempore</strong></span> <span class='ocrx_word' id='word_1_433' title='bbox 1343 4684 1528 4746; x_wconf 89' lang='lat' dir='ltr'><strong>absentiae</strong></span> <span class='ocrx_word' id='word_1_434' title='bbox 1545 4655 1645 4745; x_wconf 86' lang='lat' dir='ltr'><strong>meae</strong></span> <span class='ocrx_word' id='word_1_435' title='bbox 1668 4703 1747 4746; x_wconf 90' lang='lat' dir='ltr'><strong>cum</strong></span> <span class='ocrx_word' id='word_1_436' title='bbox 1762 4703 1915 4766; x_wconf 90' lang='lat' dir='ltr'><strong>persona</strong></span> 
     </span>
     <span class='ocr_line' id='line_1_78' title="bbox 1085 4805 1914 4888; baseline 0.001 -20"><span class='ocrx_word' id='word_1_437' title='bbox 1085 4805 1310 4888; x_wconf 90' lang='lat' dir='ltr'><strong>paternitatis</strong></span> <span class='ocrx_word' id='word_1_438' title='bbox 1335 4826 1421 4868; x_wconf 90' lang='lat' dir='ltr'><strong>suae</strong></span> <span class='ocrx_word' id='word_1_439' title='bbox 1445 4806 1578 4887; x_wconf 90' lang='lat' dir='ltr'><strong>optime</strong></span> <span class='ocrx_word' id='word_1_440' title='bbox 1603 4805 1784 4885; x_wconf 90' lang='lat' dir='ltr'><strong>provisum</strong></span> <span class='ocrx_word' id='word_1_441' title='bbox 1806 4806 1914 4869; x_wconf 83' lang='lat' dir='ltr'><strong>fore“.</strong></span> 
     </span>
     <span class='ocr_line' id='line_1_79' title="bbox 1084 4927 1915 5010; baseline -0.001 -19"><span class='ocrx_word' id='word_1_442' title='bbox 1084 4927 1190 4991; x_wconf 87' lang='lat' dir='ltr'><strong>Anno</strong></span> <span class='ocrx_word' id='word_1_443' title='bbox 1215 4929 1377 5010; x_wconf 89' lang='lat' dir='ltr'><strong>sequenti</strong></span> <span class='ocrx_word' id='word_1_444' title='bbox 1401 4928 1691 4991; x_wconf 89' lang='lat' dir='ltr'><strong>bibliothecarius</strong></span> <span class='ocrx_word' id='word_1_445' title='bbox 1715 4948 1757 4990; x_wconf 92' lang='lat' dir='ltr'><strong>ac</strong></span> <span class='ocrx_word' id='word_1_446' title='bbox 1782 4928 1915 5010; x_wconf 91' lang='lat' dir='ltr'><strong>primus</strong></span> 
     </span>
     <span class='ocr_line' id='line_1_80' title="bbox 1082 5048 1915 5132; baseline 0 -20"><span class='ocrx_word' id='word_1_447' title='bbox 1082 5048 1123 5112; x_wconf 91' lang='lat' dir='ltr'><strong>fit</strong></span> <span class='ocrx_word' id='word_1_448' title='bbox 1144 5048 1371 5132; x_wconf 90' lang='lat' dir='ltr'><strong>archivarius,</strong></span> <span class='ocrx_word' id='word_1_449' title='bbox 1393 5070 1464 5132; x_wconf 91' lang='lat' dir='ltr'><strong>qua</strong></span> <span class='ocrx_word' id='word_1_450' title='bbox 1484 5049 1690 5113; x_wconf 90' lang='lat' dir='ltr'><strong>occassione</strong></span> <span class='ocrx_word' id='word_1_451' title='bbox 1707 5049 1742 5112; x_wconf 92' lang='lat' dir='ltr'><strong>in</strong></span> <span class='ocrx_word' id='word_1_452' title='bbox 1758 5049 1915 5132; x_wconf 90' lang='lat' dir='ltr'><strong>capitulo</strong></span> 
     </span>
     <span class='ocr_line' id='line_1_81' title="bbox 1084 5172 1915 5254; baseline 0.001 -20"><span class='ocrx_word' id='word_1_453' title='bbox 1084 5173 1128 5234; x_wconf 91' lang='lat' dir='ltr'><strong>de</strong></span> <span class='ocrx_word' id='word_1_454' title='bbox 1151 5172 1209 5240; x_wconf 88' lang='lat' dir='ltr'><strong>die</strong></span> <span class='ocrx_word' id='word_1_455' title='bbox 1234 5178 1281 5237; x_wconf 90' lang='grc'><strong>18.</strong></span> <span class='ocrx_word' id='word_1_456' title='bbox 1299 5172 1398 5254; x_wconf 90' lang='lat' dir='ltr'><strong>Sept.</strong></span> <span class='ocrx_word' id='word_1_457' title='bbox 1420 5192 1574 5254; x_wconf 88' lang='lat' dir='ltr'><strong>sequens</strong></span> <span class='ocrx_word' id='word_1_458' title='bbox 1599 5173 1718 5236; x_wconf 90' lang='lat' dir='ltr'><strong>emisit</strong></span> <span class='ocrx_word' id='word_1_459' title='bbox 1741 5173 1915 5236; x_wconf 91' lang='lat' dir='ltr'><strong>iuramen-</strong></span> 
     </span>
     <span class='ocr_line' id='line_1_82' title="bbox 1084 5294 1915 5379; baseline -0.002 -21"><span class='ocrx_word' id='word_1_460' title='bbox 1084 5305 1173 5358; x_wconf 91' lang='lat' dir='ltr'><strong>tum:</strong></span> <span class='ocrx_word' id='word_1_461' title='bbox 1191 5315 1280 5379; x_wconf 82' lang='lat' dir='ltr'><strong>„ego</strong></span> <span class='ocrx_word' id='word_1_462' title='bbox 1296 5294 1337 5359; x_wconf 88' lang='lat' dir='ltr'><strong>fr.</strong></span> <span class='ocrx_word' id='word_1_463' title='bbox 1350 5295 1402 5357; x_wconf 92' lang='lat' dir='ltr'><strong>Pl.</strong></span> <span class='ocrx_word' id='word_1_464' title='bbox 1416 5295 1490 5357; x_wconf 93' lang='lat' dir='ltr'><strong>iuro</strong></span> <span class='ocrx_word' id='word_1_465' title='bbox 1509 5296 1555 5357; x_wconf 90' lang='lat' dir='ltr'><strong>ad</strong></span> <span class='ocrx_word' id='word_1_466' title='bbox 1571 5296 1660 5357; x_wconf 88' lang='lat' dir='ltr'><strong>haec</strong></span> <span class='ocrx_word' id='word_1_467' title='bbox 1680 5313 1707 5358; x_wconf 80' lang='lat' dir='ltr'><strong>s,</strong></span> <span class='ocrx_word' id='word_1_468' title='bbox 1727 5295 1915 5377; x_wconf 86' lang='lat' dir='ltr'><strong>evangelia</strong></span> 
     </span>
    </p>
   </div>
   <div class='ocr_carea' id='block_1_10' title="bbox 1083 5416 1915 5583">
    <p class='ocr_par' dir='ltr' id='par_1_10' title="bbox 1083 5416 1915 5583">
     <span class='ocr_line' id='line_1_83' title="bbox 1083 5416 1915 5501; baseline -0.002 -20"><span class='ocrx_word' id='word_1_469' title='bbox 1083 5419 1163 5481; x_wconf 92' lang='lat' dir='ltr'><strong>Deo</strong></span> <span class='ocrx_word' id='word_1_470' title='bbox 1173 5416 1428 5500; x_wconf 89' lang='lat' dir='ltr'><strong>Omnipotenti,</strong></span> <span class='ocrx_word' id='word_1_471' title='bbox 1441 5417 1670 5481; x_wconf 86' lang='lat' dir='ltr'><strong>beatissimae</strong></span> <span class='ocrx_word' id='word_1_472' title='bbox 1679 5417 1819 5501; x_wconf 90' lang='lat' dir='ltr'><strong>Virgini</strong></span> <span class='ocrx_word' id='word_1_473' title='bbox 1831 5417 1915 5480; x_wconf 89' lang='lat' dir='ltr'><strong>Dei-</strong></span> 
     </span>
     <span class='ocr_line' id='line_1_84' title="bbox 1654 5535 1686 5583; baseline 0 0"><span class='ocrx_word' id='word_1_474' title='bbox 1654 5535 1686 5583; x_wconf 85' lang='lat'><strong>23</strong></span> 
     </span>
    </p>
   </div>
   <div class='ocr_carea' id='block_1_11' title="bbox 0 0 2094 6196">
    <p class='ocr_par' dir='ltr' id='par_1_11' title="bbox 0 0 2094 6196">
     <span class='ocr_line' id='line_1_85' title="bbox 0 0 2094 6196; baseline 0 0"><span class='ocrx_word' id='word_1_475' title='bbox 0 0 2094 6196; x_wconf 95' lang='lat' dir='ltr'><strong> </strong></span> 
     </span>
    </p>
   </div>
  </div>
 </body>
</html>
