4178 6196
900 466 1181 536 ...9,-

172 672 200 717 6.
217 653 490 733 presbyteratus
511 650 635 714 ordine
658 653 707 714 28.
725 647 804 714 Oct.
827 653 906 729 1798
928 648 1002 712 Me-

172 774 248 837 rani
269 783 447 855 suscepto,
469 794 516 836 11.
534 772 624 838 Nov.
646 774 680 835 in
701 773 818 854 patria
840 793 904 836 sua
920 793 1004 836 neo·

172 906 289 979 mysta
305 897 351 958 ad
368 915 465 958 aram
481 895 591 959 stetit.
616 896 772 958 Primum
795 905 1003 977 cooperato-

172 1018 220 1081 ris
229 1037 372 1080 munere
386 1017 430 1079 ad
440 1036 466 1080 s.
478 1016 670 1080 Martinum
683 1017 718 1080 in
727 1017 907 1100 Passyria,
921 1017 1003 1079 dein

173 1138 386 1221 professoris
398 1138 432 1201 in
445 1139 633 1222 gymnasio
646 1139 849 1202 Meranensi
860 1137 1004 1202 functus

174 1270 238 1324 est.
251 1260 470 1324 Monasterio
482 1271 604 1324 nostro
618 1265 696 1340 1807
708 1281 729 1324 a
742 1261 864 1344 regim.
875 1261 1003 1325 Bavar.

174 1402 367 1465 suppresso
376 1383 411 1445 in
419 1382 1004 1466 lyceoTridentinophilosophiam

174 1505 269 1567 omni
286 1525 364 1567 cum
380 1505 484 1567 laude
505 1504 689 1586 professus
711 1515 775 1569 est.
800 1503 888 1569 Cum
911 1523 1004 1567 6666

179 1631 258 1688 1816
282 1626 505 1708 Ρ1666166116,
532 1627 700 1690 Austriae
723 1627 925 1710 imperator,
952 1646 1004 1689 re·

174 1749 429 1812 staurationem
441 1749 645 1813 monasterii
658 1750 912 1834 benignissime
924 1769 1005 1813 666-

174 1870 352 1953 cessisset,
366 1870 562 1934 confratres
572 1891 618 1934 ex
627 1872 848 1955 dispersione
861 1872 895 1935 in
908 1891 1005 1935 mon·

175 2003 297 2056 tems.
321 1992 458 2056 Mariae
483 1994 664 2057 redierunt
688 2005 724 2057 et
745 1999 799 2077 rb.
821 1993 899 2058 Oct.
926 1997 1006 2056 1816

176 2114 342 2177 Carolum
362 2116 530 2178 abbatem
552 2117 746 2199 elegerunt.
771 2115 866 2179 Proh
890 2116 1006 2178 dolorl

177 2236 362 2300 Neoelecti
379 2237 471 2300 enim
488 2248 574 2318 erat,
593 2239 733 2300 domum
750 2236 892 2320 penitus
908 2238 1008 2320 expi-

177 2360 285 2421 latam
307 2369 507 2422 restaurare
532 2371 568 2422 et
589 2378 724 2443 regere.
749 2357 821 2423 Sed
846 2360 1008 2422 666661-

176 2500 254 2543 mus
282 2481 330 2544 1111
358 2501 423 2544 666
449 2482 543 2545 vires
568 2481 767 2545 defuerunt.
799 2481 1008 2545 Auxiliante

176 2604 294 2687 gratia
311 2603 439 2686 divina,
456 2624 493 2666 re
511 2614 547 2668 et
560 2605 705 2668 consilio
720 2603 934 2668 confratrum
947 2606 1007 2667 ad-

177 2727 284 2809 iutus,
305 2727 382 2789 iura
397 2728 603 2791 monasterii
618 2728 844 2810 recuperavit
860 2727 1007 2809 eiusque

176 2851 271 2912 bona
287 2850 433 2933 collegit
449 2861 484 2912 et
498 2851 608 2913 auxit.
632 2849 793 2913 Praefuit
809 2849 860 2912 ita
876 2860 912 2912 et
926 2870 1007 2932 pro·

175 2969 243 3033 fuit
267 2971 301 3033 in
326 2972 503 3053 omnibus,
527 2983 567 3034 ut
589 2981 685 3034 certe
709 2972 839 3054 dignus
859 2971 918 3052 sit,
947 2971 1006 3052 qui

176 3102 394 3156 restaurator
410 3094 516 3156 immo
533 3095 658 3158 tertius
675 3093 879 3156 monasterii
896 3093 1007 3156 nostri

176 3215 343 3278 fundator
352 3216 561 3296 appelletur.
575 3214 1007 3299 1849gymnasiumMera-

177 3356 296 3418 nense,
321 3337 458 3399 civibus
482 3357 587 3419 opem
611 3349 775 3420 prompte
800 3337 1006 3419 ferentibus,

177 3456 416 3539 amplificavit.
441 3459 556 3541 Quam
572 3462 618 3523 ob
630 3480 705 3523 rem
722 3462 766 3523 de
782 3461 927 3524 civitate
944 3480 1006 3542 op·

176 3581 260 3643 time
281 3581 408 3644 meruit
430 3583 576 3664 eiusque
600 3582 762 3645 meritum
786 3585 832 3645 ad
856 3583 1006 3665 posteri·

176 3704 261 3766 tatis
288 3705 492 3766 memoriam
518 3705 722 3786 pertinebit.
755 3705 889 3769 Eodem
913 3725 1004 3768 anno

176 3824 279 3888 Dom.
304 3848 333 3904 4.
359 3826 453 3909 Aug.
478 3827 669 3890 iubilaeum
693 3828 914 3890 sacerdotale
938 3829 1006 3890 sol·

176 3947 283 4010 lemni
296 3948 365 4010 ritu
375 3948 579 4011 celebravit.
596 3949 666 4010 Per
678 3951 798 4031 plures
811 3968 922 4012 annos
935 3959 1005 4012 sto·

177 4071 302 4133 macho
317 4070 483 4133 laborans
500 4080 582 4133 ante
599 4071 720 4133 oculos
735 4070 924 4152 hospitum,
946 4070 1006 4153 qui

177 4212 257 4254 eum
284 4190 452 4255 visitandi
484 4211 592 4256 causa
623 4194 782 4274 aderant,
815 4193 1006 4275 apoplexia

176 4325 293 4378 tactus
310 4326 346 4377 et
362 4335 388 4377 s.
399 4315 565 4378 unctione
578 4315 743 4397 provisus
755 4315 843 4378 obiit
860 4321 910 4378 23.
920 4316 1006 4378 Maii

181 4441 259 4500 1855
278 4436 406 4499 6616116
422 4457 508 4499 suae
523 4441 572 4501 81.
590 4437 819 4520 Epitaphium
833 4438 907 4500 eius
919 4438 1006 4500 haec

176 4562 286 4623 habet
294 4562 420 4622 verba:
433 4559 660 4643 „Monasterii
669 4570 895 4642 restaurator,
905 4581 1006 4644 gym-

177 4681 266 4744 nasii
287 4681 509 4745 Meranensis
529 4682 776 4765 amplificator,
801 4683 883 4746 iusti
904 4684 1006 4746 recti-

178 4824 246 4886 que
258 4815 377 4885 tenax,
395 4804 472 4867 aliis
485 4805 589 4884 mitis,
601 4805 739 4888 rigidus
752 4805 849 4868 sibi.“
868 4803 923 4869 Sit
934 4825 1005 4867 me-

177 4928 287 4990 moria
303 4927 379 4990 eius
396 4928 431 4991 in
447 4927 710 4991 benedictione!

263 5068 322 5130 Ad
351 5087 452 5130 usum
480 5087 582 5130 suum
609 5067 643 5130 in
671 5068 774 5151 lyceo
799 5067 1005 5130 Tridentino

177 5191 331 5253 maxima
347 5210 425 5253 cum
443 5191 629 5274 diligentia
645 5202 681 5254 et
696 5211 780 5254 cura
797 5191 953 5272 scripsit:

263 5317 486 5374 Praelectiones
507 5319 743 5395 philosophicae.
766 5320 821 5375 Ms.
842 5326 884 5391 4⁰.
914 5318 1004 5374 1vol.

177 5423 209 5480 In
226 5421 362 5480 biblioth.
380 5437 507 5480 monast.
525 5424 645 5480 adserv.

1171 644 1293 739 Mayr
1317 653 1598 718 Sebastianus
1623 652 1918 736 (6166116666-

1083 771 1166 853 616),
1183 771 1218 834 16
1231 771 1399 854 parochia
1409 769 1698 836 Steinerkirchen
1713 771 1770 835 die
1781 772 1915 838 20.Ian.

1088 897 1167 972 1845
1181 903 1296 975 natus,
1307 893 1533 976 frequentato
1546 893 1734 977 gymnasio
1747 892 1915 957 Cremifa-

1083 1016 1184 1078 nensi
1207 1036 1233 1079 s.
1254 1016 1379 1079 habitu
1405 1016 1462 1079 die
1481 1020 1530 1079 25.
1548 1017 1643 1099 Aug.
1665 1020 1745 1079 1865
1769 1016 1915 1079 indutus

1084 1138 1353 1218 quadriennium
1369 1137 1607 1221 theologicum
1624 1137 1659 1201 in
1674 1137 1838 1201 instituto
1855 1140 1915 1201 do·

1083 1260 1230 1323 mastico
1242 1261 1288 1322 ad
1301 1279 1327 1322 s.
1338 1259 1493 1323 Floriani
1505 1260 1689 1342 percurrit,
1704 1260 1762 1323 die
1775 1282 1805 1340 9.
1815 1259 1915 1342 Sept.

1088 1385 1168 1460 1866
1190 1391 1275 1444 vota
1297 1381 1479 1445 sollemnia
1502 1381 1619 1446 emisit
1642 1392 1678 1445 et
1701 1381 1759 1445 die
1782 1387 1835 1446 31.
1852 1382 1916 1446 Iul.

1090 1507 1171 1584 1870
1183 1505 1351 1567 sacerdos
1366 1513 1492 1567 unctus
1504 1514 1569 1568 est.
1590 1507 1753 1584 1870—71
1771 1503 1807 1566 in
1820 1503 1914 1567 univ.

1085 1625 1238 1688 Vindob.
1260 1625 1391 1708 linguis
1411 1625 1668 1690 recentioribus
1688 1645 1835 1708 operam
1857 1627 1916 1689 de·

1085 1746 1152 1823 dit;
1177 1750 1222 1810 ab
1244 1767 1336 1810 anno
1357 1751 1434 1827 1872
1456 1749 1656 1832 linguarum
1680 1749 1916 1812 recentiorum

1086 1879 1122 1932 et
1139 1870 1185 1931 ab
1201 1888 1293 1931 anno
1311 1873 1389 1949 1873
1409 1869 1510 1932 simul
1525 1871 1668 1953 linguae
1682 1869 1916 1934 Germanicae

1085 1990 1268 2073 professor
1285 1992 1319 2054 16
1335 1993 1534 2075 gymnasie.

1175 2157 1296 2221 Edidit
1311 2159 1484 2222 libellum:

1175 2325 1390 2402 Ausgewaihlte
1422 2328 1614 2403 Dichtungen
1644 2347 1703 2384 von
1734 2330 1766 2385 P.
1795 2330 1914 2387 Marcus

1088 2429 1205 2486 Holter,
1233 2427 1261 2508 (1.
1283 2450 1309 2487 6.
1335 2433 1477 2489 Ρ6616616
1499 2432 1613 2489 selecta
1633 2433 1665 2489 P.
1683 2434 1776 2490 Marci
1797 2434 1915 2503 Holter,

1088 2533 1219 2610 professi
1231 2535 1486 2615 Cremisanensis.)
1501 2537 1597 2607 Wels,
1615 2538 1720 2594 Druck
1732 2537 1791 2595 und
1803 2538 1917 2615 Verlag

1087 2658 1146 2696 von
1162 2639 1279 2716 Johann
1295 2641 1387 2698 Haas.
1410 2641 1499 2716 1877.
1522 2649 1581 2698 12⁰.
1604 2656 1657 2716 171
1678 2663 1707 2719 p.

1173 2843 1450 2938 Mayrhauser
1473 2854 1685 2919 Amandus
1701 2853 1917 2937 (Cremifa-

1087 2971 1261 3053 nensis),
1293 2982 1400 3033 antea
1430 2971 1581 3034 Ioannes
1612 2972 1674 3034 Ev.
1706 2972 1917 3037 Austriacus

1087 3092 1294 3174 Linciensis,
1312 3094 1368 3155 die
1388 3093 1539 3158 111161.
1558 3113 1638 3174 1779
1655 3106 1771 3177 natus,
1788 3097 1915 3160 studiis

1086 3181 1263 3298 gymnasii
1288 3226 1323 3279 et
1343 3216 1598 3298 philosophicis
1625 3217 1661 3280 in
1687 3219 1776 3280 urbe
1799 3219 1917 3300 patria

1087 3337 1260 3400 absolutis
1285 3339 1341 3400 die
1367 3360 1416 3415 26.
1434 3339 1655 3421 Septembris
1681 3359 1758 3420 1797
1785 3339 1918 3404 Cremi-

1086 3459 1159 3523 fani
1174 3460 1342 3543 religioso
1353 3460 1512 3523 habitum
1526 3461 1680 3541 indutus,
1699 3462 1756 3524 die
1771 3467 1821 3524 28.
1838 3461 1915 3527 061.

1090 3586 1168 3645 1862
1187 3593 1272 3645 vota
1287 3582 1454 3665 religiosa
1474 3584 1633 3646 sollemni
1649 3584 1718 3646 ritu
1735 3604 1917 3668 nuncupa-

1085 3704 1137 3768 vit
1163 3716 1198 3767 et
1225 3710 1263 3767 25
1290 3706 1414 3767 diebus
1440 3715 1521 3787 post
1545 3707 1745 3769 sacerdotio
1768 3717 1914 3771 ornatus

1086 3836 1150 3890 est.
1173 3827 1329 3890 Primum
1345 3837 1555 3909 cooperator
1568 3828 1603 3890 in
1616 3828 1841 3892 Pettenbach
1857 3851 1918 3893 an·
1961 3863 1964 3867 ⁴

1086 3969 1131 4012 no
1152 3952 1231 4012 1865
1249 3949 1423 4012 Viennam
1441 3950 1579 4032 missus,
1601 3960 1640 4012 ut
1660 3969 1699 4012 se
1719 3952 1765 4012 ad
1788 3952 1918 4016 docen-

1087 4073 1167 4134 dam
1181 4073 1216 4135 in
1227 4071 1388 4135 instituto
1398 4071 1600 4155 theologico
1610 4073 1805 4136 domestico
1818 4076 1917 4138 theo-

1085 4194 1216 4277 logiam
1231 4194 1469 4277 dogmaticam
1478 4204 1723 4275 praepararet;
1742 4199 1820 4274 1807
1836 4216 1918 4279 pro·

1086 4314 1201 4378 sessor
1214 4317 1415 4398 theologiae
1429 4316 1654 4399 dogmaticae
1671 4317 1846 4399 simulque
1863 4337 1917 4381 re-

1086 4439 1228 4522 ligionis
1252 4440 1291 4501 16
1317 4441 1420 4521 lyceo
1448 4439 1721 4520 Cremifanensi,
1750 4442 1796 4502 ab
1824 4461 1917 4505 anno

1091 4564 1171 4622 1816
1188 4580 1349 4624 66166166
1366 4561 1574 4624 tributariae
1590 4563 1803 4646 praefectuS,
1822 4585 1915 4629 anno

1091 4686 1169 4760 1817
1195 4703 1215 4743 a
1241 4702 1267 4744 s.
1292 4704 1319 4746 c.
1343 4705 1368 4746 r.
1394 4684 1471 4747 mai.
1490 4685 1680 4747 Francisco
1697 4686 1722 4749 I.
1745 4686 1915 4751 Austriae

1086 4805 1298 4887 imperatore
1323 4820 1465 4870 moneta
1489 4828 1597 4871 aurea
1621 4809 1738 4872 media
1759 4828 1824 4890 pro
1847 4811 1917 4892 piis

1085 4928 1220 4991 meritis
1247 4941 1409 5002 ornatus;
1440 4935 1622 5009 1821-11,
1645 4940 1797 4994 vacante
1828 4934 1914 4996 sede

1086 5051 1257 5115 abbatiali
1281 5053 1545 5116 administrator
1568 5053 1915 5119 166666161111111116-

1078 5174 1404 5256 ·ν11611661661616;
1428 5178 1474 5238 ab
1500 5196 1591 5239 anno
1621 5183 1700 5256 1824
1726 5198 1754 5240 c.
1778 5196 1803 5239 r.
1830 5197 1912 5241 666-

1084 5296 1200 5359 victus
1222 5298 1375 5362 director
1398 5311 1434 5362 et
1458 5300 1653 5362 studiorum
1674 5299 1913 5364 Cremifanen·

1085 5421 1173 5484 sium
1190 5422 1425 5503 prodirector;
1451 5426 1495 5485 ab
1516 5444 1609 5486 anno
1635 5428 1710 5486 1821
1736 5424 1839 5486 simul
1862 5424 1913 5486 rei
