4178 6196
907 442 1189 514 ..140-

180 640 342 712 sceptum
373 649 443 692 non
475 629 645 710 deseruit,
677 628 746 692 imo
776 628 915 691 fortiter
944 646 1010 710 pro

179 753 361 836 aequitate
373 751 625 835 propugnavit,
642 760 682 815 ut
696 749 814 814 officio
826 750 910 813 boni
922 749 1010 813 civis

181 896 227 939 ex
265 875 358 938 omni
396 881 498 956 parte
536 871 754 936 satisfecisse
784 871 1008 936 iudicaretur.

179 997 303 1059 Virum
334 1015 420 1078 ergo
447 1004 520 1058 tam
545 996 638 1057 bene
666 997 710 1057 de
738 995 853 1058 salute
880 993 1009 1057 civium

180 1119 360 1200 meritum,
391 1125 497 1201 grata
533 1136 591 1179 res
626 1116 768 1198 publica
795 1115 1009 1179 Viennensis

180 1243 294 1306 civem
322 1240 457 1305 creavit
482 1237 706 1302 honorarium
735 1248 771 1303 et
797 1239 875 1321 ipse
898 1258 1010 1322 augu-

181 1364 357 1428 stissimus
383 1361 553 1425 Austriae
579 1361 772 1443 imperator
798 1360 1010 1424 Franciscus

181 1487 355 1568 Iosephus
371 1483 571 1566 insignibus
587 1503 615 1546 c.
628 1503 655 1547 r.
672 1483 804 1548 ordinis
815 1483 844 1546 F
847 1482 1010 1546 rancisci·

181 1607 360 1689 Iosephini
375 1606 558 1670 decoravit
570 1614 678 1688 atque
690 1607 726 1669 in
738 1607 896 1688 equitum
907 1605 1010 1668 huius

181 1728 315 1794 ordinis
335 1747 517 1792 numerum
537 1726 699 1791 adscivit.
722 1728 864 1792 Interea
884 1727 1012 1791 litteris

181 1853 336 1916 vacabat
347 1861 447 1914 tanto
457 1870 536 1913 cum
545 1849 718 1932 profectu,
727 1858 767 1912 ut
775 1849 1011 1930 Athenaeum,

183 1974 346 2038 Venetiis
362 1973 501 2056 vigens,
527 1981 564 2035 et
583 1972 766 2035 academia
785 1971 1012 2036 scientiarum

182 2097 391 2177 artiumque,
413 2114 505 2177 quae
521 2094 662 2158 Patavii
677 2093 790 2178 floret,
811 2103 848 2158 et
863 2095 922 2157 illa
937 2093 1012 2157 Ro-

183 2238 276 2298 mae,
301 2217 358 2279 dei
375 2216 502 2298 Quiriti
523 2216 629 2299 dicta,
653 2226 690 2280 et
712 2208 1013 2299 quam‘plurimae

183 2340 374 2404 societates
382 2339 678 2402 Vindobonenses
686 2340 844 2404 sodalem
857 2359 937 2402 eum
946 2339 1014 2402 sibi

183 2461 396 2525 addiderint.
410 2461 642 2544 Negotiorum
651 2471 770 2526 autem
783 2471 819 2526 et
830 2481 1014 2525 munerum

184 2605 263 2648 cum
290 2582 478 2647 multitudo
507 2594 543 2647 et
567 2583 775 2667 magnitudo
800 2593 874 2648 tum
901 2586 1014 2649 varie·

183 2715 249 2787 tas,
261 2705 345 2788 quin
358 2704 616 2786 dissimilitudo,
626 2706 752 2770 virium
764 2726 852 2791 opes
861 2706 1014 2772 adficere

184 2836 220 2890 et
243 2846 450 2889 consumere
474 2838 683 2909 coeperunt,
710 2829 760 2892 ita
787 2838 826 2893 ut
852 2830 1014 2912 hydrope

184 2948 372 3033 pericardii
392 2959 587 3031 correptus,
609 2951 666 3012 die
689 2955 739 3015 28.
756 2951 845 3033 Apr.
866 2956 944 3015 1862
968 2954 1014 3015 ad

183 3073 327 3142 beatam
350 3071 651 3135 immortalitatem
676 3073 892 3156 demigrant,
916 3084 1014 3157 post·

184 3214 290 3276 quam
306 3194 520 3256 monasterio
540 3213 605 3276 per
626 3195 772 3278 triginta
794 3197 883 3258 duos
903 3215 1015 3259 annos

186 3316 283 3398 prior
299 3314 463 3398 praefuit.

271 3439 384 3522 Typis
401 3438 526 3501 edidit:

273 3565 295 3621 1.
328 3562 494 3640 Uebungen
525 3584 589 3621 zum
623 3564 827 3624 Uebersetzen
862 3587 917 3625 aus
948 3568 1015 3626 dem

185 3668 362 3727 Deutschen
384 3671 429 3725 ins
449 3668 642 3726 Lateinische
666 3670 742 3727 nach
763 3672 797 3729 li.
815 3672 864 3730 W.
882 3673 1016 3748 Ddrings

186 3773 357 3848 Anleitung.
386 3769 415 3849 (i.
440 3793 466 3831 e.
495 3774 648 3831 Exercitia
671 3773 1017 3856 Germanico-Latina.)

186 3879 213 3934 11
230 3897 336 3934 cursus
357 3895 413 3953 pro
435 3878 457 3935 l.
479 3892 509 3935 et
531 3879 567 3935 11.
590 3878 677 3935 class.
700 3899 823 3955 gramm.
850 3897 866 3939 2
889 3884 948 3940 vol.
974 3882 1015 3940 8⁰.

186 3983 329 4048 Viennae,
348 3981 427 4054 1824
441 3995 474 4040 et
492 3981 582 4054 1825,
595 3985 676 4058 typis
688 3984 788 4041 Caroli
802 3984 1015 4046 Ueberreuter.

274 4104 311 4160 11.
329 4102 562 4162 vocabularium
579 4103 860 4164 Graeco-Latinum
881 4129 946 4166 cum
963 4109 1017 4165 du·

187 4208 256 4284 plici
274 4208 442 4284 appendice
458 4208 559 4265 brevis
572 4212 787 4284 grammaticae
800 4210 939 4270 Graecae
951 4233 1018 4271 sec·

185 4313 260 4369 tioni
274 4313 286 4367 1
300 4308 381 4390 (edit.
391 4331 409 4368 a
419 4314 450 4370 P.
460 4313 624 4371 Francisco
635 4312 734 4393 Rohn)
746 4317 1016 4375 accommodatum.

192 4432 203 4474 1
223 4417 283 4473 rol.
306 4415 349 4474 8⁰.
376 4431 401 4475 1.
418 4417 465 4475 ed.
483 4418 627 4486 Viennae,
650 4417 739 4488 1826,
763 4435 791 4478 2.
808 4421 855 4479 ed.
878 4421 968 4495 1838,
989 4425 1018 4479 in

188 4519 312 4578 libraria
328 4522 351 4578 1.
368 4522 401 4579 B.
419 4522 646 4581 Wallishauser.

275 4644 326 4700 lIl.
340 4645 511 4702 Conciones
524 4645 612 4703 duas:
624 4645 680 4702 Am
695 4646 944 4725 ltinlzigjahrigen
956 4649 1019 4708 Ge·

189 4748 400 4824 dachtnistage
416 4749 470 4806 der
485 4750 685 4826 Einweihung
708 4752 762 4809 der
778 4753 969 4812 Psarrkirche
990 4757 1019 4812 in

188 4850 406 4910 Schottenfeld.
424 4854 567 4922 Viennae,
597 4854 687 4928 1836.
708 4889 750 4898 -—
772 4857 828 4914 Am
845 4860 1020 4917 Patronats·

189 4954 266 5013 feste
287 4957 340 5013 des
357 4956 858 5032 Handlungs-Krankeninstitutes.
875 4963 1018 5032 Viennae,

194 5059 285 5133 1849,
303 5063 383 5138 typis
399 5062 512 5137 Congr.
530 5063 706 5121 Mechithar.

277 5182 327 5240 IV.
337 5182 515 5259 Ansprache
527 5204 565 5241 an
578 5184 635 5241 den
645 5186 912 5263 hochwr'irdigsten
920 5191 1019 5248 Herrn

191 5284 291 5341 Abten
303 5285 357 5343 des
369 5285 617 5346 Schottenstiftes
630 5292 682 5348 Dr.
694 5291 867 5367 Sigismund
880 5293 1020 5353 Schultes

189 5409 226 5446 zu
242 5389 352 5447 dessen
368 5390 759 5471 ldnfundzwanzigjahriger
773 5397 1021 5474 Amtsthdtiglreit

1088 631 1230 707 gehalten
1254 649 1301 686 am
1326 629 1376 687 28.
1402 631 1508 687 lanner
1536 630 1626 705 1857.
1653 630 1708 688 Als
1731 631 1921 706 Manuscript

1088 735 1250 811 gedruclrt.
1266 735 1410 801 Viennae,
1428 749 1490 812 typ.
1507 735 1577 792 Ant.
1594 735 1781 812 Schweiger.

1175 839 1211 896 V.
1229 839 1419 916 Conscripsit
1435 854 1595 917 praeterea
1610 840 1787 916 necrologia
1806 835 1847 918 (in
1867 858 1919 896 ro·

1089 942 1169 1024 tulis)
1196 944 1438 1002 conventualium
1461 943 1653 1002 Scotensium
1681 944 1750 1002 inde
1777 942 1814 1000 ab
1839 961 1919 1000 anno

1093 1046 1256 1122 1830—61
1276 1051 1339 1105 vita
1353 1046 1571 1118 defunctorum,
1593 1068 1672 1124 quae
1692 1048 1921 1123 diligentissime

1088 1167 1211 1211 exarata
1232 1156 1312 1231 typis
1333 1154 1512 1211 demandata
1534 1167 1605 1211 sunt
1620 1155 1755 1212 Viennae
1776 1155 1869 1210 variis
1890 1155 1920 1210 in

1089 1258 1227 1316 officinis.

1177 1368 1334 1443 Govrik
1372 1376 1600 1463 Gregorius
1635 1380 1921 1462 (Mechithari

1077 1499 1181 1579 ista),
1205 1496 1437 1580 Armenopoli
1462 1499 1582 1582 (vulgo
1603 1497 1863 1583 Szamosujyar)
1885 1501 1921 1564 in

1090 1618 1355 1682 Transsilvania
1368 1619 1425 1682 die
1442 1640 1489 1699 14.
1499 1619 1585 1683 Maii
1598 1625 1679 1700 1846
1691 1632 1806 1704 natus,
1813 1622 1924 1686 Vien-

1091 1761 1159 1806 nae
1179 1742 1216 1805 in
1235 1741 1383 1805 Austria
1404 1742 1576 1805 habitus.
1599 1744 1656 1806 die
1679 1764 1707 1825 7.
1724 1744 1814 1807 Nov.
1841 1749 1921 1826 1857

1091 1866 1245 1947 indutuS,
1270 1865 1327 1928 die
1350 1886 1400 1944 24.
1417 1865 1512 1949 Aug.
1534 1870 1614 1945 1859
1631 1878 1716 1931 vota
1738 1868 1864 1948 emisit,
1888 1877 1926 1932 et

1092 1989 1150 2052 die
1167 2009 1197 2068 9.
1209 1987 1295 2050 Maii
1312 1992 1389 2050 1861
1409 1998 1637 2051 consecratus
1654 1998 1709 2053 est
1722 1991 1925 2074 presbyter.

1092 2111 1133 2174 In
1157 2109 1371 2173 monasterio
1399 2110 1540 2193 peregit
1565 2130 1631 2193 per
1652 2112 1788 2193 aliquot
1810 2132 1925 2176 annos

1093 2231 1210 2296 officia
1237 2232 1422 2296 directoris
1450 2230 1613 2296 officinae
1639 2236 1925 2318 typographicae

1093 2363 1130 2418 et
1150 2353 1361 2436 professoris
1383 2354 1551 2417 historiae
1572 2356 1781 2420 universalis
1803 2367 1839 2421 et
1856 2358 1925 2421 Ar·

1094 2497 1284 2541 menorum.
1313 2478 1420 2540 Anno
1440 2482 1518 2557 1872
1537 2478 1664 2542 missus
1680 2488 1736 2542 est
1751 2480 1926 2544 Constan-

1093 2599 1295 2682 tinopolim,
1328 2600 1388 2663 ubi
1419 2620 1484 2683 per
1515 2604 1532 2663 5
1564 2620 1676 2664 annos
1705 2603 1742 2665 in
1773 2603 1926 2686 collegio

1093 2720 1261 2785 Mechith.
1275 2721 1428 2785 Vindob.
1446 2722 1566 2786 docuit
1581 2722 1665 2806 ling.
1679 2723 1873 2787 Armenam
1890 2733 1928 2789 et

1094 2842 1356 2918 Germanicam;
1379 2845 1464 2908 item
1484 2845 1668 2908 historiam
1688 2847 1926 2912 universalem

1095 2975 1131 3030 et
1143 2966 1359 3030 nationalem
1373 2967 1590 3050 (Armenam)
1607 2977 1644 3032 et
1655 2971 1926 3053 geographiam.

1094 3089 1200 3153 Anno
1232 3094 1310 3170 1877
1339 3090 1515 3154 Viennam
1546 3102 1735 3157 revocatus
1766 3086 1928 3178 fungitur

1094 3232 1238 3275 munere
1260 3212 1467 3276 confessarii
1489 3214 1695 3278 clericorum
1719 3228 1756 3281 et
1776 3218 1927 3282 novitio·

1094 3355 1181 3418 rum,
1199 3345 1235 3399 et
1250 3335 1462 3418 professoris
1474 3338 1717 3421 geographiae
1734 3340 1929 3404 mathema-

1095 3457 1188 3522 ticae
1205 3468 1241 3523 et
1256 3458 1437 3543 physicae.

1183 3581 1303 3665 Opera
1333 3583 1380 3643 ab
1408 3600 1450 3644 eo
1477 3581 1512 3644 in
1539 3582 1661 3665 lingua
1689 3583 1929 3649 Neo-armena

1097 3704 1194 3788 typis
1211 3704 1322 3768 edita:

1184 3831 1207 3887 1.
1225 3832 1364 3906 ΙΚωὶιωιΙι
1379 3830 1633 3909 Ἥψιβῦωἳι,
1652 3833 1669 3888 i.
1687 3851 1713 3888 e.
1730 3832 1832 3889 Clavis
1849 3831 1931 3912 (cae-

1098 3931 1204 4013 lorum)
1227 3937 1322 4010 regni.
1349 3932 1444 3992 Liber
1467 3937 1646 3992 orationum.
1672 3936 1821 4002 Viennae,
1849 3941 1929 4015 typis

1098 4040 1239 4096 Mechith.
1262 4038 1350 4112 1867.

1185 4145 1221 4200 11.
1231 4143 1421 4232 menan,
1438 4143 1670 4218 ‹tymmafflya
1685 4143 1857 4214 garam,
1872 4148 1890 4202 i.
1901 4166 1928 4204 e.

1097 4251 1203 4306 Brevis
1231 4250 1356 4306 historia
1384 4249 1562 4306 universalis
1589 4250 1617 4304 in
1646 4269 1730 4306 usum
1758 4250 1930 4307 scholarum

1098 4354 1301 4412 nationalium.
1318 4355 1462 4421 Viennae,
1480 4355 1560 4428 typis
1577 4353 1718 4410 Mechith.
1741 4352 1831 4429 1879.

1185 4459 1238 4516 111.
1253 4460 1470 4534 l'=‘¹‘r·‘¹t¹⁶¹¹u‘ol
1485 4456 1762 4532 ‘elementiae
1777 4461 1794 4515 i·
1806 4479 1832 4515 e.
1846 4457 1931 4516 Geo-

1098 4563 1227 4639 graphia
1239 4563 1427 4620 universalis.
1445 4563 1468 4618 l.
1485 4560 1655 4618 fasciculus.
1674 4559 1801 4640 (Geogr.
1816 4563 1930 4620 mathe-

1099 4670 1208 4725 matica
1220 4681 1251 4725 et
1263 4664 1411 4745 physica.)
1428 4668 1571 4733 Viennae,
1585 4668 1665 4742 typis
1678 4668 1820 4724 Mechith.
1839 4667 1930 4743 1871.

1187 4778 1420 4875 Grabinger
1447 4789 1660 4873 Aegidius
1686 4789 1930 4875 (Scotensis)

1099 4905 1347 4989 Schwandorf,
1373 4908 1408 4970 in
1430 4907 1606 4971 Bavariae
1631 4910 1725 4991 vico,
1749 4921 1855 4974 natus
1875 4920 1932 4975 est

1101 5029 1159 5092 die
1176 5029 1317 5092 25.1an.
1339 5034 1430 5111 1760,
1447 5050 1597 5112 cumque
1619 5032 1676 5094 die
1698 5036 1728 5096 5.
1746 5031 1825 5096 Oct.
1850 5038 1929 5113 1793

1098 5151 1135 5214 in
1151 5151 1310 5214 ordinem
1322 5171 1349 5215 s.
1360 5152 1400 5215 P.
1411 5172 1443 5214 n.
1454 5152 1640 5215 Benedicti
1653 5163 1749 5216 esset
1761 5154 1931 5236 adscitus,

1099 5283 1185 5337 vota
1193 5274 1375 5336 sollemnia
1384 5274 1500 5337 emisit
1513 5276 1570 5338 die
1580 5280 1610 5339 5.
1622 5273 1702 5340 Oct.
1717 5295 1808 5355 1794.
1818 5277 1931 5340 Paulo

1099 5408 1289 5480 postquam
1305 5398 1478 5479 primitias
1494 5398 1572 5461 Deo
1590 5399 1784 5462 celebravit
1804 5399 1861 5462 die
1883 5419 1932 5481 17.
