4178 6196
877 482 1133 550 „9-

136 671 241 742 esset,
266 660 306 724 P.
328 659 606 725 Carolomannus
630 664 676 725 ab
702 666 834 728 abbate
854 665 967 749 Mein·

135 786 221 847 rado
237 785 319 847 illuc
337 786 530 867 deputatus
546 797 611 867 est,
634 797 669 848 et
691 786 741 849 ibi
761 789 916 852 docebat
932 790 968 852 in

135 907 337 989 gymnasi0,
369 907 578 988 plerumque
605 907 641 969 in
669 908 772 990 lyceo
799 914 845 973 ab
873 931 966 974 anno

74 1019 82 1035 ’
140 1033 317 1110 1835-39,
341 1040 377 1092 et
401 1031 447 1091 ab
464 1049 557 1092 anno
578 1034 744 1110 1843—47
764 1033 967 1096 archaeolo-

135 1153 240 1235 giam,
260 1151 454 1232 historiam,
476 1151 749 1234 philosophiam,
773 1154 967 1236 explicavit

135 1286 298 1338 auctores
311 1275 481 1337 classicos
491 1273 650 1338 Graecos
661 1285 697 1336 et
705 1274 852 1338 Latinos
865 1286 966 1340 tanto

135 1397 372 1461 studiosorum
394 1397 430 1460 in
450 1397 520 1459 illis
537 1397 696 1459 scientiis
716 1417 910 1480 progressu
931 1411 967 1461 et

135 1540 212 1582 cum
234 1529 335 1583 tanta
359 1518 580 1601 superiorum
604 1520 726 1601 laude,
752 1530 791 1583 ut
813 1520 967 1584 facultas

134 1641 382 1724 philosophica
421 1641 664 1704 universitatis
700 1642 965 1706 Monachiensis

134 1785 212 1827 eum
230 1766 411 1826 doctorem
427 1764 676 1845 philosophiae
697 1765 841 1827 honoris
858 1785 966 1827 causa

133 1886 399 1967 renuntiaverit,
417 1895 453 1948 et
470 1886 713 1949 discedentem
730 1907 877 1968 praeses
894 1887 966 1949 col-

132 2009 217 2091 legii
238 2007 422 2090 regiminis
444 2029 553 2090 aegre
575 2017 711 2070 etcum
735 2007 965 2071 honorificen-

132 2129 269 2191 tissimo
290 2129 494 2192 testimonio
516 2130 698 2193 dimiserit.
723 2130 839 2192 Annis
858 2129 965 2192 inter-

133 2250 257 2314 mediis
278 2252 336 2313 vel
358 2251 540 2333 professor
560 2251 739 2334 gymnasii
762 2254 807 2314 ad
828 2273 855 2317 s.
872 2253 965 2315 Pau-

131 2375 201 2435 lum
217 2374 276 2435 vel
292 2375 469 2454 parochus
485 2375 530 2436 ad
548 2394 574 2434 s
593 2371 787 2456 Georgium
805 2383 895 2448 erat;
919 2377 964 2436 ab

132 2514 223 2557 anno
251 2500 330 2574 1849
353 2495 479 2559 iterum
502 2495 684 2577 professor
706 2496 884 2579 gymnasii
908 2517 964 2559 su-

132 2618 281 2699 perioris
295 2616 603 2700 Clagenfurtensis
620 2618 827 2700 explicabat
843 2630 964 2681 aucto-

131 2761 188 2802 res
220 2740 391 2801 classicos
420 2738 579 2802 Graecos
611 2748 647 2802 et
675 2738 821 2803 Latinos
853 2742 963 2804 multo

131 2883 250 2925 amore
263 2873 299 2925 et
316 2862 447 2944 insigni
460 2862 699 2925 studiosorum
711 2863 855 2937 fructui;
875 2863 963 2925 istos

132 2987 264 3067 quippe
281 2985 474 3065 scriptores
490 2993 598 3046 noctu
616 2985 747 3065 diuque
763 3006 868 3047 manu
885 3006 963 3048 ver·
1043 2966 1156 3046 supra.)
1170 2968 1305 3025 Schluss.
1323 2969 1499 3043 Pfflgsamm
1513 2969 1566 3026 des
1580 2970 1609 3025 k.
1620 2969 1649 3025 k·
1663 2968 1876 3044 Gymnasiums

132 3109 244 3189 sabat,
262 3108 307 3168 ad
324 3108 524 3168 docendum
545 3126 686 3188 semper
706 3116 863 3188 paratus,
887 3108 962 3170 An-

130 3252 175 3293 no
189 3234 268 3292 1866
283 3229 452 3291 cathedra
466 3230 698 3309 descendens,
715 3230 761 3290 ad
774 3248 801 3292 s.
811 3228 961 3292 Paulum

131 3352 316 3433 concessit,
329 3351 457 3414 litteris
470 3372 603 3413 vacans
617 3360 652 3414 et
665 3354 821 3433 parocho
833 3373 961 3435 coope-

129 3496 221 3538 rans.
234 3476 341 3538 Anno
356 3479 437 3554 1870
450 3475 484 3536 in
495 3474 639 3536 Tirolim
652 3474 960 3557 profectusBrixi-

129 3618 195 3660 nae
211 3597 415 3680 aegrotavit
431 3617 478 3658 ex
494 3598 699 3678 pulmonum
716 3596 960 3659 inflammatio-

128 3739 183 3799 ne,
200 3729 236 3780 et
252 3718 309 3781 die
324 3723 374 3781 28.
388 3717 468 3781 Oct.
481 3717 539 3800 pie
553 3717 588 3780 in
600 3718 754 3781 Domino
771 3718 960 3782 defunctus

128 3851 192 3903 est.
224 3841 310 3902 Erat
333 3840 388 3902 vir
410 3841 543 3902 multae
569 3840 793 3923 eruditioniS,
818 3853 961 3923 praeter

126 3963 267 4046 linguas
280 3963 446 4043 antiquas
460 3961 633 4025 Gallicam
647 3974 682 4025 et
694 3964 854 4026 Italicam
867 3965 959 4027 bene

127 4087 290 4168 cognitas
302 4086 473 4159 habebat;
492 4096 568 4148 erat
581 4087 699 4167 polita,
714 4086 862 4168 egregia
874 4105 958 4168 poe-

127 4220 222 4270 mata
239 4207 320 4271 stilo
337 4207 561 4289 potissimum
576 4207 705 4270 Latino
721 4228 852 4290 magna
872 4207 958 4270 faci-

126 4328 226 4393 litate
246 4330 440 4411 contexuit,
462 4341 498 4392 et
514 4331 571 4392 vel
593 4330 628 4392 in
653 4329 956 4412 ephemeridibus:

127 4451 308 4515 Carinthia
338 4452 535 4534 inscriptis,
563 4454 620 4514 vel
652 4453 737 4514 data
769 4452 957 4515 occasione

127 4575 273 4638 seorsim
290 4575 388 4658 typis
405 4574 583 4657 expressit
599 4586 787 4656 praeterea
808 4573 957 4636 societa-

126 4696 172 4759 tis
186 4697 378 4759 historicae
399 4716 464 4778 pro
482 4695 614 4759 Suevia
631 4705 666 4758 et
683 4695 865 4758 Carinthia
882 4707 958 4758 erat

127 4819 259 4881 sodalis
283 4830 319 4881 et
340 4820 501 4881 delectus
521 4820 567 4880 ad
588 4819 871 4891 deliberandum;
892 4839 957 4880 nec

125 4960 196 5003 non
213 4939 345 5002 sodalis
363 4939 568 5002 academiae
588 4939 705 5023 ,degli
722 4938 883 5021 Quiriti“.

213 5078 419 5162 Sequuntur
432 5080 507 5142 eius
517 5080 652 5161 scripta
660 5079 757 5163 typis
770 5080 957 5162 impressa:

213 5225 236 5280 1.
258 5225 304 5281 De
321 5226 462 5300 antiquae
484 5225 660 5299 tragoediae
682 5227 876 5301 praestantia,
898 5242 958 5298 qua

1048 670 1271 727 Vindelicorum
1287 672 1355 727 XII.
1374 670 1523 727 Calendas
1540 669 1624 747 Sept.
1642 675 1710 728 anni
1728 671 1807 745 1838
1825 675 1883 730 rite

1049 774 1245 832 celebrandas
1267 778 1372 832 invitat
1388 776 1626 833 Carolomannus
1643 776 1725 846 Flor,
1750 777 1881 853 philolo·

1048 881 1116 954 giae
1137 894 1168 936 et
1188 881 1332 937 historiae
1356 882 1385 936 in
1409 880 1496 955 lyceo
1519 880 1686 956 professor.
1711 881 1880 956 Augustae,

1048 986 1129 1059 typis
1145 985 1346 1040 Lauterianis.
1365 985 1464 1040 LXXI
1482 1005 1511 1061 p.
1528 991 1570 1057 4⁰.

1135 1088 1172 1143 11.
1190 1089 1246 1144 Dic
1263 1088 1426 1144 ciassische
1440 1089 1572 1146 Lectiire
1587 1108 1656 1146 vom
1669 1088 1881 1165 Standpunkte

1047 1192 1101 1248 der
1117 1192 1310 1249 christlichen
1325 1192 1542 1267 Auschauung.
1560 1191 1589 1270 (i.
1608 1212 1634 1250 e.
1650 1194 1696 1249 De
1712 1194 1803 1251 modo
1820 1196 1880 1252 lec·

1047 1310 1133 1352 turae
1150 1294 1352 1374 christianae.)
1377 1298 1555 1371 Programm
1579 1297 1632 1354 des
1657 1299 1686 1354 k.
1709 1299 1739 1355 k.
1762 1298 1881 1356 Staats·

1047 1403 1252 1476 gymnasiums
1264 1421 1300 1456 zu
1314 1401 1496 1475 Klagenlurt
1512 1421 1558 1457 am
1576 1400 1720 1459 Schlusse
1737 1402 1791 1461 des
1808 1402 1880 1460 Stu-

1046 1505 1216 1579 dienjahres
1236 1504 1326 1578 1855.
1352 1506 1457 1562 Druck
1481 1504 1530 1562 bei
1553 1507 1670 1582 Johann
1692 1508 1788 1564 Leon.
1814 1527 1843 1583 p.
1866 1523 1876 1564 1

1045 1626 1141 1682 -44·
1159 1608 1201 1666 8⁰·

1133 1715 1185 1771 111.
1200 1716 1256 1771 Die
1271 1715 1575 1773 ciassischeLectiire
1588 1736 1658 1774 vom
1668 1715 1879 1793 Standpunkte

1046 1819 1100 1875 der
1127 1820 1320 1876 christlichcn
1347 1819 1563 1894 Auschauung.
1595 1818 1680 1898 (Item
1708 1834 1741 1877 ut
1767 1819 1879 1900 supra.)

1046 1925 1247 1998 Fortsetzung
1269 1924 1329 1979 und
1353 1922 1487 1980 Schluss.
1516 1926 1692 2000 Programm
1720 1925 1774 1982 des
1797 1927 1826 1982 k.
1849 1927 1878 1982 k.

1046 2027 1259 2102 Gymnasiums
1286 2048 1321 2084 zu
1350 2027 1537 2103 Klageuiart.
1568 2029 1625 2085 Am
1653 2028 1798 2087 Schlusse
1825 2030 1879 2087 des

1046 2131 1274 2208 Studienjahres
1296 2131 1385 2204 1856.
1407 2133 1597 2208 Klagenfurt,
1615 2134 1720 2190 Druck
1735 2154 1795 2191 von
1811 2136 1878 2210 Joh.

1045 2238 1141 2293 Leon.
1159 2256 1189 2313 p.
1212 2235 1323 2294 1—86.
1341 2236 1384 2294 8⁰.

1132 2342 1183 2399 IV.
1206 2343 1266 2398 Zur
1286 2341 1469 2398 Geschichte
1490 2342 1545 2398 der
1565 2343 1718 2418 Pelasger.
1740 2341 1770 2422 (i.
1788 2362 1814 2399 e.
1831 2342 1878 2400 Ad

1044 2447 1198 2503 historiam
1231 2447 1426 2519 Pelasgorum
1458 2444 1583 2524 notata.)
1618 2448 1794 2522 Programm
1825 2449 1879 2505 des

1044 2549 1073 2605 k.
1095 2552 1124 2607 k.
1147 2550 1359 2624 Gymnasiums
1382 2570 1418 2605 zu
1440 2551 1627 2626 Klagensurt.
1651 2552 1709 2608 Am
1733 2551 1879 2609 Schlusse

1045 2656 1098 2712 des
1116 2655 1342 2730 Studienjahres
1364 2654 1454 2728 1859.
1479 2656 1668 2730 Klageniurt,
1690 2657 1797 2713 Druck
1817 2676 1877 2716 von

1042 2761 1109 2836 Joh.
1127 2761 1223 2816 Leon.
1241 2780 1270 2836 p.
1292 2774 1404 2833 1—72.
1422 2758 1464 2816 8⁰.

1130 2865 1165 2921 V.
1190 2867 1250 2920 Zur
1273 2864 1457 2922 Geschichte
1481 2863 1535 2920 der
1559 2864 1712 2938 Pelasger.
1738 2861 1823 2943 (Item
1845 2880 1878 2922 ut
1917 2889 1920 2898 ·

1042 3095 1077 3130 zu
1109 3073 1289 3148 Klagcnsurt
1320 3092 1366 3129 am
1394 3072 1537 3130 Schlusse
1569 3073 1622 3130 des
1649 3073 1876 3149 Studienjahres

1047 3178 1136 3236 1860.
1161 3176 1351 3252 Klagenfurt,
1374 3177 1480 3235 Druck
1499 3176 1547 3234 bei
1563 3178 1630 3254 Joh.
1647 3179 1744 3234 Leon.
1766 3198 1795 3255 p.
1818 3194 1877 3234 1-—

1042 3298 1093 3357 59·
1111 3281 1153 3340 8⁰·

1128 3388 1178 3444 Vl.
1213 3384 1314 3444 Ueber
1346 3389 1413 3443 eine
1440 3388 1628 3445 hetrurische
1655 3387 1796 3445 luschrist
1825 3387 1880 3444 aui

1041 3495 1123 3549 einer
1133 3491 1248 3568 Sphinx
1261 3511 1320 3549 von
1329 3491 1454 3548 Bronze.
1469 3488 1535 3571 (i.'e.
1546 3494 1706 3568 Inscriptio
1716 3493 1876 3550 Etruscica

1042 3600 1069 3653 in
1083 3597 1190 3673 sphinx
1203 3594 1314 3674 aerea.)
1328 3595 1528 3670 Abgedruckt
1540 3600 1578 3654 im
1589 3597 1704 3654 Archiv
1716 3597 1763 3654 fiir
1775 3613 1875 3655 vater·

1040 3701 1193 3758 landische
1210 3701 1395 3758 Geschichte
1412 3702 1471 3758 und
1487 3702 1717 3779 Topographie.
1740 3686 1894 3760 Herauss

1040 3804 1181 3881 gegeben
1197 3824 1256 3861 von
1273 3806 1340 3862 dem
1356 3806 1557 3863 historischen
1569 3807 1700 3863 Vereine
1717 3807 1764 3863 fiir
1776 3809 1875 3863 Karn-

1040 3925 1100 3967 ten.
1125 3911 1314 3985 Klagensurt,
1339 3912 1444 3969 Druck
1467 3930 1527 3968 von
1547 3912 1573 3987 J.
1596 3913 1693 3969 Leon.
1718 3929 1747 3985 4.
1770 3912 1874 3988 Jahrg.

1045 4014 1135 4089 1858.
1153 4036 1181 4091 p.
1200 4031 1338 4087 22—30.
1356 4015 1399 4073 8⁰.

1125 4120 1192 4176 Vll.
1210 4118 1311 4177 Ueber
1327 4122 1393 4177 eine
1411 4121 1509 4177 kleine
1521 4119 1673 4178 bronzene
1686 4119 1803 4197 Sphinx
1818 4139 1874 4176 aus

1039 4222 1279 4299 Siebenbiirgen.
1298 4222 1327 4303 (i.
1343 4244 1368 4281 e.
1387 4224 1502 4301 Sphinx
1519 4244 1614 4300 parva
1629 4244 1720 4282 aerea
1733 4228 1761 4281 iu
1774 4225 1874 4281 Tran-

1039 4330 1174 4405 sylvania
1190 4327 1332 4408 inventa.)
1353 4329 1476 4399 Archiv,
1494 4346 1523 4402 4.
1539 4331 1642 4405 Jahrg.
1666 4350 1695 4407 p.
1713 4344 1873 4405 95—110.

1126 4453 1206 4510 VIll.
1229 4451 1331 4510 Ueber
1351 4453 1399 4509 die
1420 4453 1597 4509 erloschene
1617 4453 1807 4510 etruskische
1825 4453 1873 4508 In·

1039 4557 1144 4614 schrift
1159 4576 1206 4613 arn
1224 4557 1426 4634 Spitzelsosen
1443 4557 1472 4613 in
1485 4558 1715 4615 Unterkarnten.
1733 4554 1762 4635 (i.
1779 4576 1806 4614 e.
1824 4557 1872 4612 In·

1038 4664 1165 4738 scriptio
1178 4662 1275 4718 deleta
1288 4663 1448 4719 Etruscica
1464 4665 1492 4718 in
1509 4660 1733 4740 Spitzelsoien.)
1746 4661 1869 4728 Archiv,

1038 4781 1067 4839 5.
1083 4767 1187 4842 Jahrg.
1209 4763 1300 4823 1860.
1318 4786 1348 4843 p.
1365 4765 1525 4840 80-110.

1126 4889 1176 4944 IX.
1194 4886 1295 4945 Ueber
1309 4887 1368 4943 den
1384 4887 1500 4963 seligen
1516 4887 1679 4955 Domitian,
1697 4888 1822 4962 Herzog
1842 4889 1872 4944 in

1039 4994 1184 5049 Karnten.
1209 4989 1283 5070 (1.1.
1306 4994 1389 5050 Beat.
1407 4993 1570 5060 Domitian,
1593 4992 1652 5085 dux
1673 4989 1870 5071 Carinthiae.)

1037 5097 1160 5163 Archiv,
1180 5111 1206 5170 7.
1222 5097 1325 5173 Jahrg.
1347 5095 1437 5154 1862.
1455 5117 1484 5173 p.
1506 5111 1619 5169 1-32.

1124 5222 1162 5276 X.
1180 5219 1281 5277 Ueber
1297 5222 1344 5275 ein
1361 5219 1534 5276 Pestkreuz.
1552 5214 1582 5297 (i.
1596 5239 1622 5277 1.
1637 5219 1683 5277 De
1696 5238 1786 5278 cruce
1798 5238 1871 5276 con·

125 5330 164 5386 ad
188 5342 274 5386 actus
301 5330 461 5385 sollemnes
489 5331 518 5385 in
541 5331 628 5404 regio
652 5330 787 5386 instituto
811 5328 957 5385 litterario
1038 5339 1084 5382 tra
1110 5338 1226 5402 pestem
1254 5321 1378 5402 erecta.)
1409 5323 1535 5392 Archiv,
1568 5338 1615 5380 10.
1642 5324 1745 5400 Jahrg.
1778 5321 1868 5380 1866.

126 5432 295 5492 catholicae
307 5432 508 5490 confessionis
521 5433 558 5489 ad
571 5453 595 5489 e.
606 5432 791 5508 Stephanum
800 5433 958 5507 Augustae
1038 5451 1068 5508 p.
1087 5445 1267 5504 243-252.

1611 5530 1661 5590 13*
