4178 6196
798 470 838 479 —
883 433 1106 497 LXXXVII
1152 473 1191 482 —

117 659 178 720 vel
203 655 488 740 „Sermonibus“.
530 659 600 741 Qui
627 659 736 722 libelli
768 678 814 721 ex
843 661 998 723 maxima
1028 671 1131 742 parte
1159 682 1180 724 a
1208 662 1412 724 clarissimis
1442 661 1645 744 theologiae
1679 662 1860 744 magistris

119 797 316 880 praecipue
344 797 508 861 Lutetiae
543 799 754 861 docentibus
785 799 890 880 editi,
927 820 1018 881 quae
1049 821 1128 863 cum
1162 801 1385 865 monasteriis
1416 801 1616 864 Austriacis
1651 802 1749 864 varie
1783 811 1860 864 erat

119 935 327 1018 coniuncta,
356 936 545 1019 diligenter
572 937 866 1000 describebantur
896 947 932 1000 et
962 941 1234 1003 renovabantur.
1281 940 1327 1002 Et
1355 941 1491 1003 ratione
1518 941 1640 1004 habita
1668 960 1860 1023 paucorum

120 1076 350 1139 sacerdotum
378 1095 420 1138 ea
449 1085 568 1139 aetate
591 1075 626 1137 in
650 1074 873 1137 monasteriis
897 1075 1118 1157 degentium,
1148 1077 1207 1157 qui
1234 1087 1422 1158 praeterea
1451 1078 1529 1141 aliis
1558 1077 1685 1140 officiis
1708 1098 1861 1160 occupa-

119 1217 263 1294 bantur,
288 1215 372 1296 quid
396 1214 529 1295 mirum,
557 1215 587 1277 si
618 1233 753 1296 paucos
780 1213 961 1276 nominare
989 1233 1188 1295 possumus,
1213 1216 1272 1297 qui
1295 1235 1352 1278 res
1375 1216 1596 1298 theologicas
1621 1216 1860 1279 disseruerint.

121 1351 216 1415 Sunt
251 1352 393 1434 quidem
428 1353 551 1434 pauci,
587 1354 651 1415 sed
686 1351 827 1415 nomina
862 1372 982 1415 eorum
1018 1356 1206 1417 celebrata.
1254 1355 1350 1418 Ante
1386 1375 1508 1419 omnes
1542 1355 1746 1418 nominandi
1780 1365 1861 1418 sunt

120 1490 253 1553 fratres
269 1489 496 1554 Godofredus
520 1500 556 1554 et
577 1491 785 1554 Irimbertus
800 1493 952 1554 abbates
969 1492 1243 1573 AdmontenseS,
1268 1493 1328 1574 qui
1352 1494 1386 1555 in
1407 1495 1622 1557 monasterio
1641 1493 1861 1556 academiam

123 1629 359 1693 instituebant
374 1631 407 1712 ¹).
452 1629 606 1692 Accedit
630 1650 676 1692 ex
699 1631 965 1693 successoribus
989 1631 1204 1694 clarissimus
1221 1632 1459 1714 Engelbertus
1475 1636 1599 1714 abbaS,
1624 1633 1683 1714 qui
1707 1632 1860 1694 omnium

123 1789 212 1832 suae
236 1769 365 1832 aetatis
389 1768 654 1851 disciplinarum
677 1770 814 1851 peritus
837 1771 1087 1853 adpellatur²)'.
1132 1773 1173 1834 In
1197 1772 1411 1835 monasterio
1435 1771 1693 1834 Btevnoviensi
1720 1771 1863 1834 saeculo

124 1908 337 1971 duodecimo
372 1906 537 1971 Clemens
572 1909 685 1970 abbas
724 1909 976 2018 (1110—1123)
1012 1910 1048 1972 in
1084 1911 1270 1991 disciplina
1308 1911 1553 1992 philosophica
1588 1920 1623 1973 et
1661 1910 1863 1992 theologica

124 2067 242 2129 aeque
266 2048 382 2111 clarus
395 2049 436 2130 ³),
460 2057 497 2111 et
520 2049 664 2111 saeculo
688 2058 815 2129 quarto
839 2049 976 2111 decimo
998 2049 1193 2132 Dionysius
1218 2050 1375 2113 eiusdem
1399 2049 1603 2113 monasterii
1626 2052 1739 2111 abbas
1767 2049 1864 2129 (1360

122 2187 266 2267 —1360)
299 2188 409 2270 digna
439 2188 544 2249 laude
574 2187 799 2250 nominantur
812 2188 847 2267 ⁴).
897 2188 1088 2251 Lunaelaci
1117 2188 1260 2251 fuerunt
1290 2202 1326 2251 et
1357 2189 1575 2269 scripserunt
1606 2187 1750 2250 saeculo
1779 2188 1864 2248 duo-

124 2324 264 2388 decimo
302 2325 488 2388 Liutoldus
530 2335 567 2388 et
604 2326 831 2390 Eberhardus
875 2326 1054 2398 monachi:
1098 2292 1243 2390 Mellicii
1287 2327 1514 2389 Burchardus
1559 2335 1595 2388 et
1638 2326 1864 2388 Hermannus

124 2464 338 2544 monachis).
384 2465 425 2527 In
461 2466 676 2528 monasterio
710 2468 756 2528 ad
788 2486 815 2528 s.
849 2466 1076 2529 Lambertum
1107 2465 1142 2528 in
1174 2464 1282 2529 Stiria
1316 2466 1459 2529 saeculo
1495 2464 1740 2528 tertiodecimo
1777 2463 1864 2526 Hin-

125 2604 292 2666 denricus
316 2612 353 2665 et
376 2602 526 2667 Ioannes
540 2603 563 2685 ⁶)
597 2605 760 2668 monaehi
792 2605 1017 2667 nominantur
1047 2614 1083 2667 et
1110 2613 1255 2686 postero
1283 2605 1427 2666 saeculo
1456 2604 1608 2666 Ioannes
1640 2601 1865 2684 praepositus

127 2743 403 2825 Raigradiensis
418 2745 440 2824 ⁷)
470 2759 506 2806 et
529 2744 713 2807 Adalbero
736 2743 949 2807 Pleichober
977 2744 1169 2806 monachus
1192 2741 1486 2825 Lambaeensis⁸)
1516 2742 1746 2805 decretalium
1774 2741 1865 2823 peri·
1951 2790 1960 2801 .

127 2881 256 2944 tissimi
287 2882 451 2944 laudibus
484 2881 693 2964 efferuntur,
729 2883 829 2946 cuius
860 2882 1019 2965 aequalis
1051 2892 1106 2944 est
1136 2881 1336 2944 Fridolinus
1367 2881 1559 2944 monachus
1592 2879 1865 2961 Opatovicensis

130 3019 339 3082 monasterii
352 3021 386 3100 9).
433 3021 479 3083 Et
501 3031 643 3102 praeter
666 3022 731 3084 hos
754 3022 963 3104 scriptoreS‚
996 3021 1124 3103 quibus
1154 3043 1180 3084 S.
1205 3019 1431 3099 Gerardus¹⁰)
1455 3020 1593 3101 Martyr
1617 3029 1652 3080 et
1676 3017 1866 3099 episcopus

263 3257 283 3337 ι)
308 3259 442 3328 Quorum
467 3277 562 3334 opera
585 3258 785 3336 Ziegelbauer
807 3260 825 3316 l.
851 3280 876 3317 c.
901 3261 953 3317 ΙΙΙ.
979 3261 1029 3318 IV.

261 3369 283 3450 ²)
308 3370 461 3447 Operibus
482 3391 499 3427 a
520 3371 719 3447 Ziegelbauer
734 3392 795 3429 sec.
814 3374 871 3430 Pez
892 3374 1023 3431 thesaur.
1041 3373 1189 3430 Anecdot.
1208 3375 1392 3430 enumeratis
1408 3372 1576 3428 addendum
1593 3385 1656 3428 est:
1684 3371 1866 3442 „Tractatus

129 3485 169 3541 de
194 3486 328 3541 musica“
354 3487 484 3541 omissus
507 3504 525 3541 a
548 3486 616 3542 Pez.
641 3486 796 3552 Wichner‚
820 3486 963 3543 Admont.
989 3487 1006 3543 l.
1031 3507 1057 3543 c.
1082 3487 1134 3543 111.

260 3595 284 3673 ³)
308 3596 443 3673 Operum
467 3599 531 3654 eius
555 3599 627 3655 nihil
649 3595 685 3678 (Ρ)
709 3602 882 3676 permansit.
908 3599 1018 3666 Dudik,
1043 3600 1175 3674 Raigern
1199 3599 1216 3655 l.
1241 3619 1267 3656 c.
1292 3599 1313 3654 1.

262 3708 285 3789 4)
310 3711 475 3785 Dionysius
498 3709 594 3768 abbas
618 3713 757 3769 Lutetiae
782 3712 960 3770 doctoratus
984 3713 1086 3769 laurea
1110 3714 1269 3787 insignitus
1293 3711 1415 3767 illustris
1440 3710 1610 3786 disputator
1625 3709 1744 3767 habitus
1768 3723 1815 3766 est
1838 3711 1866 3764 in

129 3825 328 3879 universitate
351 3823 505 3897 Pragensi.
552 3825 599 3880 De
622 3824 767 3901 operibus
791 3828 855 3883 eius
879 3826 948 3881 nihil
973 3827 1134 3882 memoriae
1158 3824 1308 3902 proditum
1332 3837 1389 3881 est.
1413 3823 1514 3879 Dudik
1538 3824 1555 3879 Ι.
1581 3844 1606 3880 c.

263 3932 286 4013 5)
310 3935 470 3993 Liutoldus
494 3937 624 3993 confecit
647 3937 822 3995 Passionale
838 3939 875 3995 de
893 3936 1014 3995 Sanctis
1038 3951 1068 3994 et
1094 3956 1268 4009 „sermones
1292 3941 1398 4005 oct0“;
1423 3950 1534 4003 cetera,
1559 3955 1637 4011 quae
1660 3939 1688 3993 in
1713 3937 1868 4012 disciplina

132 4048 308 4123 theologica
331 4050 492 4124 scripsisse
516 4048 632 4116 dicitur,
656 4063 798 4126 suspecta
813 4063 890 4107 sunt.
916 4050 961 4107 cf.
979 4050 1083 4117 Deuis,
1108 4049 1237 4107 Codices
1260 4051 1454 4125 manuscripti
1479 4048 1641 4123 theologici
1665 4047 1866 4106 bibliothecae

133 4163 286 4218 Palatinae
302 4161 554 4220 Vindobonensis.
594 4160 801 4219 Eberhardum
819 4180 956 4220 carmen:
984 4164 1146 4238 „Mysteria
1169 4161 1385 4238 redemptionis
1402 4161 1568 4217 humanae“
1585 4160 1725 4218 versibus
1742 4162 1868 4218 leoninis

132 4276 295 4349 scripsisse
312 4275 477 4331 chronicon
492 4275 721 4332 Lunaelacense
739 4290 893 4333 memorat.
925 4277 1057 4352 Uterque
1074 4275 1182 4332 habilis
1199 4275 1369 4350 descriptor
1385 4287 1415 4330 et
1431 4277 1530 4350 pictor
1546 4286 1620 4330 erat.
1653 4275 1698 4330 De
1715 4273 1868 4330 monachis

134 4384 360 4443 Mellicensibus
383 4385 420 4443 ci.
446 4385 547 4462 Kropi
567 4386 585 4443 Ι.
610 4406 636 4443 c.

267 4494 290 4577 ⁶)
313 4499 513 4556 Heideuricus
534 4502 656 4575 scripsit
675 4501 869 4572 „Psalterium
887 4504 918 4558 B.
936 4502 975 4558 M.
990 4502 1024 4558 V.
1043 4520 1096 4557 seu
1112 4500 1308 4557 salutationes
1325 4501 1544 4575 rhythmicas“;
1566 4501 1669 4556 Ioanni
1690 4498 1869 4573 „Expositio

134 4614 288 4689 passionis
305 4612 499 4668 Dominicae“
518 4626 549 4669 et
565 4626 710 4670 tractatus
737 4614 792 4685 „de
809 4634 856 4681 eo,
878 4614 960 4689 quod
976 4614 1064 4670 liceat
1080 4614 1227 4670 monacho
1244 4613 1452 4689 praedicare‘·',
1470 4613 1681 4669 attribuuntur.
1705 4611 1751 4668 Cf.
1765 4608 1869 4668 Series

134 4727 318 4801 scriptorum
343 4723 613 4783 Lambertinorum.

267 4836 290 4917 7)
315 4838 448 4914 Reliquit
470 4840 711 4897 Commentarios
735 4843 763 4896 in
788 4840 974 4897 Decretales.
998 4840 1147 4896 Manuscr.
1169 4838 1372 4897 bibliothecae
1388 4838 1624 4914 Raigradiensis.
1649 4836 1750 4894 Dudik
1766 4838 1784 4893 Ι.
1802 4857 1827 4894 c.
1846 4839 1868 4894 1.

266 4946 502 5030 ⁸)Conscripsit
535 4965 714 5028 apparatum
751 4955 779 5010 in
811 4953 987 5011 Decretaies
1020 4966 1050 5009 et
1081 4953 1303 5010 distinctionum
1338 4951 1478 5016 libellum,
1511 4968 1636 5026 quorum
1666 4951 1736 5007 nihil
1760 4964 1868 5008 exstat.

136 5062 328 5129 Schmieder‚
351 5045 491 5120 Chronic.
516 5061 660 5120 Lambac.

264 5173 289 5254 9)
313 5177 346 5231 ln
369 5194 523 5232 numerum
547 5178 729 5252 optimorum
755 5179 967 5252 magistrorum
991 5179 1195 5233 universitatis
1219 5178 1379 5252 Pragensis
1408 5175 1544 5232 refertur.
1580 5172 1725 5251 Scripsit:
1753 5176 1871 5253 „Adap-

134 5293 237 5347 tiones
261 5292 464 5345 sermonum“.
488 5288 590 5357 Frind,
616 5290 926 5364 Kirchengeschichte
949 5309 1009 5347 von
1032 5290 1165 5346 Bdhmen
1188 5289 1206 5346 Ι.
1231 5308 1257 5345 c.
1282 5290 1319 5345 II.

252 5400 287 5480 ιο)
303 5400 472 5477 Scripsisse
487 5401 615 5459 dicitur:
636 5401 739 5474 „Libri
756 5415 826 5459 octo
844 5404 1065 5478 expositionum
1083 5402 1182 5476 hymni
1198 5403 1286 5457 trium
1304 5405 1497 5476 puerorum“.
1522 5401 1720 5476 Ziegelbauer
1736 5401 1754 5457 l.
1772 5421 1797 5457 c.
1816 5401 1868 5457 ΙΙΙ.
