<?xml version="1.0" encoding="UTF-8"?>
<!DOCTYPE html PUBLIC "-//W3C//DTD XHTML 1.0 Transitional//EN"
    "http://www.w3.org/TR/xhtml1/DTD/xhtml1-transitional.dtd">
<html xmlns="http://www.w3.org/1999/xhtml" xml:lang="en" lang="en">
 <head>
  <title>
</title>
<meta http-equiv="Content-Type" content="text/html;charset=utf-8" />
  <meta name='ocr-system' content='tesseract 3.04.00' />
  <meta name='ocr-capabilities' content='ocr_page ocr_carea ocr_par ocr_line ocrx_word'/>
</head>
<body>
  <div class='ocr_page' id='page_1' title='image "./scriptoresordin00austgoog_0101.png"; bbox 0 0 4178 6196; ppageno 0'>
   <div class='ocr_carea' id='block_1_1' title="bbox 934 438 1211 501">
    <p class='ocr_par' dir='ltr' id='par_1_1' title="bbox 934 438 1211 501">
     <span class='ocr_line' id='line_1_1' title="bbox 934 438 1211 501; baseline 0 -1"><span class='ocrx_word' id='word_1_1' title='bbox 934 477 975 485; x_wconf 97' lang='lat'><strong>—</strong></span> <span class='ocrx_word' id='word_1_2' title='bbox 1021 438 1124 501; x_wconf 87' lang='lat' dir='ltr'>XCII</span> <span class='ocrx_word' id='word_1_3' title='bbox 1171 478 1211 485; x_wconf 90' lang='lat'><em>-</em></span> 
     </span>
    </p>
   </div>
   <div class='ocr_carea' id='block_1_2' title="bbox 204 666 1940 2282">
    <p class='ocr_par' dir='ltr' id='par_1_2' title="bbox 204 666 1939 1583">
     <span class='ocr_line' id='line_1_2' title="bbox 204 666 1938 745; baseline 0.001 -16"><span class='ocrx_word' id='word_1_4' title='bbox 204 666 420 730; x_wconf 83' lang='lat' dir='ltr'>Enzersdorf</span> <span class='ocrx_word' id='word_1_5' title='bbox 440 678 475 730; x_wconf 89' lang='lat' dir='ltr'>et</span> <span class='ocrx_word' id='word_1_6' title='bbox 491 667 642 729; x_wconf 91' lang='lat' dir='ltr'>loannes</span> <span class='ocrx_word' id='word_1_7' title='bbox 660 666 779 730; x_wconf 91' lang='lat' dir='ltr'>Oeder</span> <span class='ocrx_word' id='word_1_8' title='bbox 801 667 1006 729; x_wconf 84' lang='lat' dir='ltr'>sacerdotes</span> <span class='ocrx_word' id='word_1_9' title='bbox 1022 670 1055 745; x_wconf 59' lang='grc' dir='ltr'>ἒ).</span> <span class='ocrx_word' id='word_1_10' title='bbox 1093 667 1221 730; x_wconf 88' lang='lat' dir='ltr'><strong>Primis</strong></span> <span class='ocrx_word' id='word_1_11' title='bbox 1244 667 1378 730; x_wconf 89' lang='lat' dir='ltr'>saeculi</span> <span class='ocrx_word' id='word_1_12' title='bbox 1394 667 1496 730; x_wconf 90' lang='lat' dir='ltr'>XVI.</span> <span class='ocrx_word' id='word_1_13' title='bbox 1521 667 1702 731; x_wconf 91' lang='lat' dir='ltr'>decenniis</span> <span class='ocrx_word' id='word_1_14' title='bbox 1718 668 1938 731; x_wconf 87' lang='lat' dir='ltr'>Benedictus</span> 
     </span>
     <span class='ocr_line' id='line_1_3' title="bbox 205 805 1937 889; baseline 0 -19"><span class='ocrx_word' id='word_1_15' title='bbox 205 806 431 870; x_wconf 88' lang='lat' dir='ltr'>Chelidonius</span> <span class='ocrx_word' id='word_1_16' title='bbox 461 805 589 869; x_wconf 85' lang='lat' dir='ltr'>Abbas</span> <span class='ocrx_word' id='word_1_17' title='bbox 620 807 868 888; x_wconf 84' lang='lat'>(1518—1521)</span> <span class='ocrx_word' id='word_1_18' title='bbox 904 806 1074 869; x_wconf 86' lang='lat' dir='ltr'>doctrinis</span> <span class='ocrx_word' id='word_1_19' title='bbox 1107 826 1185 869; x_wconf 92' lang='lat' dir='ltr'>cum</span> <span class='ocrx_word' id='word_1_20' title='bbox 1217 807 1428 889; x_wconf 84' lang='lat' dir='ltr'>theologicis</span> <span class='ocrx_word' id='word_1_21' title='bbox 1457 818 1531 870; x_wconf 92' lang='lat' dir='ltr'>tum</span> <span class='ocrx_word' id='word_1_22' title='bbox 1564 808 1771 878; x_wconf 83' lang='lat' dir='ltr'>liberalibus</span> <span class='ocrx_word' id='word_1_23' title='bbox 1805 808 1937 871; x_wconf 87' lang='lat' dir='ltr'>famam</span> 
     </span>
     <span class='ocr_line' id='line_1_4' title="bbox 205 943 1939 1029; baseline 0.001 -21"><span class='ocrx_word' id='word_1_24' title='bbox 205 945 363 1028; x_wconf 85' lang='lat' dir='ltr'>collegit,</span> <span class='ocrx_word' id='word_1_25' title='bbox 396 946 589 1026; x_wconf 85' lang='lat' dir='ltr'>praecipue</span> <span class='ocrx_word' id='word_1_26' title='bbox 621 943 903 1026; x_wconf 85' lang='lat' dir='ltr'>quaestionibus,</span> <span class='ocrx_word' id='word_1_27' title='bbox 932 965 1021 1026; x_wconf 88' lang='lat' dir='ltr'>quas</span> <span class='ocrx_word' id='word_1_28' title='bbox 1045 954 1190 1008; x_wconf 91' lang='lat' dir='ltr'>auctore</span> <span class='ocrx_word' id='word_1_29' title='bbox 1212 945 1274 1010; x_wconf 91' lang='lat' dir='ltr'>Dr.</span> <span class='ocrx_word' id='word_1_30' title='bbox 1297 946 1430 1009; x_wconf 86' lang='lat' dir='ltr'>Ioanne</span> <span class='ocrx_word' id='word_1_31' title='bbox 1454 948 1531 1010; x_wconf 90' lang='lat' dir='ltr'>Eck</span> <span class='ocrx_word' id='word_1_32' title='bbox 1563 948 1606 1009; x_wconf 92' lang='lat' dir='ltr'>de</span> <span class='ocrx_word' id='word_1_33' title='bbox 1637 947 1737 1010; x_wconf 89' lang='lat' dir='ltr'>libris</span> <span class='ocrx_word' id='word_1_34' title='bbox 1770 956 1939 1029; x_wconf 89' lang='lat' dir='ltr'>quattuor</span> 
     </span>
     <span class='ocr_line' id='line_1_5' title="bbox 204 1084 1935 1168; baseline 0.001 -21"><span class='ocrx_word' id='word_1_35' title='bbox 204 1084 458 1148; x_wconf 88' lang='lat' dir='ltr'>sententiarum</span> <span class='ocrx_word' id='word_1_36' title='bbox 482 1085 761 1166; x_wconf 88' lang='lat' dir='ltr'>theologicarum</span> <span class='ocrx_word' id='word_1_37' title='bbox 784 1084 947 1165; x_wconf 84' lang='lat' dir='ltr'>instituit,</span> <span class='ocrx_word' id='word_1_38' title='bbox 972 1085 1031 1165; x_wconf 93' lang='lat' dir='ltr'>qui</span> <span class='ocrx_word' id='word_1_39' title='bbox 1047 1084 1155 1146; x_wconf 91' lang='lat' dir='ltr'>Petro</span> <span class='ocrx_word' id='word_1_40' title='bbox 1171 1085 1373 1148; x_wconf 90' lang='lat' dir='ltr'>Lombardo</span> <span class='ocrx_word' id='word_1_41' title='bbox 1389 1084 1480 1148; x_wconf 88' lang='lat' dir='ltr'>false</span> <span class='ocrx_word' id='word_1_42' title='bbox 1504 1086 1684 1168; x_wconf 87' lang='lat' dir='ltr'>adsignati</span> <span class='ocrx_word' id='word_1_43' title='bbox 1707 1088 1754 1149; x_wconf 90' lang='lat' dir='ltr'>ad</span> <span class='ocrx_word' id='word_1_44' title='bbox 1778 1087 1935 1149; x_wconf 93' lang='lat' dir='ltr'>studium</span> 
     </span>
     <span class='ocr_line' id='line_1_6' title="bbox 204 1224 1938 1307; baseline 0.001 -21"><span class='ocrx_word' id='word_1_45' title='bbox 204 1225 406 1307; x_wconf 84' lang='lat' dir='ltr'>theologiae</span> <span class='ocrx_word' id='word_1_46' title='bbox 430 1225 662 1287; x_wconf 88' lang='lat' dir='ltr'>scholasticae</span> <span class='ocrx_word' id='word_1_47' title='bbox 687 1225 805 1306; x_wconf 88' lang='lat' dir='ltr'>magni</span> <span class='ocrx_word' id='word_1_48' title='bbox 829 1235 910 1286; x_wconf 91' lang='lat' dir='ltr'>sunt</span> <span class='ocrx_word' id='word_1_49' title='bbox 931 1224 1108 1287; x_wconf 89' lang='lat' dir='ltr'>momenti.</span> <span class='ocrx_word' id='word_1_50' title='bbox 1147 1224 1302 1287; x_wconf 89' lang='lat' dir='ltr'>Eosdem</span> <span class='ocrx_word' id='word_1_51' title='bbox 1326 1226 1533 1287; x_wconf 91' lang='lat' dir='ltr'>emendatos</span> <span class='ocrx_word' id='word_1_52' title='bbox 1557 1225 1678 1287; x_wconf 89' lang='lat' dir='ltr'>edidit.</span> <span class='ocrx_word' id='word_1_53' title='bbox 1715 1224 1802 1287; x_wconf 90' lang='lat' dir='ltr'>Cum</span> <span class='ocrx_word' id='word_1_54' title='bbox 1827 1227 1938 1288; x_wconf 92' lang='lat' dir='ltr'>bona-</span> 
     </span>
     <span class='ocr_line' id='line_1_7' title="bbox 205 1362 1939 1447; baseline 0.002 -22"><span class='ocrx_word' id='word_1_55' title='bbox 205 1384 280 1426; x_wconf 90' lang='lat' dir='ltr'>rum</span> <span class='ocrx_word' id='word_1_56' title='bbox 313 1363 439 1426; x_wconf 88' lang='lat' dir='ltr'>artium</span> <span class='ocrx_word' id='word_1_57' title='bbox 468 1362 689 1444; x_wconf 90' lang='lat' dir='ltr'>principibus</span> <span class='ocrx_word' id='word_1_58' title='bbox 713 1374 752 1426; x_wconf 93' lang='lat' dir='ltr'>ut</span> <span class='ocrx_word' id='word_1_59' title='bbox 775 1365 925 1426; x_wconf 88' lang='lat' dir='ltr'>Alberto</span> <span class='ocrx_word' id='word_1_60' title='bbox 947 1363 1080 1444; x_wconf 87' lang='lat' dir='ltr'>Diirer,</span> <span class='ocrx_word' id='word_1_61' title='bbox 1104 1362 1313 1426; x_wconf 90' lang='lat' dir='ltr'>Willibaldo</span> <span class='ocrx_word' id='word_1_62' title='bbox 1337 1362 1575 1445; x_wconf 91' lang='lat' dir='ltr'>Pirkheimer,</span> <span class='ocrx_word' id='word_1_63' title='bbox 1606 1363 1669 1428; x_wconf 89' lang='lat' dir='ltr'>Dr.</span> <span class='ocrx_word' id='word_1_64' title='bbox 1693 1364 1827 1427; x_wconf 89' lang='lat' dir='ltr'>Ioanne</span> <span class='ocrx_word' id='word_1_65' title='bbox 1851 1365 1939 1447; x_wconf 90' lang='lat' dir='ltr'>Eck,</span> 
     </span>
     <span class='ocr_line' id='line_1_8' title="bbox 205 1502 1302 1583; baseline 0 -17"><span class='ocrx_word' id='word_1_66' title='bbox 205 1503 367 1567; x_wconf 89' lang='lat' dir='ltr'>Conrado</span> <span class='ocrx_word' id='word_1_67' title='bbox 392 1502 520 1583; x_wconf 91' lang='lat' dir='ltr'>Celtes,</span> <span class='ocrx_word' id='word_1_68' title='bbox 545 1503 622 1565; x_wconf 88' lang='lat' dir='ltr'>aliis</span> <span class='ocrx_word' id='word_1_69' title='bbox 646 1512 724 1565; x_wconf 90' lang='lat' dir='ltr'>arta</span> <span class='ocrx_word' id='word_1_70' title='bbox 747 1503 919 1566; x_wconf 90' lang='lat' dir='ltr'>societate</span> <span class='ocrx_word' id='word_1_71' title='bbox 944 1513 1020 1565; x_wconf 89' lang='lat' dir='ltr'>erat</span> <span class='ocrx_word' id='word_1_72' title='bbox 1044 1502 1253 1565; x_wconf 88' lang='lat' dir='ltr'>coniunctus</span> <span class='ocrx_word' id='word_1_73' title='bbox 1268 1506 1302 1583; x_wconf 88' lang='lat'>²).</span> 
     </span>
    </p>

    <p class='ocr_par' dir='ltr' id='par_1_3' title="bbox 204 1633 1940 2282">
     <span class='ocr_line' id='line_1_9' title="bbox 334 1633 1939 1725; baseline 0.001 -21"><span class='ocrx_word' id='word_1_74' title='bbox 334 1642 374 1705; x_wconf 93' lang='lat' dir='ltr'>In</span> <span class='ocrx_word' id='word_1_75' title='bbox 391 1643 604 1705; x_wconf 89' lang='lat' dir='ltr'>monasterio</span> <span class='ocrx_word' id='word_1_76' title='bbox 621 1641 877 1705; x_wconf 88' lang='lat' dir='ltr'>Cremifanensi</span> <span class='ocrx_word' id='word_1_77' title='bbox 900 1643 1169 1706; x_wconf 87' lang='lat' dir='ltr'>dissertationes</span> <span class='ocrx_word' id='word_1_78' title='bbox 1191 1642 1412 1725; x_wconf 87' lang='lat' dir='ltr'>theologicas</span> <span class='ocrx_word' id='word_1_79' title='bbox 1428 1633 1630 1706; x_wconf 80' lang='lat' dir='ltr'>Fridericus</span> <span class='ocrx_word' id='word_1_80' title='bbox 1645 1643 1939 1705; x_wconf 89' lang='lat' dir='ltr'>Kerschbaumer</span> 
     </span>
     <span class='ocr_line' id='line_1_10' title="bbox 206 1779 1938 1864; baseline 0.001 -20"><span class='ocrx_word' id='word_1_81' title='bbox 206 1792 242 1845; x_wconf 89' lang='lat' dir='ltr'>et</span> <span class='ocrx_word' id='word_1_82' title='bbox 265 1781 451 1843; x_wconf 87' lang='lat' dir='ltr'>Florianus</span> <span class='ocrx_word' id='word_1_83' title='bbox 474 1780 674 1864; x_wconf 86' lang='lat' dir='ltr'>Mersinger</span> <span class='ocrx_word' id='word_1_84' title='bbox 688 1783 711 1862; x_wconf 82' lang='lat'>³)</span> <span class='ocrx_word' id='word_1_85' title='bbox 737 1779 974 1863; x_wconf 88' lang='lat' dir='ltr'>confecerunt,</span> <span class='ocrx_word' id='word_1_86' title='bbox 1003 1779 1235 1844; x_wconf 87' lang='lat' dir='ltr'>Seitenstadii</span> <span class='ocrx_word' id='word_1_87' title='bbox 1259 1782 1409 1844; x_wconf 86' lang='lat' dir='ltr'>Ioannes</span> <span class='ocrx_word' id='word_1_88' title='bbox 1433 1784 1626 1845; x_wconf 88' lang='lat' dir='ltr'>monachus</span> <span class='ocrx_word' id='word_1_89' title='bbox 1658 1792 1867 1864; x_wconf 84' lang='lat' dir='ltr'>„tractatum</span> <span class='ocrx_word' id='word_1_90' title='bbox 1893 1785 1938 1846; x_wconf 94' lang='lat' dir='ltr'>de</span> 
     </span>
     <span class='ocr_line' id='line_1_11' title="bbox 204 1919 1939 2006; baseline 0.003 -25"><span class='ocrx_word' id='word_1_91' title='bbox 204 1920 294 1982; x_wconf 88' lang='lat' dir='ltr'>fide“</span> <span class='ocrx_word' id='word_1_92' title='bbox 305 1922 327 2000; x_wconf 89' lang='lat'>⁴)</span> <span class='ocrx_word' id='word_1_93' title='bbox 346 1921 504 2001; x_wconf 90' lang='lat' dir='ltr'>scripsit;</span> <span class='ocrx_word' id='word_1_94' title='bbox 522 1921 605 1982; x_wconf 92' lang='lat' dir='ltr'>item</span> <span class='ocrx_word' id='word_1_95' title='bbox 622 1921 656 1982; x_wconf 90' lang='lat' dir='ltr'>in</span> <span class='ocrx_word' id='word_1_96' title='bbox 672 1921 895 1984; x_wconf 90' lang='lat' dir='ltr'>monasteriis</span> <span class='ocrx_word' id='word_1_97' title='bbox 912 1919 1138 1985; x_wconf 86' lang='lat' dir='ltr'>Gluniacensi</span> <span class='ocrx_word' id='word_1_98' title='bbox 1155 1933 1190 1986; x_wconf 90' lang='lat' dir='ltr'>et</span> <span class='ocrx_word' id='word_1_99' title='bbox 1207 1921 1393 1985; x_wconf 85' lang='lat' dir='ltr'>Garstensi</span> <span class='ocrx_word' id='word_1_100' title='bbox 1410 1945 1431 1985; x_wconf 92' lang='lat' dir='ltr'>a</span> <span class='ocrx_word' id='word_1_101' title='bbox 1447 1924 1685 2006; x_wconf 87' lang='lat' dir='ltr'>compluribus</span> <span class='ocrx_word' id='word_1_102' title='bbox 1703 1924 1939 2006; x_wconf 90' lang='lat' dir='ltr'>scriptoribus</span> 
     </span>
     <span class='ocr_line' id='line_1_12' title="bbox 205 2059 1940 2146; baseline 0.002 -26"><span class='ocrx_word' id='word_1_103' title='bbox 205 2059 337 2142; x_wconf 89' lang='lat' dir='ltr'>ignotis</span> <span class='ocrx_word' id='word_1_104' title='bbox 361 2060 629 2123; x_wconf 88' lang='lat' dir='ltr'>dissertationes</span> <span class='ocrx_word' id='word_1_105' title='bbox 653 2061 688 2124; x_wconf 92' lang='lat' dir='ltr'>in</span> <span class='ocrx_word' id='word_1_106' title='bbox 712 2063 892 2143; x_wconf 92' lang='lat' dir='ltr'>publicum</span> <span class='ocrx_word' id='word_1_107' title='bbox 915 2061 1139 2143; x_wconf 90' lang='lat' dir='ltr'>prodierunt:</span> <span class='ocrx_word' id='word_1_108' title='bbox 1173 2063 1238 2143; x_wconf 84' lang='lat' dir='ltr'>,de</span> <span class='ocrx_word' id='word_1_109' title='bbox 1266 2061 1518 2144; x_wconf 78' lang='lat' dir='ltr'>poenitentia“,</span> <span class='ocrx_word' id='word_1_110' title='bbox 1553 2064 1617 2146; x_wconf 84' lang='lat' dir='ltr'>,de</span> <span class='ocrx_word' id='word_1_111' title='bbox 1649 2073 1787 2145; x_wconf 91' lang='lat' dir='ltr'>septem</span> <span class='ocrx_word' id='word_1_112' title='bbox 1822 2082 1940 2125; x_wconf 87' lang='lat' dir='ltr'>sacra-</span> 
     </span>
     <span class='ocr_line' id='line_1_13' title="bbox 206 2198 1004 2282; baseline 0.004 -21"><span class='ocrx_word' id='word_1_113' title='bbox 206 2198 365 2280; x_wconf 77' lang='lat' dir='ltr'>mentis“,</span> <span class='ocrx_word' id='word_1_114' title='bbox 393 2199 590 2281; x_wconf 83' lang='lat' dir='ltr'>„expositio</span> <span class='ocrx_word' id='word_1_115' title='bbox 614 2201 648 2262; x_wconf 89' lang='lat' dir='ltr'>in</span> <span class='ocrx_word' id='word_1_116' title='bbox 672 2201 861 2282; x_wconf 83' lang='lat' dir='ltr'>psalmos“,</span> <span class='ocrx_word' id='word_1_117' title='bbox 885 2201 1004 2282; x_wconf 80' lang='lat' dir='ltr'>alias).</span> 
     </span>
    </p>
   </div>
   <div class='ocr_carea' id='block_1_3' title="bbox 335 2338 1939 2423">
    <p class='ocr_par' dir='ltr' id='par_1_4' title="bbox 335 2338 1939 2423">
     <span class='ocr_line' id='line_1_14' title="bbox 335 2338 1939 2423; baseline 0.002 -23"><span class='ocrx_word' id='word_1_118' title='bbox 335 2338 491 2401; x_wconf 82' lang='lat' dir='ltr'>Maxime</span> <span class='ocrx_word' id='word_1_119' title='bbox 508 2359 593 2402; x_wconf 87' lang='lat' dir='ltr'>vero</span> <span class='ocrx_word' id='word_1_120' title='bbox 617 2339 708 2403; x_wconf 90' lang='lat' dir='ltr'>inter</span> <span class='ocrx_word' id='word_1_121' title='bbox 731 2341 847 2403; x_wconf 88' lang='lat' dir='ltr'>omnia</span> <span class='ocrx_word' id='word_1_122' title='bbox 864 2341 1032 2404; x_wconf 89' lang='lat' dir='ltr'>Austriae</span> <span class='ocrx_word' id='word_1_123' title='bbox 1056 2342 1246 2423; x_wconf 90' lang='lat' dir='ltr'>superioris</span> <span class='ocrx_word' id='word_1_124' title='bbox 1270 2341 1484 2404; x_wconf 88' lang='lat' dir='ltr'>monasteria</span> <span class='ocrx_word' id='word_1_125' title='bbox 1499 2342 1588 2404; x_wconf 91' lang='lat' dir='ltr'>haec</span> <span class='ocrx_word' id='word_1_126' title='bbox 1604 2341 1801 2404; x_wconf 90' lang='lat' dir='ltr'>litterarum</span> <span class='ocrx_word' id='word_1_127' title='bbox 1818 2342 1939 2404; x_wconf 87' lang='lat' dir='ltr'>studia</span> 
     </span>
    </p>
   </div>
   <div class='ocr_carea' id='block_1_4' title="bbox 206 2472 1939 2564">
    <p class='ocr_par' dir='ltr' id='par_1_5' title="bbox 206 2472 1939 2564">
     <span class='ocr_line' id='line_1_15' title="bbox 206 2472 1939 2564; baseline 0.001 -24"><span class='ocrx_word' id='word_1_128' title='bbox 206 2478 302 2540; x_wconf 89' lang='lat' dir='ltr'>culta</span> <span class='ocrx_word' id='word_1_129' title='bbox 326 2472 407 2540; x_wconf 91' lang='lat' dir='ltr'>sunt</span> <span class='ocrx_word' id='word_1_130' title='bbox 431 2478 639 2559; x_wconf 85' lang='lat' dir='ltr'>Lunaelaci,</span> <span class='ocrx_word' id='word_1_131' title='bbox 671 2498 740 2560; x_wconf 93' lang='lat' dir='ltr'>quo</span> <span class='ocrx_word' id='word_1_132' title='bbox 770 2480 805 2543; x_wconf 93' lang='lat' dir='ltr'>in</span> <span class='ocrx_word' id='word_1_133' title='bbox 837 2481 1051 2544; x_wconf 86' lang='lat' dir='ltr'>monasterio</span> <span class='ocrx_word' id='word_1_134' title='bbox 1082 2481 1236 2544; x_wconf 85' lang='lat' dir='ltr'>maxima</span> <span class='ocrx_word' id='word_1_135' title='bbox 1264 2501 1343 2544; x_wconf 90' lang='lat' dir='ltr'>cum</span> <span class='ocrx_word' id='word_1_136' title='bbox 1374 2481 1559 2564; x_wconf 88' lang='lat' dir='ltr'>diligentia</span> <span class='ocrx_word' id='word_1_137' title='bbox 1583 2502 1652 2544; x_wconf 92' lang='lat' dir='ltr'>non</span> <span class='ocrx_word' id='word_1_138' title='bbox 1677 2483 1789 2543; x_wconf 92' lang='lat' dir='ltr'>solum</span> <span class='ocrx_word' id='word_1_139' title='bbox 1812 2481 1939 2543; x_wconf 91' lang='lat' dir='ltr'>biblio-</span> 
     </span>
    </p>
   </div>
   <div class='ocr_carea' id='block_1_5' title="bbox 207 2618 1941 3259">
    <p class='ocr_par' dir='ltr' id='par_1_6' title="bbox 207 2618 1941 3259">
     <span class='ocr_line' id='line_1_16' title="bbox 207 2618 1938 2704; baseline 0.001 -24"><span class='ocrx_word' id='word_1_140' title='bbox 207 2619 312 2680; x_wconf 90' lang='lat' dir='ltr'>theca</span> <span class='ocrx_word' id='word_1_141' title='bbox 335 2618 524 2699; x_wconf 88' lang='lat' dir='ltr'>descriptis</span> <span class='ocrx_word' id='word_1_142' title='bbox 547 2619 716 2700; x_wconf 88' lang='lat' dir='ltr'>operibus</span> <span class='ocrx_word' id='word_1_143' title='bbox 740 2622 912 2685; x_wconf 90' lang='lat' dir='ltr'>clarorum</span> <span class='ocrx_word' id='word_1_144' title='bbox 934 2623 1181 2704; x_wconf 91' lang='lat' dir='ltr'>theologorum</span> <span class='ocrx_word' id='word_1_145' title='bbox 1204 2642 1225 2684; x_wconf 87' lang='lat' dir='ltr'>a</span> <span class='ocrx_word' id='word_1_146' title='bbox 1248 2621 1429 2685; x_wconf 88' lang='lat' dir='ltr'>monachis</span> <span class='ocrx_word' id='word_1_147' title='bbox 1453 2630 1509 2683; x_wconf 92' lang='lat' dir='ltr'>est</span> <span class='ocrx_word' id='word_1_148' title='bbox 1531 2631 1718 2701; x_wconf 84' lang='lat' dir='ltr'>exornata,</span> <span class='ocrx_word' id='word_1_149' title='bbox 1743 2622 1806 2683; x_wconf 92' lang='lat' dir='ltr'>sed</span> <span class='ocrx_word' id='word_1_150' title='bbox 1832 2620 1938 2682; x_wconf 91' lang='lat' dir='ltr'>etiam</span> 
     </span>
     <span class='ocr_line' id='line_1_17' title="bbox 208 2757 1939 2843; baseline 0.001 -24"><span class='ocrx_word' id='word_1_151' title='bbox 208 2757 340 2820; x_wconf 91' lang='lat' dir='ltr'>multae</span> <span class='ocrx_word' id='word_1_152' title='bbox 364 2757 632 2820; x_wconf 87' lang='lat' dir='ltr'>dissertationes</span> <span class='ocrx_word' id='word_1_153' title='bbox 656 2770 730 2822; x_wconf 92' lang='lat' dir='ltr'>tum</span> <span class='ocrx_word' id='word_1_154' title='bbox 748 2760 865 2823; x_wconf 90' lang='lat' dir='ltr'>editae</span> <span class='ocrx_word' id='word_1_155' title='bbox 882 2769 973 2824; x_wconf 92' lang='lat' dir='ltr'>sunt.</span> <span class='ocrx_word' id='word_1_156' title='bbox 1005 2761 1046 2822; x_wconf 94' lang='lat' dir='ltr'>In</span> <span class='ocrx_word' id='word_1_157' title='bbox 1061 2781 1192 2843; x_wconf 88' lang='lat' dir='ltr'>magno</span> <span class='ocrx_word' id='word_1_158' title='bbox 1208 2760 1419 2842; x_wconf 91' lang='lat' dir='ltr'>scriptorum</span> <span class='ocrx_word' id='word_1_159' title='bbox 1435 2760 1539 2823; x_wconf 88' lang='lat' dir='ltr'>huius</span> <span class='ocrx_word' id='word_1_160' title='bbox 1555 2759 1760 2821; x_wconf 89' lang='lat' dir='ltr'>monasterii</span> <span class='ocrx_word' id='word_1_161' title='bbox 1783 2778 1939 2840; x_wconf 88' lang='lat' dir='ltr'>numer0,</span> 
     </span>
     <span class='ocr_line' id='line_1_18' title="bbox 210 2896 1941 2981; baseline 0 -22"><span class='ocrx_word' id='word_1_162' title='bbox 210 2896 270 2978; x_wconf 88' lang='lat' dir='ltr'>qui</span> <span class='ocrx_word' id='word_1_163' title='bbox 293 2917 314 2959; x_wconf 99' lang='lat' dir='ltr'>a</span> <span class='ocrx_word' id='word_1_164' title='bbox 337 2897 454 2958; x_wconf 88' lang='lat' dir='ltr'>medio</span> <span class='ocrx_word' id='word_1_165' title='bbox 471 2899 613 2960; x_wconf 89' lang='lat' dir='ltr'>saeculo</span> <span class='ocrx_word' id='word_1_166' title='bbox 630 2899 713 2961; x_wconf 84' lang='lat' dir='ltr'>XV.</span> <span class='ocrx_word' id='word_1_167' title='bbox 731 2902 904 2981; x_wconf 91' lang='lat' dir='ltr'>usquead</span> <span class='ocrx_word' id='word_1_168' title='bbox 922 2901 1075 2963; x_wconf 90' lang='lat' dir='ltr'>medium</span> <span class='ocrx_word' id='word_1_169' title='bbox 1093 2902 1272 2964; x_wconf 90' lang='lat' dir='ltr'>saeculum</span> <span class='ocrx_word' id='word_1_170' title='bbox 1290 2900 1408 2964; x_wconf 87' lang='lat' dir='ltr'>XVII.</span> <span class='ocrx_word' id='word_1_171' title='bbox 1432 2899 1584 2981; x_wconf 87' lang='lat' dir='ltr'>fuerunt,</span> <span class='ocrx_word' id='word_1_172' title='bbox 1609 2898 1712 2980; x_wconf 90' lang='lat' dir='ltr'>primi</span> <span class='ocrx_word' id='word_1_173' title='bbox 1736 2897 1941 2961; x_wconf 89' lang='lat' dir='ltr'>nominandi</span> 
     </span>
     <span class='ocr_line' id='line_1_19' title="bbox 208 3034 1939 3121; baseline 0.001 -25"><span class='ocrx_word' id='word_1_174' title='bbox 208 3045 291 3097; x_wconf 90' lang='lat' dir='ltr'>sunt</span> <span class='ocrx_word' id='word_1_175' title='bbox 320 3035 560 3117; x_wconf 85' lang='lat' dir='ltr'>Hieronymus</span> <span class='ocrx_word' id='word_1_176' title='bbox 595 3038 639 3099; x_wconf 92' lang='lat' dir='ltr'>de</span> <span class='ocrx_word' id='word_1_177' title='bbox 667 3037 843 3120; x_wconf 91' lang='lat' dir='ltr'>Werden,</span> <span class='ocrx_word' id='word_1_178' title='bbox 878 3038 932 3102; x_wconf 92' lang='lat' dir='ltr'>vir</span> <span class='ocrx_word' id='word_1_179' title='bbox 966 3058 1123 3102; x_wconf 88' lang='lat' dir='ltr'>summae</span> <span class='ocrx_word' id='word_1_180' title='bbox 1160 3039 1384 3121; x_wconf 91' lang='lat' dir='ltr'>eruditionis,</span> <span class='ocrx_word' id='word_1_181' title='bbox 1422 3048 1458 3101; x_wconf 93' lang='lat' dir='ltr'>et</span> <span class='ocrx_word' id='word_1_182' title='bbox 1488 3038 1694 3100; x_wconf 88' lang='lat' dir='ltr'>Leonardus</span> <span class='ocrx_word' id='word_1_183' title='bbox 1726 3034 1939 3119; x_wconf 72' lang='lat' dir='ltr'>Schilling⁶l</span> 
     </span>
     <span class='ocr_line' id='line_1_20' title="bbox 209 3175 1941 3259; baseline 0 -23"><span class='ocrx_word' id='word_1_184' title='bbox 209 3175 397 3237; x_wconf 91' lang='lat' dir='ltr'>multorum</span> <span class='ocrx_word' id='word_1_185' title='bbox 428 3175 596 3237; x_wconf 92' lang='lat' dir='ltr'>librorum</span> <span class='ocrx_word' id='word_1_186' title='bbox 624 3176 792 3259; x_wconf 87' lang='lat' dir='ltr'>scriptor;</span> <span class='ocrx_word' id='word_1_187' title='bbox 820 3189 963 3259; x_wconf 90' lang='lat' dir='ltr'>praeter</span> <span class='ocrx_word' id='word_1_188' title='bbox 991 3180 1055 3242; x_wconf 93' lang='lat' dir='ltr'>hos</span> <span class='ocrx_word' id='word_1_189' title='bbox 1079 3181 1191 3242; x_wconf 89' lang='lat' dir='ltr'>abbas</span> <span class='ocrx_word' id='word_1_190' title='bbox 1224 3178 1444 3258; x_wconf 87' lang='lat' dir='ltr'>monasterii,</span> <span class='ocrx_word' id='word_1_191' title='bbox 1473 3176 1691 3239; x_wconf 90' lang='lat' dir='ltr'>Benedictus</span> <span class='ocrx_word' id='word_1_192' title='bbox 1724 3176 1769 3237; x_wconf 90' lang='lat' dir='ltr'>de</span> <span class='ocrx_word' id='word_1_193' title='bbox 1803 3175 1941 3257; x_wconf 87' lang='lat' dir='ltr'>Piburg</span> 
     </span>
    </p>
   </div>
   <div class='ocr_carea' id='block_1_6' title="bbox 211 3310 1940 3401">
    <p class='ocr_par' dir='ltr' id='par_1_7' title="bbox 211 3310 1940 3401">
     <span class='ocr_line' id='line_1_21' title="bbox 211 3310 1940 3401; baseline 0.001 -26"><span class='ocrx_word' id='word_1_194' title='bbox 211 3315 460 3394; x_wconf 76' lang='lat'>(1463-1499),</span> <span class='ocrx_word' id='word_1_195' title='bbox 477 3313 628 3376; x_wconf 88' lang='lat' dir='ltr'>Ioannes</span> <span class='ocrx_word' id='word_1_196' title='bbox 645 3315 795 3398; x_wconf 90' lang='lat' dir='ltr'>Hauser,</span> <span class='ocrx_word' id='word_1_197' title='bbox 811 3317 988 3380; x_wconf 89' lang='lat' dir='ltr'>Henricus</span> <span class='ocrx_word' id='word_1_198' title='bbox 1006 3310 1215 3401; x_wconf 85' lang='lat' dir='ltr'>Amberger,</span> <span class='ocrx_word' id='word_1_199' title='bbox 1233 3318 1418 3381; x_wconf 85' lang='lat' dir='ltr'>Florianus</span> <span class='ocrx_word' id='word_1_200' title='bbox 1435 3316 1594 3397; x_wconf 88' lang='lat' dir='ltr'>Schiffer,</span> <span class='ocrx_word' id='word_1_201' title='bbox 1613 3315 1829 3378; x_wconf 90' lang='lat' dir='ltr'>Benedictus</span> <span class='ocrx_word' id='word_1_202' title='bbox 1845 3314 1940 3376; x_wconf 77' lang='lat' dir='ltr'>Lust-</span> 
     </span>
    </p>
   </div>
   <div class='ocr_carea' id='block_1_7' title="bbox 208 3494 518 3507">
    <p class='ocr_par' dir='ltr' id='par_1_8' title="bbox 208 3494 518 3507">
     <span class='ocr_line' id='line_1_22' title="bbox 208 3494 518 3507; baseline -0.016 0"><span class='ocrx_word' id='word_1_203' title='bbox 208 3494 518 3507; x_wconf 80' lang='lat'>...—-.—-----</span> 
     </span>
    </p>
   </div>
   <div class='ocr_carea' id='block_1_8' title="bbox 338 3604 1936 3805">
    <p class='ocr_par' dir='ltr' id='par_1_9' title="bbox 338 3604 1936 3805">
     <span class='ocr_line' id='line_1_23' title="bbox 338 3604 1267 3691; baseline -0.012 -22"><span class='ocrx_word' id='word_1_204' title='bbox 338 3610 360 3691; x_wconf 83' lang='lat'>²)</span> <span class='ocrx_word' id='word_1_205' title='bbox 384 3610 506 3687; x_wconf 87' lang='lat' dir='ltr'>Scripta</span> <span class='ocrx_word' id='word_1_206' title='bbox 529 3629 633 3667; x_wconf 92' lang='lat' dir='ltr'>eorum</span> <span class='ocrx_word' id='word_1_207' title='bbox 658 3609 725 3664; x_wconf 91' lang='lat' dir='ltr'>vide</span> <span class='ocrx_word' id='word_1_208' title='bbox 750 3606 850 3683; x_wconf 85' lang='lat' dir='ltr'>Krops</span> <span class='ocrx_word' id='word_1_209' title='bbox 875 3606 892 3663; x_wconf 86' lang='lat' dir='ltr'>l.</span> <span class='ocrx_word' id='word_1_210' title='bbox 917 3625 943 3662; x_wconf 94' lang='lat' dir='ltr'>c.</span> <span class='ocrx_word' id='word_1_211' title='bbox 968 3618 998 3661; x_wconf 88' lang='lat' dir='ltr'>et</span> <span class='ocrx_word' id='word_1_212' title='bbox 1022 3605 1176 3661; x_wconf 87' lang='lat' dir='ltr'>Hauswirt</span> <span class='ocrx_word' id='word_1_213' title='bbox 1199 3604 1216 3659; x_wconf 93' lang='lat' dir='ltr'>l.</span> <span class='ocrx_word' id='word_1_214' title='bbox 1242 3622 1267 3659; x_wconf 89' lang='lat' dir='ltr'>c.</span> 
     </span>
     <span class='ocr_line' id='line_1_24' title="bbox 338 3710 1936 3805; baseline -0.011 -24"><span class='ocrx_word' id='word_1_215' title='bbox 338 3723 360 3805; x_wconf 72' lang='grc'>2)</span> <span class='ocrx_word' id='word_1_216' title='bbox 384 3725 538 3781; x_wconf 87' lang='lat' dir='ltr'>Hauswirt</span> <span class='ocrx_word' id='word_1_217' title='bbox 568 3722 587 3779; x_wconf 95' lang='lat' dir='ltr'>l.</span> <span class='ocrx_word' id='word_1_218' title='bbox 619 3741 644 3778; x_wconf 90' lang='lat' dir='ltr'>c.</span> <span class='ocrx_word' id='word_1_219' title='bbox 680 3720 856 3778; x_wconf 89' lang='lat' dir='ltr'>Chelidonio</span> <span class='ocrx_word' id='word_1_220' title='bbox 888 3716 999 3776; x_wconf 84' lang='lat' dir='ltr'>abbate</span> <span class='ocrx_word' id='word_1_221' title='bbox 1030 3720 1114 3794; x_wconf 90' lang='lat' dir='ltr'>prior</span> <span class='ocrx_word' id='word_1_222' title='bbox 1144 3719 1193 3773; x_wconf 88' lang='lat' dir='ltr'>Fr.</span> <span class='ocrx_word' id='word_1_223' title='bbox 1218 3715 1356 3772; x_wconf 87' lang='lat' dir='ltr'>Andreas</span> <span class='ocrx_word' id='word_1_224' title='bbox 1388 3713 1532 3789; x_wconf 87' lang='lat' dir='ltr'>„Vigilias</span> <span class='ocrx_word' id='word_1_225' title='bbox 1555 3725 1585 3768; x_wconf 94' lang='lat' dir='ltr'>et</span> <span class='ocrx_word' id='word_1_226' title='bbox 1609 3710 1709 3768; x_wconf 78' lang='lat' dir='ltr'>officia</span> <span class='ocrx_word' id='word_1_227' title='bbox 1733 3711 1936 3766; x_wconf 88' lang='lat' dir='ltr'>mortuorum“</span> 
     </span>
    </p>
   </div>
   <div class='ocr_carea' id='block_1_9' title="bbox 209 3842 1941 4257">
    <p class='ocr_par' dir='ltr' id='par_1_10' title="bbox 210 3842 552 3917">
     <span class='ocr_line' id='line_1_25' title="bbox 210 3842 552 3917; baseline -0.02 -19"><span class='ocrx_word' id='word_1_228' title='bbox 210 3842 333 3917; x_wconf 87' lang='lat' dir='ltr'>scripsit</span> <span class='ocrx_word' id='word_1_229' title='bbox 356 3858 382 3895; x_wconf 89' lang='lat' dir='ltr'>c.</span> <span class='ocrx_word' id='word_1_230' title='bbox 407 3857 432 3897; x_wconf 84' lang='lat' dir='ltr'>a.</span> <span class='ocrx_word' id='word_1_231' title='bbox 463 3851 552 3910; x_wconf 82' lang='lat'>1519.</span> 
     </span>
    </p>

    <p class='ocr_par' dir='ltr' id='par_1_11' title="bbox 209 3933 1941 4138">
     <span class='ocr_line' id='line_1_26' title="bbox 336 3933 1941 4029; baseline -0.01 -23"><span class='ocrx_word' id='word_1_232' title='bbox 336 3949 360 4029; x_wconf 82' lang='lat'>³)</span> <span class='ocrx_word' id='word_1_233' title='bbox 383 3949 555 4006; x_wconf 87' lang='lat' dir='ltr'>Fridericus</span> <span class='ocrx_word' id='word_1_234' title='bbox 579 3947 654 4005; x_wconf 94' lang='lat' dir='ltr'>obiit</span> <span class='ocrx_word' id='word_1_235' title='bbox 681 3961 770 4019; x_wconf 80' lang='lat'>1452.</span> <span class='ocrx_word' id='word_1_236' title='bbox 803 3947 872 4016; x_wconf 89' lang='lat' dir='ltr'>Quo</span> <span class='ocrx_word' id='word_1_237' title='bbox 890 3959 1025 4021; x_wconf 89' lang='lat' dir='ltr'>tempore</span> <span class='ocrx_word' id='word_1_238' title='bbox 1042 3943 1200 4001; x_wconf 87' lang='lat' dir='ltr'>Florianus</span> <span class='ocrx_word' id='word_1_239' title='bbox 1216 3940 1336 4006; x_wconf 89' lang='lat' dir='ltr'>obierit,</span> <span class='ocrx_word' id='word_1_240' title='bbox 1354 3958 1413 3996; x_wconf 91' lang='lat' dir='ltr'>non</span> <span class='ocrx_word' id='word_1_241' title='bbox 1430 3951 1558 3996; x_wconf 90' lang='lat' dir='ltr'>constat.</span> <span class='ocrx_word' id='word_1_242' title='bbox 1575 3939 1611 3996; x_wconf 90' lang='lat' dir='ltr'>V.</span> <span class='ocrx_word' id='word_1_243' title='bbox 1630 3937 1813 4011; x_wconf 89' lang='lat' dir='ltr'>Pachmayr:</span> <span class='ocrx_word' id='word_1_244' title='bbox 1837 3933 1941 3992; x_wconf 88' lang='lat' dir='ltr'>Series</span> 
     </span>
     <span class='ocr_line' id='line_1_27' title="bbox 209 4061 943 4138; baseline -0.01 -16"><span class='ocrx_word' id='word_1_245' title='bbox 209 4065 351 4123; x_wconf 86' lang='lat' dir='ltr'>abbatum</span> <span class='ocrx_word' id='word_1_246' title='bbox 374 4084 411 4121; x_wconf 89' lang='lat' dir='ltr'>ac</span> <span class='ocrx_word' id='word_1_247' title='bbox 434 4063 643 4138; x_wconf 90' lang='lat' dir='ltr'>religiosorum</span> <span class='ocrx_word' id='word_1_248' title='bbox 667 4061 943 4118; x_wconf 83' lang='lat' dir='ltr'>Cremifanensium.</span> 
     </span>
    </p>

    <p class='ocr_par' dir='ltr' id='par_1_12' title="bbox 337 4173 836 4257">
     <span class='ocr_line' id='line_1_28' title="bbox 337 4173 836 4257; baseline -0.008 -24"><span class='ocrx_word' id='word_1_249' title='bbox 337 4175 361 4257; x_wconf 78' lang='grc'>4)</span> <span class='ocrx_word' id='word_1_250' title='bbox 384 4177 545 4233; x_wconf 83' lang='lat' dir='ltr'>Archivum</span> <span class='ocrx_word' id='word_1_251' title='bbox 570 4173 836 4232; x_wconf 88' lang='lat' dir='ltr'>Seitenstadiense.</span> 
     </span>
    </p>
   </div>
   <div class='ocr_carea' id='block_1_10' title="bbox 338 4285 1942 4482">
    <p class='ocr_par' dir='ltr' id='par_1_13' title="bbox 338 4285 1942 4482">
     <span class='ocr_line' id='line_1_29' title="bbox 338 4285 913 4370; baseline -0.016 -21"><span class='ocrx_word' id='word_1_252' title='bbox 338 4290 361 4370; x_wconf 82' lang='lat'>⁵)</span> <span class='ocrx_word' id='word_1_253' title='bbox 384 4290 505 4366; x_wconf 86' lang='lat' dir='ltr'>Scripta</span> <span class='ocrx_word' id='word_1_254' title='bbox 528 4308 631 4346; x_wconf 89' lang='lat' dir='ltr'>eorum</span> <span class='ocrx_word' id='word_1_255' title='bbox 655 4300 724 4343; x_wconf 91' lang='lat' dir='ltr'>sunt</span> <span class='ocrx_word' id='word_1_256' title='bbox 747 4285 913 4362; x_wconf 88' lang='lat' dir='ltr'>deperdita.</span> 
     </span>
     <span class='ocr_line' id='line_1_30' title="bbox 338 4387 1942 4482; baseline -0.012 -21"><span class='ocrx_word' id='word_1_257' title='bbox 338 4401 361 4482; x_wconf 77' lang='lat'>⁶)</span> <span class='ocrx_word' id='word_1_258' title='bbox 384 4401 515 4460; x_wconf 82' lang='lat' dir='ltr'>Stauffer</span> <span class='ocrx_word' id='word_1_259' title='bbox 537 4405 566 4457; x_wconf 91' lang='lat' dir='ltr'>in</span> <span class='ocrx_word' id='word_1_260' title='bbox 589 4397 745 4457; x_wconf 90' lang='lat' dir='ltr'>annalibus</span> <span class='ocrx_word' id='word_1_261' title='bbox 761 4399 907 4473; x_wconf 87' lang='lat' dir='ltr'>gymnasii</span> <span class='ocrx_word' id='word_1_262' title='bbox 924 4395 1106 4453; x_wconf 89' lang='lat' dir='ltr'>Mellicensis</span> <span class='ocrx_word' id='word_1_263' title='bbox 1127 4392 1204 4473; x_wconf 71' lang='lat' dir='ltr'>18b5</span> <span class='ocrx_word' id='word_1_264' title='bbox 1230 4395 1272 4448; x_wconf 90' lang='lat' dir='ltr'>ait</span> <span class='ocrx_word' id='word_1_265' title='bbox 1288 4391 1325 4447; x_wconf 87' lang='lat' dir='ltr'>de</span> <span class='ocrx_word' id='word_1_266' title='bbox 1342 4391 1543 4466; x_wconf 82' lang='lat' dir='ltr'>Hieronymo:</span> <span class='ocrx_word' id='word_1_267' title='bbox 1572 4388 1723 4461; x_wconf 79' lang='lat' dir='ltr'>„Bernard</span> <span class='ocrx_word' id='word_1_268' title='bbox 1740 4388 1797 4443; x_wconf 88' lang='lat' dir='ltr'>Pez</span> <span class='ocrx_word' id='word_1_269' title='bbox 1820 4387 1942 4451; x_wconf 76' lang='lat' dir='ltr'>erzahlt,</span> 
     </span>
    </p>
   </div>
   <div class='ocr_carea' id='block_1_11' title="bbox 210 4499 1947 5382">
    <p class='ocr_par' dir='ltr' id='par_1_14' title="bbox 210 4499 1947 5382">
     <span class='ocr_line' id='line_1_31' title="bbox 210 4499 1943 4581; baseline -0.013 -5"><span class='ocrx_word' id='word_1_270' title='bbox 210 4539 244 4577; x_wconf 92' lang='lat' dir='ltr'>er</span> <span class='ocrx_word' id='word_1_271' title='bbox 267 4516 344 4575; x_wconf 87' lang='lat' dir='ltr'>habe</span> <span class='ocrx_word' id='word_1_272' title='bbox 368 4518 396 4572; x_wconf 93' lang='lat' dir='ltr'>in</span> <span class='ocrx_word' id='word_1_273' title='bbox 420 4515 473 4571; x_wconf 88' lang='lat' dir='ltr'>der</span> <span class='ocrx_word' id='word_1_274' title='bbox 497 4514 666 4572; x_wconf 82' lang='lat' dir='ltr'>Bibliothelt</span> <span class='ocrx_word' id='word_1_275' title='bbox 689 4533 725 4568; x_wconf 88' lang='lat' dir='ltr'>zu</span> <span class='ocrx_word' id='word_1_276' title='bbox 749 4515 991 4568; x_wconf 85' lang='lat' dir='ltr'>Kremsmiinster</span> <span class='ocrx_word' id='word_1_277' title='bbox 1014 4512 1100 4566; x_wconf 90' lang='lat' dir='ltr'>einen</span> <span class='ocrx_word' id='word_1_278' title='bbox 1124 4507 1228 4565; x_wconf 87' lang='lat' dir='ltr'>Codex</span> <span class='ocrx_word' id='word_1_279' title='bbox 1251 4505 1398 4581; x_wconf 84' lang='lat' dir='ltr'>geschen‚</span> <span class='ocrx_word' id='word_1_280' title='bbox 1428 4506 1456 4559; x_wconf 92' lang='lat' dir='ltr'>in</span> <span class='ocrx_word' id='word_1_281' title='bbox 1485 4504 1552 4559; x_wconf 91' lang='lat' dir='ltr'>dem</span> <span class='ocrx_word' id='word_1_282' title='bbox 1576 4502 1624 4559; x_wconf 89' lang='lat' dir='ltr'>die</span> <span class='ocrx_word' id='word_1_283' title='bbox 1647 4503 1734 4558; x_wconf 88' lang='lat' dir='ltr'>Notiz</span> <span class='ocrx_word' id='word_1_284' title='bbox 1757 4499 1943 4564; x_wconf 86' lang='lat' dir='ltr'>vorkomme‚</span> 
     </span>
     <span class='ocr_line' id='line_1_32' title="bbox 211 4610 1944 4702; baseline -0.013 -13"><span class='ocrx_word' id='word_1_285' title='bbox 211 4633 281 4689; x_wconf 91' lang='lat' dir='ltr'>dass</span> <span class='ocrx_word' id='word_1_286' title='bbox 304 4649 394 4688; x_wconf 88' lang='lat' dir='ltr'>unser</span> <span class='ocrx_word' id='word_1_287' title='bbox 417 4629 619 4702; x_wconf 89' lang='lat' dir='ltr'>Hieronymus</span> <span class='ocrx_word' id='word_1_288' title='bbox 642 4645 677 4683; x_wconf 93' lang='lat' dir='ltr'>so</span> <span class='ocrx_word' id='word_1_289' title='bbox 701 4625 778 4682; x_wconf 88' lang='lat' dir='ltr'>viele</span> <span class='ocrx_word' id='word_1_290' title='bbox 802 4625 920 4681; x_wconf 82' lang='lat' dir='ltr'>Biicher</span> <span class='ocrx_word' id='word_1_291' title='bbox 949 4620 1150 4697; x_wconf 88' lang='lat' dir='ltr'>geschrieben</span> <span class='ocrx_word' id='word_1_292' title='bbox 1177 4619 1273 4686; x_wconf 88' lang='lat' dir='ltr'>habe,</span> <span class='ocrx_word' id='word_1_293' title='bbox 1306 4619 1377 4673; x_wconf 89' lang='lat' dir='ltr'>dass</span> <span class='ocrx_word' id='word_1_294' title='bbox 1405 4617 1494 4673; x_wconf 88' lang='lat' dir='ltr'>sechs</span> <span class='ocrx_word' id='word_1_295' title='bbox 1517 4614 1626 4671; x_wconf 83' lang='lat' dir='ltr'>Pserde</span> <span class='ocrx_word' id='word_1_296' title='bbox 1655 4614 1736 4669; x_wconf 90' lang='lat' dir='ltr'>nicht</span> <span class='ocrx_word' id='word_1_297' title='bbox 1765 4615 1802 4669; x_wconf 87' lang='lat' dir='ltr'>im</span> <span class='ocrx_word' id='word_1_298' title='bbox 1831 4610 1944 4668; x_wconf 86' lang='lat' dir='ltr'>Stande</span> 
     </span>
     <span class='ocr_line' id='line_1_33' title="bbox 211 4724 1945 4811; baseline -0.012 -11"><span class='ocrx_word' id='word_1_299' title='bbox 211 4752 322 4811; x_wconf 74' lang='lat' dir='ltr'>waren,</span> <span class='ocrx_word' id='word_1_300' title='bbox 347 4746 391 4799; x_wconf 89' lang='lat' dir='ltr'>sie</span> <span class='ocrx_word' id='word_1_301' title='bbox 415 4739 649 4808; x_wconf 81' lang='lat' dir='ltr'>fortzultihren“,</span> <span class='ocrx_word' id='word_1_302' title='bbox 678 4751 708 4794; x_wconf 90' lang='lat' dir='ltr'>et</span> <span class='ocrx_word' id='word_1_303' title='bbox 731 4738 768 4794; x_wconf 90' lang='lat' dir='ltr'>de</span> <span class='ocrx_word' id='word_1_304' title='bbox 791 4736 954 4794; x_wconf 88' lang='lat' dir='ltr'>Leonardo</span> <span class='ocrx_word' id='word_1_305' title='bbox 978 4734 1126 4809; x_wconf 89' lang='lat' dir='ltr'>Schilling</span> <span class='ocrx_word' id='word_1_306' title='bbox 1149 4733 1226 4789; x_wconf 92' lang='lat' dir='ltr'>idem</span> <span class='ocrx_word' id='word_1_307' title='bbox 1250 4744 1356 4787; x_wconf 88' lang='lat' dir='ltr'>auctor</span> <span class='ocrx_word' id='word_1_308' title='bbox 1380 4728 1467 4787; x_wconf 87' lang='lat' dir='ltr'>dicit:</span> <span class='ocrx_word' id='word_1_309' title='bbox 1502 4729 1563 4800; x_wconf 88' lang='lat' dir='ltr'>„Er</span> <span class='ocrx_word' id='word_1_310' title='bbox 1586 4728 1704 4784; x_wconf 88' lang='lat' dir='ltr'>machte</span> <span class='ocrx_word' id='word_1_311' title='bbox 1728 4726 1791 4782; x_wconf 91' lang='lat' dir='ltr'>sich</span> <span class='ocrx_word' id='word_1_312' title='bbox 1816 4744 1864 4780; x_wconf 91' lang='lat' dir='ltr'>um</span> <span class='ocrx_word' id='word_1_313' title='bbox 1887 4724 1945 4780; x_wconf 87' lang='lat' dir='ltr'>alle</span> 
     </span>
     <span class='ocr_line' id='line_1_34' title="bbox 211 4838 1943 4923; baseline -0.013 -9"><span class='ocrx_word' id='word_1_314' title='bbox 211 4853 614 4923; x_wconf 77' lang='lat' dir='ltr'>Facultatswissenschaften</span> <span class='ocrx_word' id='word_1_315' title='bbox 638 4851 784 4918; x_wconf 82' lang='lat' dir='ltr'>verdient,</span> <span class='ocrx_word' id='word_1_316' title='bbox 809 4868 871 4906; x_wconf 86' lang='lat' dir='ltr'>war</span> <span class='ocrx_word' id='word_1_317' title='bbox 895 4852 942 4907; x_wconf 89' lang='lat' dir='ltr'>ein</span> <span class='ocrx_word' id='word_1_318' title='bbox 965 4847 1177 4905; x_wconf 85' lang='lat' dir='ltr'>unermiideter</span> <span class='ocrx_word' id='word_1_319' title='bbox 1200 4845 1360 4911; x_wconf 85' lang='lat' dir='ltr'>Forscher,</span> <span class='ocrx_word' id='word_1_320' title='bbox 1385 4845 1433 4899; x_wconf 90' lang='lat' dir='ltr'>ein</span> <span class='ocrx_word' id='word_1_321' title='bbox 1457 4842 1545 4897; x_wconf 90' lang='lat' dir='ltr'>Mann</span> <span class='ocrx_word' id='word_1_322' title='bbox 1568 4859 1628 4897; x_wconf 85' lang='lat' dir='ltr'>von</span> <span class='ocrx_word' id='word_1_323' title='bbox 1653 4840 1794 4895; x_wconf 87' lang='lat' dir='ltr'>ehernem</span> <span class='ocrx_word' id='word_1_324' title='bbox 1818 4838 1943 4901; x_wconf 81' lang='lat' dir='ltr'>Fleisse‚</span> 
     </span>
     <span class='ocr_line' id='line_1_35' title="bbox 212 4948 1945 5045; baseline -0.012 -19"><span class='ocrx_word' id='word_1_325' title='bbox 212 4973 259 5026; x_wconf 87' lang='lat' dir='ltr'>ein</span> <span class='ocrx_word' id='word_1_326' title='bbox 283 4983 370 5045; x_wconf 81' lang='lat' dir='ltr'>guter</span> <span class='ocrx_word' id='word_1_327' title='bbox 392 4968 499 5036; x_wconf 78' lang='lat' dir='ltr'>Melet,</span> <span class='ocrx_word' id='word_1_328' title='bbox 528 4969 575 5023; x_wconf 91' lang='lat' dir='ltr'>ein</span> <span class='ocrx_word' id='word_1_329' title='bbox 599 4963 745 5022; x_wconf 88' lang='lat' dir='ltr'>beliebter</span> <span class='ocrx_word' id='word_1_330' title='bbox 768 4961 1025 5028; x_wconf 83' lang='lat' dir='ltr'>Gesellschalter,</span> <span class='ocrx_word' id='word_1_331' title='bbox 1056 4962 1122 5018; x_wconf 89' lang='lat' dir='ltr'>dem</span> <span class='ocrx_word' id='word_1_332' title='bbox 1152 4961 1205 5017; x_wconf 89' lang='lat' dir='ltr'>der</span> <span class='ocrx_word' id='word_1_333' title='bbox 1233 4958 1382 5015; x_wconf 77' lang='lat' dir='ltr'>romische</span> <span class='ocrx_word' id='word_1_334' title='bbox 1406 4957 1508 5030; x_wconf 79' lang='lat' dir='ltr'>Konig</span> <span class='ocrx_word' id='word_1_335' title='bbox 1530 4954 1713 5010; x_wconf 84' lang='lat' dir='ltr'>Maximilian</span> <span class='ocrx_word' id='word_1_336' title='bbox 1736 4953 1758 5008; x_wconf 94' lang='lat' dir='ltr'>I.</span> <span class='ocrx_word' id='word_1_337' title='bbox 1792 4948 1873 5024; x_wconf 83' lang='lat'>1506</span> <span class='ocrx_word' id='word_1_338' title='bbox 1897 4952 1945 5005; x_wconf 90' lang='lat' dir='ltr'>ein</span> 
     </span>
     <span class='ocr_line' id='line_1_36' title="bbox 213 5063 1945 5155; baseline -0.012 -16"><span class='ocrx_word' id='word_1_339' title='bbox 213 5084 325 5138; x_wconf 85' lang='lat' dir='ltr'>Bistum</span> <span class='ocrx_word' id='word_1_340' title='bbox 348 5095 469 5155; x_wconf 86' lang='lat' dir='ltr'>antrug,</span> <span class='ocrx_word' id='word_1_341' title='bbox 501 5080 554 5137; x_wconf 87' lang='lat' dir='ltr'>das</span> <span class='ocrx_word' id='word_1_342' title='bbox 582 5098 615 5136; x_wconf 91' lang='lat' dir='ltr'>er</span> <span class='ocrx_word' id='word_1_343' title='bbox 641 5076 715 5136; x_wconf 88' lang='lat' dir='ltr'>aber</span> <span class='ocrx_word' id='word_1_344' title='bbox 741 5075 923 5133; x_wconf 87' lang='lat' dir='ltr'>bescheiden</span> <span class='ocrx_word' id='word_1_345' title='bbox 946 5074 1118 5148; x_wconf 87' lang='lat' dir='ltr'>ausschlug.</span> <span class='ocrx_word' id='word_1_346' title='bbox 1165 5074 1207 5130; x_wconf 91' lang='lat' dir='ltr'>Er</span> <span class='ocrx_word' id='word_1_347' title='bbox 1231 5073 1311 5146; x_wconf 82' lang='lat' dir='ltr'>sreng</span> <span class='ocrx_word' id='word_1_348' title='bbox 1334 5072 1417 5127; x_wconf 89' lang='lat' dir='ltr'>seine</span> <span class='ocrx_word' id='word_1_349' title='bbox 1445 5066 1741 5125; x_wconf 82' lang='lat' dir='ltr'>schriftstellerische</span> <span class='ocrx_word' id='word_1_350' title='bbox 1765 5063 1945 5137; x_wconf 69' lang='lat' dir='ltr'>‘l‘ha&#39;rtigkeit</span> 
     </span>
     <span class='ocr_line' id='line_1_37' title="bbox 213 5174 1947 5268; baseline -0.012 -16"><span class='ocrx_word' id='word_1_351' title='bbox 213 5195 307 5253; x_wconf 88' lang='lat' dir='ltr'>sehon</span> <span class='ocrx_word' id='word_1_352' title='bbox 330 5197 368 5251; x_wconf 90' lang='lat' dir='ltr'>im</span> <span class='ocrx_word' id='word_1_353' title='bbox 392 5195 588 5250; x_wconf 83' lang='lat' dir='ltr'>achtzehnten</span> <span class='ocrx_word' id='word_1_354' title='bbox 610 5193 700 5268; x_wconf 87' lang='lat' dir='ltr'>Jahre</span> <span class='ocrx_word' id='word_1_355' title='bbox 724 5209 761 5247; x_wconf 88' lang='lat' dir='ltr'>an</span> <span class='ocrx_word' id='word_1_356' title='bbox 789 5188 848 5245; x_wconf 91' lang='lat' dir='ltr'>und</span> <span class='ocrx_word' id='word_1_357' title='bbox 871 5185 1006 5256; x_wconf 89' lang='lat' dir='ltr'>schrieb,</span> <span class='ocrx_word' id='word_1_358' title='bbox 1031 5189 1088 5244; x_wconf 89' lang='lat' dir='ltr'>wie</span> <span class='ocrx_word' id='word_1_359' title='bbox 1111 5206 1145 5243; x_wconf 87' lang='lat' dir='ltr'>er</span> <span class='ocrx_word' id='word_1_360' title='bbox 1168 5185 1263 5243; x_wconf 91' lang='lat' dir='ltr'>selbst</span> <span class='ocrx_word' id='word_1_361' title='bbox 1292 5186 1319 5240; x_wconf 92' lang='lat' dir='ltr'>in</span> <span class='ocrx_word' id='word_1_362' title='bbox 1343 5185 1440 5239; x_wconf 88' lang='lat' dir='ltr'>einem</span> <span class='ocrx_word' id='word_1_363' title='bbox 1463 5184 1563 5238; x_wconf 91' lang='lat' dir='ltr'>seiner</span> <span class='ocrx_word' id='word_1_364' title='bbox 1587 5179 1701 5236; x_wconf 89' lang='lat' dir='ltr'>Werke</span> <span class='ocrx_word' id='word_1_365' title='bbox 1723 5176 1842 5252; x_wconf 86' lang='lat' dir='ltr'>angibt‚</span> <span class='ocrx_word' id='word_1_366' title='bbox 1872 5174 1947 5232; x_wconf 78' lang='lat' dir='ltr'>iiber</span> 
     </span>
     <span class='ocr_line' id='line_1_38' title="bbox 213 5293 1947 5382; baseline -0.012 -18"><span class='ocrx_word' id='word_1_367' title='bbox 213 5308 331 5382; x_wconf 85' lang='lat' dir='ltr'>achtzig</span> <span class='ocrx_word' id='word_1_368' title='bbox 354 5308 502 5363; x_wconf 81' lang='lat' dir='ltr'>Biicher“.</span> <span class='ocrx_word' id='word_1_369' title='bbox 535 5306 637 5382; x_wconf 91' lang='lat' dir='ltr'>Opera</span> <span class='ocrx_word' id='word_1_370' title='bbox 666 5322 771 5362; x_wconf 92' lang='lat' dir='ltr'>eorum</span> <span class='ocrx_word' id='word_1_371' title='bbox 800 5301 868 5360; x_wconf 90' lang='lat' dir='ltr'>vide</span> <span class='ocrx_word' id='word_1_372' title='bbox 891 5299 1022 5357; x_wconf 82' lang='lat' dir='ltr'>Stauffer</span> <span class='ocrx_word' id='word_1_373' title='bbox 1046 5302 1063 5357; x_wconf 93' lang='lat' dir='ltr'>l.</span> <span class='ocrx_word' id='word_1_374' title='bbox 1089 5320 1114 5357; x_wconf 93' lang='lat' dir='ltr'>c.</span> <span class='ocrx_word' id='word_1_375' title='bbox 1139 5301 1341 5374; x_wconf 87' lang='lat' dir='ltr'>Hieronymus</span> <span class='ocrx_word' id='word_1_376' title='bbox 1364 5316 1391 5353; x_wconf 94' lang='lat' dir='ltr'>a.</span> <span class='ocrx_word' id='word_1_377' title='bbox 1420 5309 1515 5369; x_wconf 83' lang='lat'>1475,</span> <span class='ocrx_word' id='word_1_378' title='bbox 1538 5293 1717 5350; x_wconf 90' lang='lat' dir='ltr'>Leonardus</span> <span class='ocrx_word' id='word_1_379' title='bbox 1740 5311 1766 5348; x_wconf 91' lang='lat' dir='ltr'>a.</span> <span class='ocrx_word' id='word_1_380' title='bbox 1796 5304 1877 5364; x_wconf 78' lang='lat'>1540</span> <span class='ocrx_word' id='word_1_381' title='bbox 1900 5302 1947 5345; x_wconf 89' lang='lat' dir='ltr'>est</span> 
     </span>
    </p>
   </div>
   <div class='ocr_carea' id='block_1_12' title="bbox 211 5419 378 5476">
    <p class='ocr_par' dir='ltr' id='par_1_15' title="bbox 211 5419 378 5476">
     <span class='ocr_line' id='line_1_39' title="bbox 211 5419 378 5476; baseline 0 -1"><span class='ocrx_word' id='word_1_382' title='bbox 211 5419 378 5476; x_wconf 79' lang='lat' dir='ltr'>defunctus.</span> 
     </span>
    </p>
   </div>
   <div class='ocr_carea' id='block_1_13' title="bbox 0 0 2107 6196">
    <p class='ocr_par' dir='ltr' id='par_1_16' title="bbox 0 0 2107 6196">
     <span class='ocr_line' id='line_1_40' title="bbox 0 0 2107 6196; baseline 0 0"><span class='ocrx_word' id='word_1_383' title='bbox 0 0 2107 6196; x_wconf 95' lang='lat' dir='ltr'> </span> 
     </span>
    </p>
   </div>
  </div>
 </body>
</html>
