4178 6196
953 462 1208 531 -40-

297 636 487 712 Cechner
526 649 804 736 Hieronymus
843 651 1038 739 (Emauti-

208 768 1038 854 nusMontserratensis)BohemusPragen-

210 889 268 971 sis,
289 900 395 954 natus
414 911 507 954 anno
533 897 624 975 1716,
645 891 828 975 professus
853 899 943 974 1737,
967 895 1039 977 pri·

208 1012 326 1075 mitias
366 1014 561 1079 celebravit
601 1035 698 1097 1740,
739 1017 967 1081 concionator
1001 1017 1038 1080 in

208 1136 422 1199 monasterio
449 1135 638 1201 Emautino
665 1159 683 1217 9
711 1137 827 1218 annis,
855 1138 889 1201 in
917 1149 1037 1202 monte

207 1257 369 1322 Mariano
385 1259 681 1324 Montserratensi
694 1260 882 1325 Emautino
899 1260 1038 1323 Bezdez

156 1382 159 1393 ¹
207 1399 320 1463 prope
340 1381 581 1445 Boleslaviam
605 1383 835 1446 concionator
859 1403 901 1446 20
925 1383 1037 1465 annis,

207 1502 304 1584 prior
319 1502 451 1568 ibidem
467 1525 533 1587 per
550 1510 568 1567 8
581 1525 703 1586 annos,
719 1505 830 1569 multa
845 1526 1037 1588 perpessus

207 1645 229 1687 a
245 1625 422 1708 Borussis,
440 1628 501 1709 qui
517 1647 609 1690 anno
634 1631 713 1706 1778
731 1627 869 1691 Bezdez
885 1619 1037 1711 occupa'-

205 1757 298 1830 runt,
318 1749 379 1812 ubi
400 1751 497 1812 solus
516 1749 553 1812 in
574 1749 767 1814 residentia
787 1749 965 1831 remansit,
986 1750 1037 1813 in·

207 1870 370 1934 defessus
383 1882 419 1935 et
433 1872 685 1936 solertissimus
700 1893 816 1936 rerum
833 1872 1037 1937 monasterii

207 2001 243 2056 et
263 1993 373 2058 totius
389 1994 522 2058 ordinis
537 1995 762 2058 Benedictini
776 1995 954 2076 Austriae,
967 1995 1037 2058 Bo·

204 2116 353 2198 hemiae,
361 2116 534 2180 eeclesiae
547 2128 742 2180 memoratu
752 2117 939 2200 dignarum
952 2117 1037 2180 scri-

205 2245 297 2320 ptor,
323 2239 431 2320 poeta
455 2239 633 2322 egregius,
658 2237 758 2302 cuius
783 2258 892 2320 opera
915 2258 1037 2301 manu·

206 2359 341 2441 scripta
357 2360 609 2447 'bibliothecae
637 2361 845 2424 Emautinae
873 2381 1036 2444 gemmae

206 2492 288 2544 sunt
307 2482 497 2564 pretiosae,
519 2483 680 2564 pluribus
696 2483 934 2546 voluminibus
955 2503 1036 2546 con-

205 2603 378 2667 sistentia.
406 2604 570 2667 Mortuus
594 2615 649 2668 est
671 2606 813 2687 Pragae
837 2625 930 2668 anno
954 2626 1035 2684 1794

206 2724 265 2787 die
282 2728 333 2789 26.
349 2725 446 2789 Maii.

290 2864 481 2928 Volumina
489 2868 535 2928 ab
548 2885 591 2929 eo
607 2865 750 2949 scripta,
763 2866 899 2948 quaein
909 2865 1035 2930 biblio·

204 2986 310 3049 theca
323 2985 511 3049 Emautina
522 2987 708 3068 habentur,
726 2998 841 3050 tomos
853 2988 983 3050 multos
999 2987 1034 3051 in

204 3106 292 3171 folio
309 3109 603 3191 complectuntur.

290 3253 313 3309 I.
331 3253 536 3329 Paraphrases
550 3252 703 3310 festivales
716 3253 754 3310 ab
768 3272 847 3310 0000
864 3267 954 3328 1750.
968 3255 1033 3311 Fol.

207 3352 265 3429 762
285 3375 314 3432 p.
331 3356 407 3413 Bibl.
425 3357 542 3413 Emaut.
559 3358 640 3415 VIII.
658 3371 710 3431 57.
727 3373 800 3431 505.

289 3479 326 3535 II.
350 3480 490 3536 Provisio
511 3498 649 3536 annonae
669 3481 833 3556 spiritualis
858 3500 911 3537 seu
933 3481 1034 3538 titulus

203 3600 335 3639 mensae.
349 3583 437 3640 Tom.
453 3584 475 3639 Ι.
488 3602 567 3640 0000
586 3599 676 3658 1752.
689 3585 754 3641 Fol.
773 3584 833 3658 872
848 3604 878 3661 p.
893 3585 982 3642 Tom.
996 3586 1033 3642 II.

207 3699 298 3759 1755.
320 3686 385 3743 Fol.
402 3700 463 3761 457
483 3707 512 3763 p.
529 3687 605 3745 Bibl.
623 3688 741 3745 Emaut.
758 3689 794 3745 V.
812 3703 862 3762 39.
884 3703 953 3745 111.

289 3809 341 3864 III.
358 3809 491 3883 Cythera
507 3809 694 3867 dominicalis
711 3825 741 3867 et
757 3813 860 3867 variae
872 3815 1034 3886 panegyri-

203 3931 258 3968 cae
274 3915 429 3969 orationes
441 3913 543 3987 lingua
554 3914 726 3971 Bohemica.
745 3928 835 3988 1755.
849 3915 914 3971 Fol.
928 3913 990 3972 616
1003 3936 1033 3993 p.

99 4044 109 4055 =-
201 4016 278 4075 Bibl.
295 4017 413 4074 Emaut.
430 4019 510 4075 VIII.
527 4031 579 4094 57.
595 4032 669 4092 575.

287 4140 338 4196 Ν.
356 4139 560 4208 Quaestiones
573 4141 712 4197 curiosae
729 4143 978 4216 scripturisticae,
996 4159 1033 4198 ex

203 4243 357 4318 theologia
372 4244 488 4312 morali,
509 4245 667 4320 polemico,
689 4245 870 4320 dogmatica,
892 4259 923 4302 et
937 4246 1032 4302 histo·

203 4350 257 4405 ria.
274 4348 354 4405 Toni
369 4349 392 4406 1.
413 4346 505 4422 1756.
521 4348 597 4406 Bibl.
610 4349 729 4406 Emaut.
746 4351 826 4407 VIII.
841 4363 892 4423 57.
906 4348 979 4423 576.

287 4470 324 4527 V.
345 4471 434 4527 Mons
454 4485 588 4539 sanctus,
610 4474 639 4527 in
662 4489 723 4546 quo
744 4470 936 4548 beneplacuit
952 4473 1030 4539 Dee,

202 4590 344 4632 constans
360 4578 439 4633 trino
452 4575 588 4644 00101100,
603 4575 717 4633 skalka
729 4576 804 4633 alias
817 4575 940 4644 Slovan,
954 4596 1031 4633 nunc

201 4679 323 4745 Emaus.
341 4678 466 4737 Serrato
487 4695 518 4737 et
533 4681 657 4749 Reszz,
679 4698 746 4738 seu:
768 4681 904 4737 Historia
920 4681 1031 4737 Emau-

201 4786 276 4852 tina,
304 4785 518 4860 Neo-Pragae
547 4783 706 4843 Slavorum
734 4785 864 4842 incolatu
889 4784 1029 4852 celebris,

201 4886 330 4944 adventu
343 4889 546 4965 Hispanorum
557 4890 856 4968 Montserratensium
870 4888 1029 4958 celebrior,

201 5005 333 5068 quatuor
354 4994 476 5051 00001110
497 4994 702 5070 complectens
726 5013 744 5050 a
767 4994 878 5052 Carolo
902 4994 953 5051 IV.
977 4996 1031 5050 im·

200 5109 343 5172 peratore
359 5099 505 5174 incipiens
520 5110 612 5174 atque
624 5098 817 5155 Ferdinando
830 5099 884 5156 III.
902 5101 1030 5174 impera-

201 5212 277 5267 tore,
304 5214 377 5256 voto
401 5200 492 5268 sacto,
516 5203 575 5258 hoc
598 5221 676 5279 opus
700 5202 832 5267 finiente,
857 5203 1030 5278 conscripta

199 5322 279 5360 anno
301 5302 391 5377 1767,
413 5308 442 5361 in
458 5306 559 5382 triplo,
581 5308 610 5363 in
626 5307 651 5362 F
653 5307 692 5363 oI.
710 5305 772 5380 968
786 5309 914 5382 paginas
928 5324 1030 5363 011100-

199 5426 281 5466 1000.
304 5408 379 5466 Bibl.
398 5410 517 5466 Emaut.
535 5411 615 5468 XIV.
638 5425 707 5467 100.
723 5411 760 5468 E.
777 5412 811 5468 F.
826 5409 864 5468 G.
882 5412 1028 5468 Volumen

1117 670 1205 707 unum
1230 652 1258 706 in
1282 650 1466 709 bibliotheca
1488 669 1633 709 caesarea
1654 655 1861 710 universitatis
1877 655 1950 711 Pra-

1116 758 1221 830 gensis
1237 755 1375 813 habetur.

1203 879 1254 936 VI.
1278 879 1491 936 collectarium
1513 882 1664 937 rariorum
1688 881 1948 939 miscellaneorum

1116 997 1147 1039 01
1169 983 1328 1039 multorum
1351 984 1588 1041 memorabilium
1613 1004 1651 1041 ex
1675 1004 1765 1042 sacra
1787 989 1948 1063 scriptura,

1117 1086 1298 1161 dogmatica,
1315 1088 1473 1163 polemica.
1491 1091 1621 1165 poetica,
1639 1091 1774 1165 politica,
1791 1092 1947 1158 historica,

1116 1191 1297 1267 spiritualia,
1321 1192 1498 1248 saecularia.
1524 1194 1613 1249 Tom.
1636 1195 1658 1250 I.
1683 1194 1722 1252 ab
1745 1214 1825 1251 anno
1857 1194 1947 1270 1788.

1117 1294 1179 1369 548
1196 1315 1225 1372 p.
1238 1296 1314 1353 Bibl.
1331 1296 1449 1353 Emaut.
1467 1299 1546 1354 VIII.
1564 1312 1616 1372 57.
1633 1297 1707 1372 576.

1203 1418 1269 1475 VII.
1291 1419 1455 1475 Extractus
1478 1421 1619 1496 specialis
1636 1440 1673 1477 ex
1690 1421 1865 1479 collectario
1887 1441 1949 1478 me·

1116 1520 1315 1590 morabilium,
1337 1523 1468 1598 catalogi
1489 1526 1610 1599 genuini
1632 1528 1761 1582 omnium
1783 1526 1949 1583 illustrissi-

1116 1645 1231 1683 morum
1262 1641 1292 1683 et
1321 1627 1641 1685 reverendissimorum
1673 1629 1814 1687 abbatum
1844 1644 1874 1687 01
1898 1650 1947 1687 vr.

1117 1729 1300 1788 confratrum
1323 1735 1497 1791 monasterii
1522 1734 1554 1790 B.
1577 1734 1613 1790 V.
1641 1736 1755 1790 Mariae
1782 1735 1821 1791 de
1844 1736 1948 1792 Monte

1117 1833 1242 1891 Serrato
1269 1837 1299 1891 in
1323 1836 1436 1893 Emaus
1460 1836 1499 1894 ab
1524 1840 1609 1894 initio
1635 1837 1818 1896 fundationis
1842 1840 1948 1896 Ferdi·

1116 1939 1205 1996 nandi
1219 1941 1271 1996 III.
1285 1941 1492 2016 Imperatoris.
1509 1943 1599 2000 Tom.
1613 1945 1635 2000 I.
1652 1943 1717 2000 Fol.
1736 1944 1811 2001 Bibl.
1828 1945 1946 2001 limant.

1117 2045 1182 2100 Fol.
1198 2045 1250 2102 IV.
1268 2044 1318 2102 28.
1339 2060 1387 2118 15.

1202 2168 1281 2225 VIII.
1296 2139 1423 2225 11010100
1436 2171 1528 2225 101100
1542 2185 1709 2227 conventus
1720 2173 1891 2248 composuit
1904 2175 1947 2228 in·

1115 2273 1272 2346 geniosum
1288 2272 1419 2346 elogium
1436 2276 1464 2329 in
1481 2274 1683 2331 installatione
1699 2276 1880 2351 perillustris
1894 2276 1948 2334 ab·
1999 2318 2004 2326 .

1115 2375 1194 2433 batis
1214 2377 1364 2433 Emautini
1385 2377 1518 2435 Anselmi
1539 2377 1680 2449 Giintter,
1705 2398 1783 2437 anno
1805 2380 1895 2455 1767,
1917 2385 1946 2438 10

1115 2499 1176 2555 quo
1190 2481 1309 2556 prolixo
1323 2485 1454 2539 carmine
1468 2502 1581 2551 omnes,
1592 2487 1641 2559 qui
1651 2485 1793 2560 usquead
1803 2486 1880 2542 hunc
1894 2505 1947 2542 an-

1114 2604 1183 2640 num
1200 2587 1378 2643 exstiterunt
1394 2587 1435 2642 XI
1451 2587 1580 2644 abbates
1595 2589 1746 2647 Emautini
1759 2591 1947 2647 Montserra-

1039 2698 1045 2711 '
1115 2702 1216 2746 tenses
1232 2689 1420 2747 adducuntur
1437 2694 1556 2749 nomine
1572 2693 1614 2748 XI
1631 2695 1869 2769 patriarcharum
1886 2695 1947 2752 sra-

1114 2806 1190 2851 trum
1221 2795 1344 2871 Iosephi
1375 2798 1568 2872 patriarchae
1600 2818 1666 2855 curn
1696 2801 1947 2875 interpretatione

1114 2900 1247 2974 ipsorum
1270 2902 1421 2957 nominum
1446 2915 1476 2958 01
1499 2903 1667 2978 prophetiis
1688 2903 1791 2961 Iacobi
1817 2907 1947 2979 patriar-

1115 3004 1188 3060 chae
1209 3017 1239 3060 et
1260 3024 1325 3061 cum
1343 3008 1435 3062 variis
1458 3008 1566 3081 elogiis
1587 3022 1616 3065 et
1637 3008 1765 3066 adiectis
1787 3027 1946 3084 anagram-

1114 3107 1243 3165 matibus
1257 3111 1349 3166 totius
1361 3125 1536 3168 conventus.
1546 3111 1946 3170 AbbasultimusAnselmus

1114 3212 1243 3270 Giintter
1270 3214 1428 3271 adducitur
1455 3215 1512 3273 sub
1537 3219 1656 3273 nomine
1679 3219 1848 3287 Beniamin,
1875 3219 1946 3293 quia

1114 3331 1237 3374 matrem
1255 3333 1352 3375 morte
1368 3334 1560 3395 praematura
1575 3323 1674 3377 amisit
1681 3338 1688 3388 ;
1711 3321 1793 3397 quod
1810 3324 1946 3396 ingenio-

1114 3442 1177 3478 sum
1195 3437 1316 3479 carmen
1333 3425 1361 3479 in
1378 3443 1432 3479 000
1449 3424 1574 3481 historia
1586 3425 1746 3483 Emautina
1761 3426 1945 3502 descriptum

1114 3530 1259 3584 servavit.

1201 3633 1252 3688 IX.
1269 3632 1441 3689 Conciones
1458 3636 1588 3710 scriptas
1602 3634 1797 3691 dominicales
1814 3649 1844 3691 et
1861 3633 1946 3691 10011-

1114 3736 1197 3793 10100
1209 3738 1317 3793 1001100
1330 3737 1460 3812 reliquit,
1474 3757 1552 3813 quae
1566 3738 1684 3796 duobus
1698 3738 1849 3796 fasciculis
1863 3759 1945 3797 com-

1113 3855 1221 3917 pactae
1233 3842 1280 3898 101
1298 3842 1457 3916 colligatae
1471 3845 1500 3898 in
1512 3843 1697 3900 bibliotheca
1709 3844 1868 3901 Emautina
1880 3864 1945 3901 ser-

1112 3958 1228 4014 rantur,
1241 3945 1312 4021 ling.
1325 3947 1447 4003 Bohem.
1462 3949 1548 4005 Fasc.
1562 3949 1600 4004 11.
1618 3946 1678 4005 812
1694 3967 1722 4024 p.
1737 3948 1812 4006 Bibl.
1825 3949 1944 4005 Emaut.

1112 4050 1192 4107 VIII.
1210 4063 1262 4124 57.
1279 4048 1353 4123 576.

1198 4155 1235 4209 X.
1257 4155 1349 4210 Festo
1373 4154 1494 4211 iubilaei
1515 4158 1624 4212 montis
1646 4157 1771 4214 Mariani
1793 4158 1944 4214 Emautini

1112 4260 1378 4315 Montserratensis
1403 4259 1517 4316 Rezddz
1542 4261 1590 4316 die
1615 4263 1779 4319 nativitatis
1805 4262 1945 4319 beatissi-

1111 4382 1176 4420 mae
1192 4365 1317 4438 t'irginis
1329 4365 1443 4421 Mariae
1459 4383 1538 4420 anno
1556 4362 1635 4438 1766
1649 4368 1827 4423 0000100001
1839 4367 1944 4424 habuit

1110 4470 1277 4528 festivalem
1298 4470 1461 4536 Bohemic,
1485 4489 1573 4545 quam
1599 4473 1678 4545 typis
1696 4471 1778 4528 dedit
1794 4486 1824 4528 et
1841 4473 1942 4529 comiti

1110 4574 1268 4631 Vincentio
1286 4574 1323 4630 de
1339 4573 1508 4631 Waldstein
1526 4574 1685 4631 dedicavit.
1704 4576 1823 4632 Titulos
1840 4577 1944 4633 Centi-

1110 4677 1181 4735 Iolia
1204 4679 1287 4734 Rosa
1311 4681 1437 4754 mystica
1461 4679 1499 4735 de
1515 4680 1738 4736 Monteserrato
1762 4682 1792 4735 in
1816 4680 1943 4736 Bezdiez

1109 4783 1252 4858 plantata.
1271 4785 1387 4858 Pragae
1408 4782 1498 4857 1766.

1195 4888 1248 4944 XI.
1269 4888 1343 4944 Cum
1360 4889 1573 4944 monasterium
1590 4888 1780 4944 Emautinum
1794 4889 1822 4944 in
1841 4901 1943 4945 monte

1109 4992 1245 5048 Mariano
1262 4993 1511 5049 Montserratensi
1528 4991 1643 5049 Bezddz
1663 5010 1743 5048 anno
1764 4989 1845 5065 1786
1866 4993 1942 5050 abo-

1110 5097 1191 5153 litum
1209 5095 1324 5164 luisset,
1341 5100 1408 5173 ipse
1424 5099 1633 5154 sanctissimae
1649 5099 1774 5172 virginis
1789 5098 1941 5172 piissimus

1110 5201 1216 5269 cultor,
1233 5203 1368 5278 plurimis
1381 5205 1467 5258 annis
1480 5201 1591 5259 ibidem
1609 5204 1816 5269 concionator,
1834 5219 1941 5259 sacrae

1109 5304 1310 5362 confessionis
1323 5308 1538 5382 poenitentium
1551 5307 1694 5381 minister,
1709 5307 1805 5362 cultus
1815 5308 1940 5363 Mariani

1097 5409 1238 5484 ‘augendi
1251 5410 1351 5468 studio
1362 5411 1589 5468 ardentissimus
1603 5413 1940 5487 composuitegregium
