4178 6196
902 473 1183 559 3-173-

170 653 354 716 sollemnia
367 654 425 716 die
439 657 468 716 5.
482 651 580 734 Sept.
601 658 678 733 1867
695 654 821 736 emisit,
838 655 874 718 in
886 674 1002 718 sacer-

171 777 290 839 dotem
306 776 490 840 ordinatus
511 777 569 840 die
587 783 637 839 26.
654 778 734 840 Iulii
754 783 844 841 1868.
878 783 1000 842 1868-

175 902 256 979 1870
276 899 312 961 111
328 899 423 963 univ.
439 899 594 962 Vindob.
611 899 782 963 historiae
798 901 950 964 naturali
966 909 1002 964 et

171 1021 343 1105 physicae
360 1041 505 1103 operam
522 1023 636 1094 dedit;
655 1021 783 1085 deinde
799 1021 835 1085 in
852 1043 1001 1106 gymna-

120 1231 122 1234 .
172 1144 223 1207 sio
240 1142 496 1207 Cremifanensi
511 1144 695 1208 historiam
712 1145 909 1208 naturalem
930 1155 1002 1209 stu-

173 1267 294 1331 diosos
311 1266 457 1330 iuvenes
474 1267 609 1341 docuit;
627 1267 685 1330 die
701 1286 786 1331 vero
804 1272 854 1332 28.
871 1268 1003 1330 mensis

171 1390 278 1454 Mart.
299 1395 377 1470 1872
396 1409 416 1452 e
432 1389 647 1453 monasterio
665 1390 839 1454 discessit.

260 1512 336 1575 Has
354 1512 625 1575 dissertationes
642 1511 868 1594 conscripsit:

260 1639 282 1696 l.
298 1639 515 1715 Besprechung
531 1631 832 1697 der'Kreidenlucke.
849 1635 880 1717 (i.
898 1659 924 1697 e.
943 1641 1004 1696 De·

172 1746 299 1822 scriptio
315 1762 427 1820 specus
442 1745 520 1800 sitae
535 1745 565 1800 in
581 1757 682 1800 monte
697 1741 838 1823 „Priel“.)
853 1742 1004 1820 Jahrbuch

173 1849 227 1906 des
237 1846 765 1923 osterreichischenAlpenvereines.
775 1850 797 1905 1.
807 1868 837 1926 p.
844 1862 1003 1923 329seqq.

260 1953 298 2010 11.
308 1952 445 2022 Weitere
454 1953 596 2027 Beitrdge
610 1972 663 2009 zur
675 1954 838 2010 Kenntniss
850 1952 904 2009 der
917 1954 1005 2008 Krei·

175 2057 333 2116 denlucke.
351 2054 476 2136 (Eadem
493 2058 618 2114 materia
635 2054 802 2136 tractatur.)
826 2057 926 2126 Wien,
946 2057 1004 2114 Ad.

175 2163 378 2220 Holzhauscn.
397 2160 440 2219 8⁰.
457 2175 474 2235 5
493 2182 522 2238 p.

260 2268 313 2324 111.
331 2267 561 2340 Erinnerungen
577 2285 614 2322 an
631 2265 685 2322 das
701 2265 930 2323 Warscheneck
946 2265 1005 2322 und

174 2375 258 2429 scine
282 2370 474 2446 Umgebung.
500 2367 529 2449 (i.
551 2389 578 2428 e.
607 2370 782 2446 Descriptio
806 2372 930 2440 montis,
954 2371 1005 2446 qui

175 2477 282 2535 dicitur
294 2472 544 2554 Warscheneck.)
561 2475 660 2543 Wien‚
672 2475 730 2532 Ad.
744 2475 944 2532 Holzhausen.
962 2474 1004 2532 8⁰.

175 2581 215 2654 38
240 2602 269 2659 p.
295 2581 342 2637 Ex
363 2579 522 2637 annalibus
548 2577 717 2657 „Jahrbuch
738 2579 792 2636 des
815 2580 1006 2637 osterreichi·

176 2689 268 2745 schen
284 2685 542 2762 Alpenvereines“
562 2686 724 2760 separatim
741 2684 830 2741 edita.

261 2790 311 2847 IV.
334 2777 411 2847 Vom
428 2787 506 2845 Priel
529 2786 582 2844 aul
593 2787 641 2844 die
658 2786 857 2864 Spitzmauer.
886 2788 932 2844 Ex
953 2807 1006 2844 an·

176 2893 292 2953 nalibus
324 2890 494 2970 „Jahrbuch
518 2893 572 2949 des
597 2892 870 2950 osterreichischen
893 2891 1007 2969 Alpen-

176 3002 333 3058 vereines“
360 2999 410 3055 IV.
428 2997 482 3054 Bd.
511 2995 601 3066 1868,
625 2999 788 3073 separatim
810 2997 881 3054 edit.
906 2998 1006 3066 Wien‚

176 3106 280 3164 Druck
296 3122 356 3161 von
371 3101 487 3179 Jacobi.
506 3115 543 3174 23
563 3121 592 3177 p.

261 3209 298 3267 V.
320 3209 384 3265 Das
404 3205 662 3281 Sensengebirge.
686 3202 918 3284 (Describuntur
939 3208 1009 3281 iuga

177 3315 320 3370 montium
332 3313 474 3369 Austriac
486 3313 662 3387 superioris,
679 3329 758 3385 quae
771 3311 911 3368 dicuntur
926 3311 1008 3382 „Das

177 3415 466 3496 Sensengebirge“.)
487 3416 586 3484 wien,
602 3413 719 3493 Jacobi.
741 3414 831 3490 1872.
855 3415 898 3473 8⁰.
925 3431 961 3489 14
977 3435 1007 3492 p.

263 3583 409 3656 Hauer
427 3594 708 3664 coelestinus
743 3592 1007 3678 (Scotensis),

180 3683 415 3777 Vindobonae
443 3714 478 3776 in
504 3714 654 3776 Austria
681 3723 797 3777 ortum
825 3713 950 3777 habuit
977 3720 1006 3776 6.

178 3836 282 3899 Mart.
301 3840 390 3916 1787.
407 3836 602 3918 Postquam
616 3840 666 3898 31.
677 3834 756 3898 Oct.
772 3840 850 3898 1805
867 3835 903 3899 111
915 3836 1007 3899 ordi-

178 3959 259 4021 nem
269 3978 409 4022 sacrum
420 3970 608 4041 cooptatus
623 3967 678 4021 est
686 3958 780 4023 votis
793 3959 1009 4022 sollemniter

166 4081 317 4144 emissis
344 4102 370 4144 1.
387 4080 476 4144 Nov.
503 4085 582 4143 1808
604 4080 717 4162 prima
739 4100 841 4144 sacra
862 4103 891 4161 9.
908 4079 1008 4163 Sept.

184 4208 263 4266 1810
294 4203 565 4267 administravit.
587 4203 680 4266 *Non
710 4204 760 4267 ita
787 4205 897 4267 multo
927 4213 1010 4286 post

180 4325 423 4407 cooperatoris
440 4324 556 4389 officio
569 4325 786 4409 fungebatur
801 4346 866 4408 per
881 4346 1010 4390 novem

180 4467 291 4511 annos
324 4452 405 4509 1820
432 4447 467 4510 in
495 4448 664 4511 suburbio
689 4448 883 4512 Viennensi
913 4449 1010 4513 dicto

180 4567 440 4651 Schottenfeld,
462 4573 554 4633 unde
575 4571 610 4633 in
626 4570 876 4633 monasterium
892 4591 1010 4635 rever-

182 4711 252 4775 sus,
284 4704 445 4755 curatum
475 4693 605 4754 ibidem
632 4702 814 4756 strenuum
844 4714 909 4757 nec
940 4714 1011 4757 non

181 4809 465 4877 concionatorem
479 4815 553 4877 zelo
567 4814 634 4878 Dei
647 4815 845 4879 ferventem
857 4835 896 4879 se
908 4836 1011 4898 prae-

181 4936 281 5000 stitit.
294 4937 368 4999 Vix
378 4938 459 4998 dum
473 4937 624 5019 septimo
637 4938 741 5001 huius
751 4939 905 5002 muneris
918 4959 1011 5002 anno

184 5059 307 5140 elapso
336 5060 512 5141 parochus
541 5060 750 5142 designatus
777 5071 833 5124 est
865 5065 943 5141 1827
975 5061 1011 5123 in

182 5181 514 5264 Kleinengersdorf,
533 5182 661 5245 deinde
682 5187 760 5245 1833
779 5182 814 5245 111
831 5180 1011 5265 Gumpen·

1083 656 1171 719 sime
1194 658 1240 720 ab
1264 677 1307 720 eo
1333 657 1445 740 copiis
1470 657 1713 739 imperialibus
1738 657 1911 739 praestito

1081 788 1225 843 moneta
1245 799 1353 842 aurea
1374 780 1505 843 maiore
1525 799 1590 861 pro
1611 779 1746 861 meritis
1767 780 1912 842 decora·

1081 910 1179 965 retur
1199 906 1289 982 1849.
1314 902 1420 965 Anno
1438 906 1518 964 1860
1533 902 1725 966 sacerdotii
1741 901 1795 964 sui
1811 920 1913 964 sacra

1082 1024 1370 1086 semisaecularia
1378 1023 1595 1088 sollemniter
1604 1024 1809 1088 celebravit.
1824 1021 1912 1088 Cum

1082 1166 1168 1209 vero
1189 1147 1273 1210 exin
1296 1146 1408 1210 oculis
1431 1146 1545 1209 minus
1566 1147 1715 1227 valeret,
1738 1146 1774 1209 in
1793 1166 1913 1208 mona-

1083 1269 1229 1331 sterium
1257 1270 1370 1332 redux
1397 1269 1529 1333 ibidem
1556 1288 1621 1350 per
1648 1287 1776 1331 novem
1801 1286 1913 1331 annos

1084 1390 1153 1453 sibi
1173 1392 1312 1472 deoque
1328 1391 1464 1473 vivens,
1488 1411 1510 1452 a
1530 1390 1766 1453 confratribus
1788 1398 1913 1473 utpote
1935 1393 1936 1397 ’

1084 1513 1201 1577 senior
1213 1514 1360 1596 capituli
1371 1533 1507 1577 summo
1519 1514 1651 1577 honore
1663 1511 1824 1594 affectuS,
1836 1520 1913 1574 tan·

1085 1638 1165 1700 dem
1187 1657 1298 1700 senex
1325 1641 1362 1700 82
1389 1653 1560 1700 annorum
1582 1647 1730 1700 naturae
1754 1635 1913 1699 debitum

1083 1757 1240 1821 reddidit
1256 1762 1284 1821 5.
1298 1758 1403 1822 Febr.
1419 1763 1511 1843 1869.
1535 1757 1672 1840 Corpus
1688 1757 1764 1820 eius
1780 1757 1913 1820 instan-

1084 1878 1179 1941 tibus
1202 1879 1428 1961 parochianis
1450 1880 1522 1944 vici
1542 1877 1914 1944 Stammersdorfensis

1085 2002 1263 2083 sepultum
1280 2001 1386 2066 estin
1403 2022 1523 2066 eorum
1540 2001 1765 2065 coemeterio.
1781 2000 1914 2064 Tanto·

1084 2143 1170 2207 pere
1200 2144 1280 2187 eum
1304 2126 1568 2208 adamaverant,
1596 2133 1636 2187 ut
1663 2143 1768 2207 quem
1794 2123 1915 2185 vivum

1085 2252 1149 2328 p‘er
1166 2250 1184 2309 6
1200 2248 1311 2310 lustra
1322 2247 1484 2310 venerati
1500 2255 1601 2310 erant
1612 2255 1793 2329 pastorem
1805 2243 1915 2308 mitis·

1085 2368 1224 2451 simum,
1249 2380 1424 2432 mortuum
1448 2389 1589 2451 quoque
1614 2369 1706 2431 inter
1726 2387 1764 2430 se
1786 2364 1915 2430 morari

1084 2491 1394 2555 vehementissime
1411 2491 1664 2554 desiderarent.

1172 2633 1285 2718 Typis
1302 2633 1427 2697 edidit:

1173 2778 1295 2853 Predigt
1317 2775 1366 2834 bei
1390 2777 1457 2833 dem
1481 2776 1649 2851 jahrlichen
1672 2748 1916 2831 Dankfeste'des

1087 2881 1576 2957 Handlungs·Krankeninstitutes
1597 2880 1627 2935 in
1642 2878 1696 2935 der
1712 2876 1838 2953 Kapelle
1862 2875 1916 2932 des

1087 2987 1155 3043 heil.
1172 2985 1410 3062 Schutzpatrons
1425 2984 1549 3061 Joseph.
1565 2980 1595 3062 (i.
1605 3002 1632 3040 e.
1649 2983 1757 3040 Oratio
1773 3000 1797 3037 s.
1814 2978 1917 3036 habita

1087 3091 1135 3148 die
1151 3093 1316 3166 gratiarum
1332 3091 1460 3147 actionis
1475 3087 1628 3146 sollemnis
1643 3086 1810 3145 nosocomii
1831 3085 1915 3139 insti·

1088 3191 1207 3273 torum.)
1227 3196 1439 3269 Vorgetragen
1454 3212 1501 3249 am
1518 3192 1774 3266 Psrngstmontage
1790 3188 1847 3244 den
1868 3203 1916 3259 19.
1960 3232 1965 3241 .

1087 3301 1147 3356 Mai
1168 3299 1258 3372 1823.
1274 3299 1418 3367 Viennae,
1441 3295 1531 3369 1823.

1173 3464 1318 3538 Hauer
1347 3473 1651 3538 Constantinus
1680 3471 1918 3554 (Lamberti-

1087 3593 1184 3677 nus),
1212 3601 1397 3657 natusest
1421 3590 1563 3656 Graecii
1587 3591 1621 3654 in
1643 3589 1764 3674 Styria
1789 3609 1836 3670 17.
1853 3590 1916 3653 Iul.

1092 3719 1182 3798 1730,
1200 3736 1228 3779 s.
1240 3713 1373 3777 ordinis
1389 3712 1500 3777 nostri
1512 3714 1636 3777 habitu
1652 3713 1796 3776 indutus
1812 3722 1868 3776 est
1883 3712 1919 3776 in

1087 3837 1303 3901 monasterio
1319 3856 1347 3899 s.
1363 3836 1544 3899 Lamberti
1563 3857 1611 3915 14.
1628 3833 1727 3917 Sept.
1750 3839 1840 3919 1755,
1863 3835 1918 3898 cui

1088 3959 1318 4024 sollemnibus
1334 3960 1428 4023 votis
1444 3961 1549 4042 plene
1565 3959 1706 4022 iunctus
1723 3967 1778 4021 est
1794 3962 1823 4021 3.
1838 3955 1917 4021 Oct.

1093 4088 1184 4165 1756.
1213 4081 1349 4147 Studiis
1372 4082 1627 4165 philosophicis
1648 4091 1685 4144 et
1707 4079 1918 4162 theologicis

1088 4207 1124 4270 in
1144 4207 1223 4289 ipso
1245 4205 1460 4268 monasterio
1481 4203 1653 4266 absolutis
1674 4203 1823 4285 primam
1839 4201 1917 4263 Deo

1089 4329 1240 4392 hostiam
1261 4327 1390 4391 obtulit
1412 4331 1461 4389 26.
1479 4326 1553 4388 Iun.
1580 4329 1670 4407 1763,
1692 4334 1728 4387 et
1748 4323 1918 4386 constitu-

1090 4461 1147 4515 tus
1164 4460 1218 4514 est
1230 4450 1435 4534 praefectus
1447 4449 1646 4511 scholarum
1661 4446 1866 4510 inferiorum
1882 4455 1919 4508 et

1089 4573 1271 4656 professor
1283 4572 1526 4635 humaniorum
1543 4570 1578 4632 in
1594 4568 1817 4632 monasterio,
1839 4566 1919 4648 Qua

1090 4695 1171 4759 talis
1188 4695 1256 4757 iter
1271 4693 1412 4776 peregit
1426 4693 1590 4773 Romam,
1607 4689 1793 4771 Neapolim
1816 4669 1852 4752 et
1873 4690 1919 4751 ad

1090 4815 1398 4880 archicoenobium
1418 4814 1622 4878 Casinense.
1656 4830 1822 4892 1770-79
1843 4832 1919 4875 mu·

1090 4958 1174 5002 nere
1200 4902 1459 5000 concionatoris
1483 4936 1656 5017 simulque
1680 4933 1919 4998 subsacristae

1090 5059 1125 5122 in
1134 5058 1242 5123 Cellis
1250 5057 1421 5122 Marianis
1433 5056 1576 5120 functus
1586 5067 1650 5138 est,
1663 5058 1757 5138 quod
1770 5075 1849 5119 cum
1859 5056 1919 5120 illo

1091 5181 1272 5245 secretarii
1289 5179 1475 5243 Bertholdi
1488 5178 1631 5242 abbatis
1651 5177 1810 5241 mutavit.
1839 5181 1920 5257 1784

183 5302 270 5384 dors,
287 5316 467 5384 postremo
489 5309 567 5368 1835
585 5306 621 5367 111
637 5302 921 5369 Stammersdorf.
942 5305 1011 5367 Ibi·
1091 5303 1295 5388 parochiam
1308 5322 1334 5364 s.
1344 5302 1501 5364 Thomae
1513 5300 1549 5363 in
1560 5298 1685 5364 Scheif
1686 5299 1761 5382 ling
1773 5301 1921 5382 adgres-

183 5413 262 5488 dem
279 5424 313 5488 ei
330 5427 489 5511 contigit,
513 5439 551 5490 ut
571 5447 636 5510 pro
660 5428 818 5492 subsidio
841 5428 1012 5492 liberalis·
1092 5446 1152 5490 sus
1170 5436 1234 5508 est,
1251 5425 1312 5489 ubi
1326 5423 1414 5487 obiit
1435 5444 1482 5487 10.
1503 5423 1607 5487 Mart.
1625 5442 1715 5503 1701.
1740 5421 1876 5485 Edidit:
