4178 6196
912 518 955 526 —
1000 482 1088 543 VHI
1132 519 1175 527 —

174 705 280 767 hodie
305 725 446 786 quoque
470 704 572 768 floret
595 716 703 787 atque
728 707 836 788 riget.
877 706 946 786 Qui
969 727 1055 768 vero
1079 727 1160 769 eum
1184 711 1352 770 serebant
1376 719 1412 771 et
1436 711 1619 791 colebant,
1645 712 1774 792 partim
1799 714 1914 774 latini

174 844 325 904 nominis
350 844 479 923 partim
502 845 722 906 Franconiae
746 855 782 907 et
805 845 961 926 Angliae
985 846 1148 907 monachi
1173 857 1283 909 erant.
1317 847 1371 909 Illi
1388 848 1555 929 Aquileia
1572 850 1734 930 profecti,
1759 851 1817 911 ubi
1843 872 1915 912 mo-

175 982 330 1043 nasteria
354 1002 380 1045 s.
405 983 548 1044 Ioannis
572 985 618 1044 ad
641 984 837 1063 Timavum,
863 1004 890 1046 s.
915 985 1013 1045 Petri
1038 986 1073 1046 in
1096 985 1211 1046 insula
1235 1006 1262 1048 s,
1286 986 1395 1067 Petri,
1420 1005 1447 1047 s,
1472 987 1599 1049 iuliani
1623 989 1658 1050 in
1683 989 1800 1050 insula
1824 990 1915 1051 eius-

175 1123 254 1182 dem
278 1120 442 1203 nominiS,
467 1143 492 1183 e.
517 1122 658 1201 Hilarii,
683 1144 709 1184 s.
734 1122 919 1185 Michaelis
934 1124 977 1203 ‚in
1002 1123 1228 1206 Cervignano
1252 1125 1396 1186 saeculo
1420 1125 1573 1205 septimo
1598 1136 1633 1187 et
1658 1138 1787 1189 octavo
1811 1148 1915 1210 regu-

173 1262 242 1321 lam
267 1281 294 1322 s,
319 1261 507 1323 Benedicti
531 1272 777 1343 susceperant,
808 1262 877 1323 alia
901 1271 940 1324 ut
964 1261 1076 1325 Sexto
1088 1264 1109 1342 ¹)
1134 1264 1169 1324 in
1193 1263 1286 1325 Foro
1310 1264 1400 1325 Iulio
1425 1275 1460 1326 et
1484 1264 1636 1345 Beligna
1664 1285 1777 1346 prope
1802 1266 1914 1346 Aqui-

173 1399 276 1460 leiam
301 1400 443 1461 saeculo
468 1410 596 1462 octavo
620 1410 655 1461 et
679 1420 771 1461 nono
803 1401 945 1463 condita
973 1411 1088 1481 erant,
1118 1399 1247 1464 Slavos
1278 1403 1452 1463 australes
1481 1403 1591 1464 sacris
1615 1402 1823 1465 Christianis
1852 1404 1914 1465 im-

174 1539 337 1617 buerunt,
355 1537 390 1598 hi
407 1537 576 1619 gentibus
594 1536 826 1619 Germanicis,
843 1547 925 1600 ante
943 1559 1064 1600 omnes
1081 1539 1256 1601 Baioariis
1273 1548 1309 1601 et
1325 1539 1392 1601 illis
1409 1539 1537 1620 SlaviS,
1560 1541 1620 1620 qui
1636 1542 1749 1603 valles
1767 1543 1912 1622 Alpium

173 1675 381 1736 Noricarum
404 1676 618 1758 incolebant,
642 1678 760 1739 lumen
784 1676 867 1738 fidei
890 1681 1139 1740 accenderunt.
1180 1678 1253 1741 Sed
1278 1681 1360 1740 dum
1384 1679 1449 1760 illi,
1475 1681 1661 1759 quominus
1689 1681 1912 1761 proficerent,

173 1814 282 1876 variis
317 1814 430 1876 turbis
440 1865 447 1895 ,
484 1836 575 1896 quae
611 1816 732 1879 litibus
770 1816 944 1878 diuturnis
975 1818 1255 1897 patriarcharum
1287 1817 1571 1897 Aquileiensium
1608 1829 1644 1879 et
1675 1818 1911 1881 Gradensium

173 1955 414 2034 augebantur,
438 1953 691 2036 impediuntur,
714 1955 768 2016 his
791 1956 885 2016 latus
910 1975 1058 2036 campus
1080 1956 1213 2036 patuit,
1246 1956 1280 2015 in
1306 1975 1375 2035 quo
1400 1976 1520 2017 eorum
1544 1957 1656 2018 virtus
1680 1968 1716 2020 et
1739 1958 1913 2020 industria

174 2110 362 2153 excurrere
385 2099 537 2172 poterat.
574 2092 730 2172 Quorum
747 2093 881 2173 primus
898 2105 974 2155 erat
997 2114 1024 2156 s
1041 2094 1238 2176 RupertuS,
1264 2094 1454 2175 episcopus
1470 2095 1753 2176 wormatiensis,
1770 2097 1913 2177 propin-

174 2231 310 2311 quitate
334 2229 453 2290 domui
477 2230 598 2312 regiae
621 2231 919 2313 Merowingorum
944 2232 1196 2312 coniunctus2).
1229 2232 1395 2313 Primum,
1417 2242 1456 2293 ut
1473 2233 1667 2295 doctrinam
1686 2234 1815 2295 Christi
1832 2254 1913 2314 pro-

173 2380 334 2451 pagaret,
360 2371 405 2430 ad
430 2370 572 2432 Avaros
595 2381 862 2451 properaverat.
901 2371 988 2432 inde
1004 2390 1169 2433 reversus
1194 2379 1271 2432 toto
1295 2371 1412 2432 animo
1437 2391 1475 2432 se
1500 2372 1638 2434 dedidit
1661 2373 1911 2450 convertendis

175 2509 359 2588 Baioariis,
385 2508 446 2569 ubi
470 2510 651 2590 complura
668 2510 881 2572 monasteria
899 2510 1067 2590 condidit,
1093 2529 1241 2591 quorum
1258 2509 1527 2571 celeberrimum
1544 2521 1621 2572 erat
1639 2512 1734 2592 quod
1752 2510 1786 2571 in
1802 2511 1911 2572 ruinis

174 2647 306 2709 veteris
330 2647 500 2709 Iuvaviae
525 2656 745 2711 exstructum
773 2648 925 2729 principi
953 2649 1195 2729 apostolorum
1224 2648 1497 2728 dedicaveratr).
1543 2648 1657 2709 Huius
1690 2650 1910 2728 praeclarum

174 2788 376 2866 exemplum
400 2788 508 2866 paulo
531 2797 614 2867 post
642 2787 701 2848 alii
730 2787 843 2848 secuti
871 2798 953 2848 sunt
981 2797 1019 2847 ut
1047 2807 1073 2849 s,
1102 2786 1333 2848 Emmeranus
1362 2796 1398 2848 et
1427 2806 1453 2848 S.
1479 2787 1730 2867 Corbinianus‚
1763 2807 1911 2867 quorum

173 2927 264 2987 alter
287 2926 511 2988 Ratisbonae
535 2928 626 2988 alter
649 2926 840 2988 Fraxiniae
864 2926 1035 2988 ecclesias
1063 2935 1099 2987 et
1127 2925 1342 2987 monasteria
1373 2923 1585 2987 aedificavit.
1632 2925 1767 2996 Horum
1801 2943 1911 3003 opera

174 3067 297 3127 domus
321 3064 422 3146 regia
446 3084 588 3146 quoque
605 3065 850 3126 Baioariorum
866 3062 1079 3146 Agilolfingi
1095 3065 1265 3146 multique
1290 3063 1428 3125 nobiles
1446 3062 1681 3125 Christianam
1702 3062 1910 3144 religionem

173 3203 329 3285 amplexi
346 3215 437 3266 sunt.
474 3202 547 3266 Sed
571 3204 677 3265 etiarn
694 3214 768 3265 turn
785 3204 910 3265 messis
928 3204 1070 3285 quidem
1087 3225 1226 3285 magna,
1252 3202 1405 3284 operarii
1421 3212 1539 3264 autem
1563 3201 1678 3282 pauci.
1715 3201 1765 3262 Ut
1789 3219 1910 3261 eorum

174 3361 340 3403 numerus
356 3353 558 3424 augeretur,
584 3343 689 3406 Odilo
715 3344 789 3403 dux
805 3343 850 3403 ad
866 3341 980 3422 ripam
996 3342 1219 3404 Lunaelacus
1236 3341 1271 3403 in
1288 3339 1437 3402 Austria
1454 3338 1636 3419 superiore
1653 3337 1734 3399 filiis
1751 3357 1777 3398 s.
1796 3338 1911 3399 Bene-

173 3479 259 3542 dicti
283 3500 410 3542 novam
435 3482 608 3543 coloniam
632 3479 824 3543 constituit.
855 3480 935 3541 Huc
959 3500 1005 3540 ex
1021 3479 1236 3542 monasterio
1253 3477 1457 3540 Cassinensi
1475 3475 1672 3555 duodecim,
1689 3486 1727 3536 ut
1743 3476 1910 3556 antiquus

173 3618 306 3680 ordinis
331 3638 407 3679 mos
432 3630 517 3700 erat,
542 3620 704 3681 monachi
727 3623 816 3681 duce
840 3638 866 3681 s
883 3619 1054 3681 Pirminio
1079 3619 1249 3700 episcopo
1274 3619 1505 3696 advenerunt,
1529 3615 1588 3696 qui
1613 3617 1679 3675 sub
1698 3613 1909 3694 Opportune

172 3821 483 3829 ———-———-..

171 3960 419 4036 'l‘ranssylvania
461 3962 585 4018 Croatia
612 3974 642 4016 et
670 3959 823 4027 Slavonia‚
851 3958 979 4016 Gallizia
1006 3972 1037 4015 et
1062 3961 1226 4023 Bucovina‚
1259 3957 1308 4014 ubi
1337 3978 1431 4034 parva
1455 3971 1501 4014 est
1527 3949 1580 4014 vis
1597 3958 1684 4012 huius
1708 3957 1832 4022 ordinis,
1862 3957 1909 4010 hic

171 4074 310 4147 neglecta
334 4087 412 4130 sunt.

303 4183 324 4264 ¹)
348 4184 443 4241 Sexto
468 4185 619 4242 conditum
643 4187 764 4242 circiter
789 4182 859 4258 762,
885 4185 1009 4259 Beligna
1032 4183 1213 4241 811—820.
1246 4184 1386 4260 Czornig,
1411 4181 1493 4238 Gdrz
1517 4182 1540 4237 1.

302 4296 324 4376 ²)
349 4299 418 4366 Quo
443 4312 579 4374 tempore
604 4298 651 4353 ille
675 4297 843 4373 Apostolus
867 4299 1072 4354 Baioariorum
1096 4299 1125 4352 in
1149 4295 1299 4372 publicum
1324 4295 1479 4371 prodierit,
1504 4313 1564 4350 non
1589 4296 1663 4351 satis
1688 4308 1818 4359 constat,
1844 4314 1909 4350 cum

173 4411 221 4467 alii
246 4411 369 4467 saeculo
393 4424 481 4466 sexto
505 4424 643 4478 exeunte,
667 4411 717 4466 alii
742 4424 869 4466 exeunte
892 4412 1021 4486 septimo
1046 4429 1113 4466 eum
1138 4411 1167 4465 in
1190 4408 1317 4465 medium
1342 4409 1532 4483 processisse
1557 4407 1750 4463 contendant.
1783 4408 1851 4474 Qua
1874 4406 1911 4460 de

173 4543 206 4581 rc
230 4526 417 4600 scripserunt
440 4524 568 4596 Hansig,
593 4523 664 4591 Fila,
689 4520 896 4596 Blumberger,
920 4522 1136 4589 Mittermiiller,
1161 4520 1353 4576 Friedericus
1377 4517 1580 4575 Wattenbach
1605 4531 1635 4574 et
1657 4520 1716 4575 alii.
1757 4519 1830 4574 Cum
1853 4517 1911 4572 illis

174 4639 245 4694 facit
267 4637 363 4694 Alcis.
387 4635 494 4694 Huber
523 4639 551 4692 in
580 4654 675 4711 opere
699 4635 854 4709 eleganter
881 4637 1014 4710 scripto:
1050 4635 1126 4704 „Die
1149 4632 1339 4706 Einsiihrung
1362 4631 1415 4687 des
1439 4628 1680 4687 Ch'ristenthums
1703 4632 1732 4685 in
1756 4629 1911 4686 Siidwcst·

176 4750 412 4807 Deutschland.“
450 4727 507 4805 Ex
533 4762 619 4824 parte
642 4748 748 4803 horum
772 4760 831 4803 stat
854 4748 973 4803 Riezler
1000 4749 1028 4802 in
1053 4765 1146 4822 opere
1169 4764 1265 4821 nuper
1288 4744 1386 4800 edito:
1419 4744 1621 4815 „Geschichte
1651 4763 1710 4799 ron
1734 4744 1842 4799 Baiern
1866 4744 1908 4798 I.‘·

303 4861 326 4940 ³)
351 4862 419 4918 Alia
436 4863 620 4917 monasteria
642 4879 700 4916 as.
718 4861 854 4935 Ruperto
872 4859 992 4915 condita
1009 4871 1095 4915 erant
1111 4859 1186 4914 cella
1202 4877 1227 4914 s.
1245 4857 1437 4913 hlaximiliani
1456 4860 1484 4912 in
1501 4859 1626 4931 Pongau
1644 4875 1741 4932 prope
1758 4855 1911 4912 Bischols·

176 4974 276 5043 hosen,
300 4994 378 5049 quae
403 4993 498 5049 usque
522 4974 559 5029 ad
583 4972 735 5029 saeculum
759 4971 946 5028 undecimum
970 4969 1124 5039 exstabat,
1154 4972 1368 5026 monasterium
1392 4967 1628 5036 Seekirchense,
1659 4969 1859 5042 Octtingense
1883 4982 1913 5023 et

175 5086 450 5161 Weltenburgense
474 5088 502 5142 in
526 5087 663 5142 Bararia.
710 5085 786 5142 Vide
809 5085 1033 5158 Niedermayer‚
1065 5084 1147 5155 „Das
1171 5082 1365 5139 Mdnchthum
1394 5085 1422 5138 in
1453 5083 1663 5138 Baiovarien“.
1702 5083 1777 5137 Num
1809 5100 1911 5137 mona-

174 5203 266 5257 steria
290 5220 307 5255 a
330 5219 354 5256 S.
380 5200 517 5275 Ruperto
541 5201 704 5256 constituta
727 5199 862 5272 regulam
886 5218 911 5254 s.
935 5197 1088 5254 Benedicti
1113 5210 1217 5253 secuta
1240 5197 1309 5263 sint,
1334 5214 1393 5250 non
1415 5197 1495 5250 omni
1513 5208 1653 5271 exparte
1670 5207 1798 5250 constat.
1831 5193 1910 5261 Quin

175 5316 264 5370 etiarn
288 5331 425 5386 magnam
451 5311 541 5368 habet
564 5310 808 5388 probabilitatem
833 5313 983 5367 sententia
1002 5329 1115 5378 eorum,
1141 5312 1192 5384 qui
1217 5310 1292 5365 hanc
1316 5308 1451 5382 regulam
1468 5311 1595 5384 primum
1612 5327 1668 5384 per
1684 5328 1708 5364 s.
1727 5305 1930 5384 Bonilaciurn.

176 5441 205 5484 et
229 5430 257 5483 in
281 5428 493 5483 monasterium
518 5444 543 5482 s.
567 5427 647 5481 Petri
672 5439 702 5481 et
725 5427 754 5480 in
777 5426 892 5500 reliqua
916 5424 1063 5480 inductam
1088 5441 1157 5479 esse
1181 5422 1347 5478 adfirmant.
