4178 6196
905 378 1187 509 ssse-

169 626 365 687 translatus
382 637 436 690 est
449 628 494 688 ad
507 626 694 687 ecclesiam
707 627 748 688 B.
757 624 801 688 V.
814 624 951 688 Mariae
967 624 1003 686 in
1041 620 1045 658 ¹

170 758 326 811 montem
343 750 462 810 album
479 769 592 831 prope
609 749 774 830 Pragam.

259 911 281 966 Ι.
306 911 492 985 philologiae
516 913 648 985 magistri
673 925 776 986 partes
796 913 825 966 in
845 911 1002 985 gymnasio

171 1015 296 1090 explens
309 1017 431 1091 scripsit
444 1030 474 1072 et
486 1016 593 1072 litteris
605 1017 751 1091 gymnasii
765 1014 899 1071 eiusdem
909 1016 1002 1074 Brau-

171 1122 321 1175 naviensis
338 1137 416 1174 anno
433 1119 511 1193 1852
531 1121 670 1176 inseruit:
688 1119 845 1175 Wodurch
858 1118 931 1174 wird
949 1118 1002 1174 der

171 1224 346 1279 lateinische
363 1223 534 1280 Unterricht
550 1226 579 1280 in
596 1222 652 1280 den
670 1221 801 1279 Schulen
818 1218 1001 1280 erschwert?

258 1346 294 1401 H.
313 1344 443 1421 Scripsit
460 1345 626 1402 honoribus
645 1347 878 1401 Eminentissimi
896 1344 1002 1401 Cardi-

170 1451 260 1515 nalis‚
285 1450 506 1526 archiepiscopi
530 1451 692 1524 Pragensis
714 1450 857 1506 Friderici
883 1468 1003 1506 carmen

170 1555 307 1631 adprime
325 1556 459 1631 politum.

256 1722 403 1794 Rot‘ter
430 1732 627 1795 Ioannes
655 1705 1032 1815 Nepomueenus'

171 1849 1003 1934 (Bievnoveno-Braunensis)‚die27.Febr.

175 1974 253 2049 1807
272 1971 499 2035 Braunaviae
515 1984 631 2054 natuS,
653 1976 826 2038 absolutis
847 1976 882 2037 in
904 1997 1004 2059 gym-

171 2093 271 2154 nasio
296 2094 392 2155 urbis
414 2096 553 2175 patriae
570 2097 696 2159 studiis
714 2096 911 2178 disciplinis
928 2097 1004 2179 phi·

169 2215 363 2296 losophicis
380 2217 415 2279 in
432 2217 525 2281 univ.
543 2184 709 2301 Pragena
730 2239 875 2301 operam
894 2221 1002 2284 dedit.

170 2337 276 2399 Anno
313 2343 391 2401 1825
423 2351 561 2402 vestem
595 2341 740 2404 indutus
771 2343 1003 2405 monasticam

171 2470 301 2522 exacto
318 2461 493 2543 tyrocinio
510 2464 556 2524 ad
570 2464 690 2525 studia
702 2465 904 2548 theologiae
917 2467 1003 2530 Pra-

86 2600 90 2608 ·
170 2602 253 2664 gam
270 2583 399 2645 missus
423 2595 488 2647 est.
512 2585 657 2647 Interim
683 2587 740 2648 die
765 2609 794 2666 9.
812 2588 900 2652 Nov.
922 2593 1003 2653 1828

171 2705 356 2766 sollemnia
371 2705 450 2767 Deo
468 2706 598 2769 obtulit
610 2719 706 2789 vota,
723 2729 765 2771 ac
779 2711 861 2773 dein
875 2732 925 2776 20.
939 2712 1002 2776 Iul.

179 2830 260 2889 1856
269 2828 437 2890 sacerdos
447 2828 629 2892 ordinatus
643 2833 893 2911 esuperiorum
901 2854 1003 2915 prae·

171 2959 278 3030 cepto
296 2949 560 3012 sublimioribus
577 2952 738 3015 incubuit
759 2954 885 3017 studiis
906 2956 1004 3018 theo-

169 3071 307 3154 logicis
330 3092 494 3152 annoque
516 3077 595 3152 1834
617 3075 773 3137 lauream
798 3077 1004 3140 doctoratus

171 3194 374 3276 theologiae
389 3205 444 3256 est
456 3196 619 3276 adeptus.
633 3197 767 3259 Eodem
780 3217 873 3261 anno
886 3202 931 3262 ad
944 3221 1004 3263 va-

171 3327 310 3379 cantem
327 3318 529 3400 theologiae
552 3320 776 3400 dogmaticae
800 3324 1004 3385 cathedram

172 3438 312 3501 interim
338 3440 654 3502 administrandam
669 3442 824 3525 Pragam
844 3455 1003 3527 vocatus

177 3565 256 3623 1836
286 3562 498 3642 professoris
526 3565 660 3645 publici
688 3568 761 3629 ord.
789 3587 914 3630 munus
943 3569 1004 3629 ob-

171 3684 275 3747 tinuit
293 3685 326 3746 in
343 3686 436 3748 univ.
449 3684 645 3749 Graecensi
662 3686 814 3770 Styriae,
836 3691 896 3752 ubi
909 3690 1003 3753 illam

171 3807 284 3888 ipsam
306 3808 489 3870 materiam
512 3811 665 3873 docebat
687 3831 799 3892 usque
820 3817 911 3895 1842,
934 3835 1003 3896 quo

171 3929 216 3991 ad
238 3931 387 3991 eandem
410 3932 615 3993 cathedram
631 3933 787 4016 Pragam
808 3936 1003 3999 translatus

171 4063 235 4114 est.
260 4053 366 4114 Anno
383 4055 614 4134 subsequenti
632 4055 784 4119 facultas
801 4057 1003 4141 theologica

170 4174 273 4236 huius
289 4174 531 4238 universitatis
554 4196 633 4239 eum
655 4176 722 4239 sibi
744 4178 927 4242 constituit
943 4182 1002 4243 de-

171 4317 308 4360 canum.
340 4297 491 4360 Biennio
518 4300 660 4382 Pragae
684 4300 746 4362 vix
770 4312 899 4364 exacto
907 4353 916 4385 ‚
946 4304 1002 4366 die

170 4439 298 4501 nempe
325 4440 353 4498 7.
377 4420 466 4484 Nov.
495 4426 575 4498 1844
603 4424 648 4482 ab
674 4423 857 4505 utriusque
884 4445 1003 4487 mona-

171 4541 269 4604 sterii
291 4553 467 4604 conventu
493 4545 606 4606 abbas
628 4544 1002 4609 Bfevnoveno-Brau-

172 4665 292 4727 nensis
319 4667 454 4728 electus
479 4677 543 4728 est.
580 4671 659 4745 1854
685 4687 706 4728 a
730 4679 855 4730 senatu
878 4670 1004 4731 acade-

171 4788 261 4849 mico
280 4790 325 4849 ad
343 4789 493 4850 rectoris
511 4788 689 4871 magnifici
706 4790 952 4872 magistratum
969 4791 1004 4853 in

170 4910 264 4973 univ.
287 4911 453 4992 Pragena
477 4924 660 4993 promotus
686 4912 764 4974 aliis
788 4933 857 4976 non
879 4915 1004 4995 paucis

170 5031 297 5094 meruit
322 5034 445 5115 augeri
467 5035 668 5096 honoribus¹
706 5035 766 5097 Ab
793 5037 1003 5119 augustissi-

169 5174 226 5216 mo
249 5155 463 5236 imperatore
486 5178 578 5219 anno
602 5160 726 5220 eodem
744 5159 877 5221 ordinis
894 5160 1003 5222 Fran·

170 5277 407 5360 cisciIosephi
422 5281 717 5343 commendatoris
727 5301 842 5362 cruce,
857 5292 892 5344 et
904 5281 1002 5363 prius

169 5400 250 5481 iam,
264 5421 356 5462 anno
370 5422 418 5464 sc.
438 5407 517 5479 1848
535 5424 555 5464 a
572 5403 798 5465 serenissimo
811 5404 1002 5467 Borussiae

1083 641 1168 705 rege
1186 641 1290 684 cruce
1312 624 1356 685 de
1379 623 1499 703 aquila
1519 626 1624 685 rubra
1648 625 1914 706 decoratu5,'ab

1083 744 1360 808 eminentissimo
1376 747 1542 827 praesule
1558 747 1732 829 Pragensi
1755 767 1821 811 nec
1842 767 1913 810 non

1083 867 1392 931 abillustrissimo
1421 869 1591 952 episcopo
1618 869 1914 952 Reginaehrade-

1075 990 1181 1051 'censi
1206 990 1396 1053 consiliarii
1419 991 1653 1055 ecclesiastici
1681 1001 1717 1055 et
1742 993 1914 1057 consisto-

1082 1111 1212 1174 riorum
1228 1114 1418 1176 assessoris
1442 1113 1617 1196 dignitate
1638 1125 1694 1178 est
1712 1115 1913 1199 insignitus

1084 1231 1201 1297 Sanus
1218 1255 1366 1316 corpore
1384 1247 1420 1300 et
1436 1238 1552 1300 animo
1575 1238 1632 1299 die
1658 1258 1704 1300 10.
1721 1238 1810 1301 Nov.
1834 1243 1912 1319 1878

1083 1377 1110 1420 s,
1127 1358 1359 1439 professionis
1376 1360 1567 1422 iubilaeum
1585 1362 1789 1425 celebravit.

1172 1496 1314 1581 Scripta
1331 1502 1377 1562 ab
1395 1520 1437 1562 eo
1455 1501 1489 1562 in
1506 1502 1620 1564 lucem
1636 1503 1861 1583 prodierunt:

1172 1645 1193 1698 Ι.
1207 1642 1358 1720 Jahrbnch
1372 1644 1419 1701 fiir
1430 1644 1479 1700 die
1491 1645 1680 1702 katholische
1692 1647 1913 1706 Geistlichkeit.

1082 1748 1237 1823 Jahrgang
1259 1747 1349 1821 1859,
1371 1748 1461 1822 1840.
1484 1747 1513 1826 (i.
1537 1768 1562 1806 e.
1585 1751 1742 1807 Annalium
1764 1753 1846 1809 clero
1862 1773 1913 1809 ca·

1085 1848 1197 1909 thol'ico
1219 1853 1515 1911 adcommodatorum
1540 1874 1634 1911 annus
1660 1855 1739 1930 1839
1762 1856 1914 1935 et1840.)

1085 1958 1204 2014 Graecii
1230 1956 1359 2033 Styriae,
1384 1960 1463 2035 apud
1485 1959 1612 2016 Damian
1636 1976 1665 2017 et
1687 1960 1796 2036 Sorge.
1825 1962 1912 2038 Sing.

1084 2082 1150 2118 ann.
1168 2063 1228 2119 vol.
1247 2084 1294 2120 un.
1312 2071 1355 2137 4⁰.
1374 2084 1402 2140 p.
1426 2063 1482 2136 148
1501 2080 1530 2121 et
1551 2064 1619 2139 158.

1171 2168 1207 2224 ΙΙ.
1226 2167 1333 2225 Sermo
1350 2169 1513 2245 synodalis,
1537 2169 1655 2252 habitus
1679 2173 1708 2227 in
1732 2171 1850 2246 synodo
1866 2190 1914 2227 ar·

1085 2271 1315 2330 chidioecesana
1342 2275 1486 2348 Pragensi
1520 2275 1597 2348 1863
1628 2277 1791 2334 celebrata.
1829 2277 1915 2333 Actis

1085 2377 1217 2433 eiusdem
1234 2379 1341 2453 synodi
1358 2399 1387 2455 p.
1405 2380 1678 2437 XLIII—XLVIII
1696 2384 1834 2439 insertus.

1170 2542 1368 2617 Rozenlts
1402 2555 1547 2618 Lucas
1577 2556 1757 2619 Iacobus
1790 2560 1855 2641 (de
1886 2580 1913 2623 s

1084 2670 1224 2733 Monte
1245 2672 1515 2756 Pannoniae),
1538 2695 1592 2738 aa.
1613 2675 1673 2738 lib.
1698 2687 1734 2738 et
1759 2677 1914 2758 philoso-

1084 2793 1189 2875 phiae
1215 2795 1355 2875 doctor,
1384 2795 1565 2859 facultatis
1593 2798 1675 2878 phil.
1704 2798 1739 2860 in
1768 2819 1793 2862 r.
1819 2800 1912 2863 univ.

1083 2915 1217 2980 Pestin.
1236 2919 1454 3000 collegiatus,
1477 2918 1511 2980 in
1528 2919 1635 2981 Fiiles
1657 2940 1744 2984 com.
1763 2920 1913 3003 Sopron.

1084 3038 1119 3101 in
1143 3039 1329 3122 Hungaria
1354 3041 1410 3104 die
1436 3061 1485 3103 20.
1508 3040 1612 3104 Mart.
1642 3047 1722 3121 1784
1745 3055 1860 3126 natus,
1885 3064 1911 3107 s.

1084 3161 1209 3224 habitu
1231 3164 1287 3225 die
1305 3168 1332 3225 5.
1351 3164 1440 3226 Νον.
1463 3168 1541 3226 1803
1564 3163 1717 3247 indutus,
1738 3176 1824 3229 vota
1844 3167 1912 3228 sol-

1084 3285 1213 3348 lemnia
1236 3286 1292 3348 die
1315 3307 1364 3348 20.
1382 3286 1486 3350 Mart.
1508 3291 1587 3349 1805
1610 3287 1726 3351 emisit
1751 3299 1787 3350 et
1809 3292 1913 3351 abso-

1084 3408 1167 3471 lutis
1191 3408 1321 3471 Iaurini
1346 3420 1382 3471 et
1406 3409 1442 3471 in
1466 3432 1491 3472 s.
1515 3420 1634 3473 monte
1659 3431 1687 3474 s.
1708 3411 1912 3494 theologiae

1084 3531 1210 3593 studiis
1227 3532 1283 3594 die
1302 3537 1351 3595 23.
1370 3532 1465 3615 Aug.
1484 3536 1563 3596 1808
1580 3535 1781 3597 sacerdotio
1797 3534 1913 3598 initia·

1083 3665 1141 3716 tus
1158 3664 1220 3716 est.
1251 3659 1418 3716 1808—10
1439 3655 1703 3719 administrator
1723 3658 1913 3739 parochiae

1083 3775 1279 3860 inAszofb,
1300 3781 1463 3839 1810-11
1482 3777 1517 3839 in
1534 3779 1679 3841 abbatia
1692 3781 1733 3844 B.
1746 3780 1794 3844 M.
1806 3781 1849 3844 V.
1868 3783 1912 3843 de

1083 3899 1246 3979 Diimiilk,
1262 3904 1314 3962 181
1326 3921 1382 3961 1-
1392 3921 1425 3961 12
1442 3910 1560 3962 orator
1572 3921 1593 3963 a
1606 3902 1716 3964 sacris
1729 3903 1763 3965 in
1777 3923 1803 3967 s,
1817 3924 1912 3966 mon·

1083 4031 1129 4100 te,
1151 4025 1316 4100 1812-17
1335 4022 1516 4104 professor
1532 4024 1627 4104 apud
1644 4025 1804 4086 alumnos
1818 4044 1844 4087 s.
1858 4044 1912 4087 or-

1083 4143 1175 4206 dinis
1191 4145 1332 4225 Iaurini,
1359 4151 1526 4224 1817-30
1547 4146 1728 4227 professor
1743 4147 1911 4209 historiae

1084 4266 1294 4329 universalis
1315 4278 1351 4330 et
1370 4289 1505 4351 pragm.
1527 4268 1629 4351 regni
1648 4269 1854 4351 Hungariae
1877 4270 1911 4332 in

1083 4388 1267 4450 academia
1283 4389 1502 4470 Posoniensi,
1525 4392 1570 4451 ab
1592 4410 1684 4453 anno
1706 4395 1786 4454 1856
1802 4392 1911 4454 admi-

1084 4511 1253 4572 nistrator
1269 4512 1459 4592 parochiae
1476 4512 1511 4574 in
1529 4511 1755 4596 Szentivany‚
1776 4515 1836 4576 ubi
1854 4514 1911 4576 die

1086 4636 1135 4695 28.
1153 4633 1215 4696 Iul.
1238 4639 1316 4696 1855
1335 4634 1408 4696 vita
1425 4634 1541 4697 cessit.
1567 4633 1733 4716 Scripsit:

1171 4762 1192 4817 l.
1215 4759 1382 4817 Summaria
1399 4760 1581 4818 introductio
1598 4764 1625 4817 in
1642 4763 1831 4819 historiarum
1849 4779 1912 4820 stu-

1084 4866 1172 4929 dium,
1190 4884 1277 4941 quam
1295 4868 1323 4921 in
1341 4886 1424 4922 usum
1438 4866 1605 4923 auditorum
1619 4886 1740 4923 suorum
1753 4867 1911 4925 elucubra-

1084 4973 1126 5026 vit
1142 4972 1242 5027 Lucas
1260 4972 1421 5028 Rozenich.
1445 4973 1578 5029 Posonii.
1601 4971 1690 5046 1827.
1710 4973 1750 5030 8⁰.
1768 4988 1806 5045 42
1825 4994 1854 5049 p.

1171 5095 1207 5150 ll.
1229 5095 1381 5151 Historiae
1398 5098 1482 5169 regni
1500 5096 1673 5169 Hungariee
1690 5097 1909 5171 compendium,

1083 5198 1163 5273 quod
1178 5202 1205 5255 in
1219 5218 1303 5256 usum
1317 5199 1485 5256 auditorum
1499 5201 1690 5256 concinnavit
1703 5201 1803 5257 Lucas
1812 5202 1910 5258 Roze-

1083 5303 1151 5359 nich
1167 5323 1195 5360 o.
1214 5323 1237 5360 s.
1256 5304 1287 5360 Β.
1313 5305 1444 5361 Posonii.
1467 5304 1507 5360 8⁰.
1531 5304 1619 5360 Tom.
1641 5319 1666 5362 1.
1689 5305 1778 5363 1828.
1801 5305 1859 5378 285
1880 5326 1909 5382 p.

1083 5409 1172 5466 'lom
1192 5425 1219 5466 2.
1242 5409 1331 5483 1829.
1349 5424 1410 5482 373
1429 5430 1458 5486 p.

1653 5525 1686 5573 49
