4178 6196
913 432 1195 503 -ψ,

185 613 341 701 sophicis
353 635 447 679 anno
464 619 546 678 1836
556 578 690 678 Labaci
702 614 885 697 absolutis,
897 617 1015 679 locum

186 743 382 821 quaerebat
398 749 434 803 et
449 736 603 802 obtinuit
623 736 659 798 in
679 737 889 801 cancellaria
909 737 1015 802 ratio-

186 867 273 929 narii
288 863 423 949 publici
438 861 645 943 Labacensi,
666 880 712 923 ex
734 878 803 943 quo
819 879 912 923 anno
933 864 1012 924 1835

186 989 358 1071 discessit,
381 997 416 1052 et
435 988 482 1051 ad
502 1004 529 1048 s.
550 984 701 1048 Paulum
724 983 879 1065 supplex
899 992 936 1046 et
956 1002 1014 1046 su·

185 1125 343 1196 sceptus,
372 1109 595 1195 Clagenfurti
626 1107 781 1171 studium
810 1105 1013 1189 theologiae

185 1239 340 1305 absolvit
364 1255 457 1300 anno
483 1239 572 1313 1840.
596 1230 753 1295 Primum
776 1229 828 1292 rei
850 1229 1014 1313 agrariae

185 1362 398 1429 ediscendae
430 1377 538 1422 causa
567 1354 603 1419 in
632 1352 781 1438 praedio
812 1349 1016 1415 Eberndorf

184 1500 354 1570 moratus,
386 1486 468 1549 dein
498 1483 545 1545 ad
575 1500 601 1544 s.
629 1479 780 1542 Paulum
808 1473 1014 1558 praefectus

185 1613 422 1677 studiosorum
439 1604 690 1683 convictorum,
707 1609 835 1682 postea
846 1596 898 1660 rei
910 1616 1014 1679 agra-

184 1737 257 1801 riae
277 1732 460 1818 praefecto
477 1725 727 1794 San-Paulano
743 1722 931 1784 adiunctus
948 1729 1013 1783 est.

183 1859 243 1923 Ab
259 1876 353 1921 anno
374 1859 453 1933 1844
474 1860 552 1914 erat
570 1849 606 1912 in
626 1845 813 1931 gymnasio
830 1842 1012 1908 San-Pau·

170 1984 264 2081 ,lano
288 1978 469 2062 professor
497 1971 662 2036 classium
685 1965 1011 2052 grammaticalium,

183 2105 290 2187 paulo
320 2108 404 2183 post
437 2098 474 2161 in
507 2093 695 2179 gymnasio
726 2085 1013 2172 Clagenfurtensi

183 2225 347 2290 classium
361 2219 604 2291 humanitatis;
621 2217 667 2278 ab
683 2231 776 2277 anno
792 2214 958 2289 1850-72
975 2209 1012 2271 in

182 2347 369 2434 gymnasio
380 2337 665 2426 Clagenfurtensi
677 2333 849 2418 superiori
858 2333 1012 2395 docebat

181 2470 375 2550 historiam,
395 2467 532 2530 litteras
548 2458 779 2527 Germanicas
796 2466 833 2520 et
847 2474 913 2538 per
933 2455 1011 2537 plu-

181 2615 239 2659 res
255 2612 367 2657 annos
383 2589 490 2654 etiam
505 2586 664 2669 linguam
679 2580 849 2647 Italicam.
870 2575 1011 2641 Muneri

182 2716 333 2782 docendi
349 2713 508 2778 studiose
524 2727 603 2772 sese
623 2705 818 2789 applicanS,
839 2700 1010 2783 imprimis

181 2841 308 2904 litteris
329 2833 549 2901 Germanicis
569 2831 737 2899 vacabat;
762 2827 853 2889 iuste
876 2825 1009 2886 docens

181 2962 307 3025 meruit
322 2960 463 3022 laudem
476 2952 696 3038 superiorum
709 2959 745 3012 et
757 2947 1009 3030 discipulorum

179 3096 319 3170 gratam
346 3077 620 3145 observantiam.
651 3073 740 3137 Cum
766 3069 897 3153 linguis
920 3068 1010 3132 anti·

180 3209 258 3292 quis
274 3206 428 3270 callebat
444 3200 625 3280 Gallicam,
642 3193 875 3260 Brittanicam
892 3204 928 3255 et
938 3193 1009 3256 Ita·

178 3331 292 3410 licam,
314 3344 446 3408 easque
466 3325 630 3386 lubenter
649 3321 784 3403 legens.
813 3315 1008 3379 Botanicae

179 3462 215 3515 et
235 3451 286 3513 rei
305 3446 520 3512 nummariae
541 3444 705 3507 assiduus
725 3440 848 3523 cultor,
869 3438 1008 3521 planta·

178 3593 254 3636 rum
282 3580 319 3634 et
334 3569 568 3651 'antiquorum
594 3582 814 3628 nummorum
840 3579 1008 3645 magnam

179 3694 382 3778 congeriem
418 3692 603 3771 servabat,
635 3697 671 3750 et
702 3706 781 3751 cum
812 3684 1007 3783 architecto

178 3817 360 3898 Leopoldo
392 3816 437 3876 de
466 3812 592 3875 Huber
618 3807 840 3893 Clagenfurti
866 3810 1007 3872 hortum

176 3938 380 4003 botanicum
407 3934 609 3999 aedificavit
639 3944 675 3997 et
705 3932 794 3995 scite
822 3931 1005 4015 disposuit.

177 4060 396 4150 Societatum
411 4057 656 4122 botanicarum
672 4054 885 4138 Carinthiae,
898 4054 1006 4118 Vien-

176 4184 296 4248 nensis
308 4179 630 4245 etRatisbonensis
642 4189 719 4241 erat
731 4178 875 4253 sodalis;
892 4179 1005 4241 socie-

174 4306 260 4370 tatis
273 4305 463 4369 historicae
475 4301 677 4366 Carinthiae
694 4310 731 4364 et
743 4300 835 4364 illius
849 4319 913 4382 pro
926 4302 1005 4364 hor-

175 4429 220 4491 tis
244 4426 402 4491 colendis
425 4434 501 4488 erat
524 4424 656 4487 sodalis
683 4434 719 4486 et
738 4424 785 4486 ad
804 4424 1003 4486 consultan-

175 4553 257 4615 dum
275 4550 443 4613 delectus.
463 4549 568 4611 Anno
585 4551 663 4626 1872
677 4546 870 4629 apoplexia
886 4555 1003 4609 tactus

175 4675 231 4738 die
249 4694 278 4754 7.
294 4674 369 4737 Iun.
386 4671 528 4754 placide
544 4669 765 4734 obdormivit.

261 4830 466 4914 Sequuntur
501 4821 585 4893 'eius
627 4829 760 4911 scripta
801 4828 898 4912 typis
940 4828 1001 4890 im·

174 4974 312 5037 pressa:

259 5100 282 5154 Ι.
307 5097 442 5155 Chronik
462 5096 515 5154 des
532 5096 743 5174 Gymnasiums
765 5116 801 5152 zu
823 5095 1002 5172 Klagenlurt

172 5221 232 5260 von
247 5204 361 5259 aeinem
377 5201 544 5258 Entstehen
567 5199 615 5258 bis
633 5220 686 5256 zur
707 5200 900 5277 Gegenwart.
926 5197 955 5278 (i.
973 5218 999 5257 e.

172 5306 345 5363 Chronicon
360 5306 508 5380 gymnasii
525 5300 804 5383 Clagensurtensis.J
825 5305 1000 5380 Programm

171 5409 225 5467 des
236 5409 265 5466 k.
273 5408 302 5466 k.
310 5408 524 5485 Gymnasiums
537 5428 573 5464 zu
582 5407 770 5482 Klagenlurt.
788 5408 845 5465 Am
855 5406 1000 5465 Schlusae
1036 5426 1040 5452 ¹

1094 619 1148 678 des
1172 619 1401 697 Studienjahres
1429 623 1519 698 1851.
1552 625 1740 701 Klagenlurt.
1769 627 1928 688 Gedruckt

1093 725 1142 784 bei
1157 726 1275 802 Johann
1292 727 1387 785 Leon.
1404 747 1434 805 p.
1456 728 1568 788 1-68,
1587 730 1629 788 80.

1180 832 1217 888 II.
1235 832 1393 890 Zeittaseln
1409 854 1444 890 zu
1457 834 1575 893 Gothes
1591 836 1698 895 Leben
1715 838 1774 895 und
1787 837 1926 896 Wirken.

1093 931 1352 1014 (1111111611
1376 951 1406 994 et
1429 938 1537 1013 agendi
1560 942 1708 997 rationem
1735 940 1926 999 Gotheanam

1093 1037 1213 1097 tabulae
1222 1041 1727 1123 chronologicae.)Programmdes
1736 1045 1928 1104 k.k.Staats·

1092 1147 1298 1220 gymnasiums
1324 1166 1360 1202 zu
1390 1148 1579 1222 Klagenlurt.
1615 1149 1672 1206 Am
1700 1148 1845 1208 Schlusse
1871 1151 1926 1208 des

1093 1246 1319 1324 Studienjahres
1349 1251 1440 1325 1852.
1472 1253 1660 1329 Klagensurt.
1692 1254 1849 1313 Gedruckt
1876 1254 1927 1312 bei

1092 1353 1158 1429 Joh.
1172 1354 1269 1412 Leon.
1286 1374 1317 1431 p.
1338 1355 1450 1430 1—87.
1468 1355 1510 1415 80.

1180 1459 1233 1515 III.
1256 1460 1313 1516 Die
1329 1460 1420 1518 Feate
1441 1461 1495 1518 der
1511 1462 1663 1538 Republik
1680 1463 1826 1540 Venedig.
1851 1462 1881 1544 (i.
1899 1483 1926 1522 6.

1092 1565 1185 1620 Festa
1215 1563 1399 1641 reipublicae
1427 1565 1641 1647 Venetiarum.)
1673 1570 1848 1644 Programm
1873 1569 1928 1627 des

1093 1669 1123 1724 k.
1144 1669 1174 1724 k.
1196 1667 1409 1744 Gymnasiums
1433 1672 1462 1726 in
1483 1672 1671 1746 Klagenfurt.
1703 1673 1760 1730 Am
1781 1672 1927 1732 Schlusse

1093 1774 1146 1830 des
1163 1773 1390 1848 Studienjahres
1413 1772 1502 1848 1865.
1527 1775 1686 1834 Gedruckt
1706 1777 1755 1835 bei
1775 1780 1842 1855 Joh.
1865 1779 1925 1835 und

1092 1879 1142 1934 Fr.
1160 1878 1256 1936 Leon.
1272 1899 1303 1956 p.
1325 1879 1437 1952 1-64.
1455 1879 1498 1937 80.

1179 1984 1229 2040 lV.
1246 1984 1304 2041 Die
1320 1984 1410 2041 Feste
1426 1985 1480 2042 der
1496 1984 1648 2062 Republik
1664 1987 1811 2062 Venedig.
1833 1989 1923 2047 Fort-

1092 2101 1219 2163 setzung
1239 2089 1292 2146 des
1313 2091 1524 2165 Programmes
1545 2110 1605 2148 von
1631 2091 1720 2165 1865.
1745 2094 1923 2167 Programm

1092 2192 1146 2250 des
1167 2193 1196 2249 k.
1213 2194 1243 2250 k.
1266 2193 1575 2271 Staatsgymnasiums
1596 2217 1632 2253 zu
1654 2198 1841 2273 Klagenfurt.
1867 2198 1925 2254 Am

1090 2295 1236 2354 Schlusse
1252 2298 1306 2354 des
1322 2297 1552 2373 Studienjahres
1573 2298 1663 2358 1866.
1688 2303 1792 2358 Druck
1814 2321 1874 2359 von
1895 2303 1922 2379 J.

1091 2402 1150 2458 und
1165 2404 1216 2459 Fr.
1233 2403 1330 2460 Leon.
1348 2423 1377 2479 p.
1400 2419 1511 2478 1—59.
1531 2405 1573 2462 80.

1178 2507 1213 2565 V.
1244 2509 1385 2583 Beitrrige
1416 2528 1469 2564 zur
1496 2509 1587 2565 Flora
1614 2509 1668 2566 des
1695 2511 1923 2568 Lavantthales.

1090 2608 1120 2689 (i.
1138 2630 1164 2668 6.
1182 2611 1334 2669 Adnotata
1355 2612 1392 2668 ad
1413 2613 1503 2670 flores
1519 2615 1605 2670 vallis
1625 2613 1833 2694 Lavantinae.J
1851 2617 1924 2672 Kla-

1089 2715 1219 2792 genfurt.
1244 2715 1402 2773 Gedruckt
1421 2714 1471 2774 bei
1491 2719 1525 2774 F.
1547 2736 1607 2775 von
1624 2719 1805 2795 Kleinmayr.
1831 2719 1922 2793 1853.

1090 2840 1119 2898 p.
1141 2820 1314 2878 1—11.80.

1176 2926 1227 2983 VI.
1247 2926 1447 3004 pEntstehung
1467 2926 1521 2983 der
1542 2928 1816 2985 osterreichischen
1836 2930 1924 2986 Mon-

1088 3031 1199 3087 archie.
1221 3026 1296 3109 (1.1.
1319 3031 1366 3087 De
1386 3034 1490 3105 genesi
1511 3034 1704 3089 monarchiae
1721 3031 1923 3112 Austriacae.)

1089 3134 1277 3209 Klagenlurt.
1296 3134 1453 3192 Gedruckt
1469 3135 1517 3192 bei
1533 3136 1568 3192 F.
1580 3156 1609 3192 v.
1625 3137 1807 3212 Kleinmayr.
1829 3137 1921 3210 1852.

1087 3246 1312 3316 P·1-²4·4⁰·

1175 3345 1240 3401 Vll.
1258 3342 1360 3402 Ueber
1375 3345 1477 3401 antike
1493 3347 1629 3402 Munzen.
1647 3341 1677 3422 (i.
1696 3364 1722 3402 e.
1747 3347 1792 3402 De
1808 3349 1920 3405 numis-

1088 3448 1218 3506 matibus
1245 3446 1401 3528 veterum.)
1432 3448 1632 3523 Abgedruckt
1662 3452 1702 3506 im
1729 3449 1843 3507 Archiv
1875 3451 1922 3508 hir

1086 3552 1327 3611 veterlandische
1348 3552 1532 3610 Geschichte
1554 3554 1613 3609 und
1636 3554 1868 3631 Topographie.
1890 3554 1920 3614 8.

1086 3659 1250 3735 Jahrgang.
1276 3657 1468 3733 Klagenfurt‚
1495 3655 1584 3730 1863.
1610 3658 1716 3714 Druck
1737 3678 1797 3716 von
1817 3660 1843 3735 J.
1860 3660 1920 3717 und

1086 3764 1137 3820 Fr.
1154 3764 1249 3820 Leon.
1266 3782 1295 3839 p.
1316 3761 1452 3836 71-80.
1470 3761 1512 3819 8⁰.

1173 3868 1254 3925 VlII.
1279 3869 1376 3923 Franz
1399 3866 1560 3924 Freiherrn
1584 3885 1644 3922 von
1666 3867 1805 3924 Wullens
1828 3869 1920 3926 Flora

1086 3975 1190 4029 norica
1203 3972 1436 4048 phanerogama.
1454 3968 1483 4049 (i.
1498 3990 1524 4029 6.
1538 3972 1692 4027 Francisci
1706 3972 1723 4028 Ι.
1737 3971 1766 4029 b.
1783 3972 1919 4030 (16111111-

1086 4075 1156 4157 len.)
1185 4078 1227 4133 lm
1254 4075 1402 4150 Austrage
1430 4076 1484 4132 des
1510 4075 1919 4150 zoologisch·botanischen

1084 4183 1231 4240 Vereines
1251 4184 1280 4238 in
1296 4180 1386 4237 Wien
1409 4179 1660 4255 herausgegeben
1680 4200 1750 4238 vom
1766 4182 1844 4238 Med.
1863 4182 1917 4240 Dr.

1084 4287 1207 4344 Eduard
1218 4288 1243 4343 F
1245 4285 1310 4344 enzl
1326 4285 1385 4341 und
1398 4286 1431 4341 P.
1446 4286 1557 4342 Rainer
1570 4285 1657 4342 Grai.
1672 4285 1772 4353 Wien,
1790 4286 1915 4345 Gerold.

1088 4391 1178 4465 1858.
1196 4411 1227 4468 p.
1244 4391 1324 4447 XIV.
1342 4388 1415 4447 816.

1171 4536 1291 4610 Graff
1313 4547 1916 4633 Aemilianusstambertinus),

1082 4674 1187 4729 natus
1200 4675 1255 4729 est
1266 4666 1301 4729 in
1311 4666 1497 4730 Kormend
1512 4668 1547 4730 in
1556 4666 1742 4749 Hungaria
1756 4688 1806 4746 ²4·
1817 4666 1915 4750 Sept.

1086 4793 1177 4869 1745.
1201 4789 1416 4852 Monachum
1436 4790 1550 4852 induit
1571 4791 1617 4851 ad
1638 4809 1665 4851 s.
1687 4791 1915 4854 Lambertum

1081 4913 1116 4975 in
1133 4911 1254 4996 Styria
1276 4932 1322 4976 ιο.
1336 4914 1431 4996 Aug.
1451 4918 1542 4995 1764,
1559 4913 1619 4974 ubi
1631 4923 1717 4976 vota
1731 4914 1916 4977 sollemnia

1081 5035 1198 5099 emisit
1229 5056 1276 5100 11.
1305 5037 1400 5118 Aug.
1433 5039 1524 5115 1765.
1555 5035 1743 5098 Absolutis
1770 5035 1807 5098 in
1834 5036 1914 5119 ipso

1080 5159 1295 5222 monasterio
1308 5179 1372 5221 suo
1381 5159 1508 5222 studiis
1520 5159 1730 5241 theologicis
1739 5159 1914 5239 primitias

1080 5280 1275 5345 celebravit
1294 5300 1321 5345 1.
1339 5279 1417 5345 Oct.
1438 5285 1529 5360 1769.
1554 5280 1695 5343 Exinde
1711 5280 1914 5362 superiores

1080 5423 1160 5466 eum
1169 5402 1479 5484 poenitentiarium
1488 5402 1747 5466 constituerunt
1760 5403 1795 5466 in
1805 5401 1913 5466 Cellis
