4178 6196
261 647 313 703 Xl.
337 646 394 702 Die
411 646 600 703 hetrurische
616 646 756 703 Inschrift
773 644 813 704 ob
831 645 1004 704 Wdrmlach

175 754 204 808 in
221 749 443 807 Oberkarnten.
461 748 491 830 (i.
509 770 535 807 e.
553 752 714 828 Inscriptio
731 752 892 808 Etruscica
907 768 1005 827 prope

175 855 349 913 Wdrmlach
384 858 414 911 in
449 856 603 913 Carinthia
633 854 805 934 superiori.)
841 854 1005 925 Carinthia,

176 978 204 1035 9·
221 960 324 1036 labra·
348 959 438 1033 1858·
455 961 512 1018 No·
530 977 559 1035 9·
577 981 607 1038 n·
623 975 762 1034 33-35·
781 960 823 1019 8⁰·

261 1065 329 1121 XII.
355 1067 415 1121 Zur
435 1065 620 1122 Gescbichte
640 1065 695 1122 der
714 1066 879 1122 deutschen
899 1065 1006 1122 Mund-

175 1183 270 1227 arten.
284 1167 313 1248 (i.
324 1189 350 1226 e.
361 1169 408 1227 Ad
421 1170 578 1227 historiam
590 1170 786 1228 dialectorum
799 1172 919 1245 linguae
928 1170 1006 1227 Ger·

179 1272 335 1354 manicae.)
351 1275 513 1332 Carinthia.
531 1277 586 1331 No.
605 1290 655 1349 25.
673 1295 702 1352 p.
721 1289 858 1350 97-99.

262 1380 344 1436 XIII.
372 1379 430 1436 Die
454 1379 570 1437 Grasen
593 1399 653 1437 von
677 1379 827 1436 Widman.
856 1377 885 1458 (i.
908 1400 933 1436 e.
959 1381 1019 1445 De

176 1483 335 1542 comitibus
351 1482 515 1564 Widman.)
530 1485 614 1541 Nach
631 1487 714 1542 einer
729 1485 925 1542 Handschrist
940 1488 1007 1542 mit·

176 1589 310 1664 getheilt.
338 1589 501 1657 Cariatha,
533 1588 623 1661 1858.
651 1591 707 1646 No.
732 1603 784 1662 3²·
808 1604 860 1661 33.
881 1604 933 1662 34.
954 1603 1005 1662 35.

176 1692 228 1766 36·
246 1710 297 1767 44·

262 1800 342 1856 1111.
359 1800 417 1855 ote
434 1799 597 1856 walschen
614 1781 643 1854 tn
659 1799 714 1855 uer
729 1797 820 1874 sage.
838 1796 867 1876 (i.
882 1817 908 1854 e.
922 1798 1006 1855 wat-

176 1903 262 1960 lones
274 1905 303 1959 in
313 1904 415 1978 mytho
424 1900 618 1980 Carinthiae.)
628 1904 789 1983 Carinthia,
798 1903 901 1979 Jahrg.
916 1901 1005 1975 1865.

176 2009 233 2065 No.
256 2024 281 2065 1.
298 2027 327 2084 p.
345 2006 482 2081 57—66.
500 2028 546 2083 gr.
565 2007 607 2065 8⁰.

263 2112 328 2169 XV.
345 2111 447 2169 Ueber
460 2111 511 2169 die
526 2111 741 2169 altslavischen
758 2112 962 2169 Alterthilmer
978 2115 1007 2168 111

177 2218 322 2273 Karnten.
347 2215 377 2294 (i.
400 2235 426 2273 e.
449 2218 496 2273 De
516 2215 744 2292 antiquitatibus
765 2217 895 2275 Slavicis
918 2236 1007 2293 prae·

175 2323 328 2379 historicis
351 2324 380 2378 in
402 2319 576 2400 Carinthia.)
600 2323 762 2391 Corinthia,
789 2321 878 2395 1865.
903 2323 959 2378 N0.
978 2320 1006 2378 8.

179 2424 408 2501 1)-118-130-

263 2537 382 2610 Foffa
414 2548 711 2612 Bonaventura
737 2546 1008 2631 (Muto-Gric-

176 2667 338 2747 sensis),
360 2677 464 2729 natus
480 2666 689 2729 Monasterii
714 2667 751 2729 in
771 2667 929 2729 Rhaetia
950 2665 1007 2728 die
1029 2667 1033 2675 '

177 2809 226 2866 24.
244 2788 338 2871 Aug.
361 2792 451 2869 1828,
471 2788 608 2851 Merani
627 2789 762 2851 studuit
784 2800 820 2851 et
842 2789 1007 2851 absoluto

175 2909 363 2994 gymnasio
389 2909 574 2992 ingressus
595 2911 753 2973 ordinem
774 2931 800 2974 S.
822 2908 1009 2972 Benedicti

175 3042 260 3096 vota
284 3031 400 3094 emisit
423 3032 606 3095 sollemnia
631 3033 688 3094 die
718 3036 765 3094 16.
787 3030 887 3113 Sept.
917 3036 1007 3110 1849.

175 3153 354 3218 Sacerdos
381 3154 615 3235 inauguratus
643 3155 701 3216 die
727 3159 777 3216 31.
804 3155 898 3236 Aug.
927 3156 1002 3214 1851

175 3296 259 3339 mox
276 3276 404 3337 docere
417 3274 551 3355 incepit
563 3275 749 3337 mathesim
763 3286 799 3337 et
811 3274 1006 3356 physicam,

175 3408 303 3480 postea
324 3416 409 3459 vero
430 3397 638 3478 disciplinas
659 3397 882 3480 theologicas
899 3396 1007 3459 tradi-

177 3521 229 3583 dit
246 3519 282 3582 in
298 3519 523 3582 monasterio,
548 3519 760 3582 Parochiam
778 3517 1007 3582 Griesensem

177 3662 248 3723 qua
267 3640 422 3703 vicarius
443 3640 713 3723 administravit,
739 3646 819 3704 1856
841 3641 1008 3719 magister

177 3760 390 3825 novitiorum
411 3773 447 3824 et
468 3763 642 3844 subprior,
668 3768 749 3826 1860
769 3766 927 3827 decanus
947 3783 1007 3825 no-

176 3883 330 3947 minatus
347 3893 411 3964 est,
432 3884 567 3946 muneri
588 3885 739 3947 docendi
761 3904 903 3966 semper
925 3884 1008 3946 insi-

177 4017 286 4068 stens,
299 4005 417 4087 Plura,
428 4025 519 4085 quae
529 4005 712 4068 historiam
722 4017 926 4105 statumque
936 4026 1008 4068 mo·

178 4127 326 4190 nasteril
342 4125 547 4207 respiciunt,
564 4127 718 4210 collegit.

265 4249 362 4310 Inter
379 4248 447 4310 alia
464 4247 608 4330 scripsit
624 4249 745 4311 etiam:

156 4434 158 4439 ,
267 4375 289 4430 Ι.
307 4374 524 4430 Instructiones
541 4393 597 4450 pro
614 4377 735 4431 novitiis
748 4387 778 4430 et
791 4373 932 4431 fratribus
950 4375 1010 4431 cle·

178 4481 250 4536 ricis
263 4477 419 4554 professis.
433 4484 476 4550 40.
495 4493 554 4550 124
563 4498 604 4555 ρ..
617 4481 646 4534 111
659 4480 794 4535 instruct.
804 4478 1009 4535 Muro-Gries.

1045 3894 1049 3955 1

266 4584 305 4640 ΙΙ.
322 4583 476 4640 Exercitia
493 4582 655 4639 octiduana
670 4583 848 4658 spiritualia,
870 4584 898 4638 in
919 4585 1010 4639 variis
1048 4634 1051 4663 ,

180 4688 284 4744 fascic.
302 4685 372 4742 ibid.

268 4793 319 4848 Ill.
342 4793 542 4848 Instrumenta
559 4789 707 4848 bonorum
724 4810 849 4868 operum
866 4793 1011 4847 1111111110-

179 4897 280 4972 gulam
297 4917 322 4952 s.
340 4897 372 4952 P.
389 4895 544 4953 Benedicti
561 4897 699 4972 exposita
716 4910 747 4952 et
761 4896 919 4953 illustrata.
937 4894 1011 4951 Ibid.

267 5025 458 5122 18011611γί
497 5037 728 5100 Cassianus
759 5038 1011 5101 Franciscus

119 5173 122 5179 ·
181 5154 243 5234 (de
259 5154 437 5218 sMonte
449 5155 715 5239 Pannoniae),
732 5155 904 5240 StrIgonii
921 5156 1011 5219 eius-

183 5275 263 5337 dem
283 5296 371 5341 com.
394 5277 428 5338 in
448 5276 635 5360 Hungaria
657 5278 714 5341 die
741 5282 787 5340 15.
804 5276 904 5360 Sept.
931 5284 1008 5341 1812

1012 455 1083 504 ΙΟΟ
1138 477 1186 486 -

1086 640 1224 702 emissis
1241 639 1298 702 die
1320 662 1348 702 1.
1363 639 1451 721 Apr.
1474 643 1553 719 1859
1573 639 1667 702 votis
1687 640 1918 703 sollemnibus

1086 771 1122 825 et
1138 763 1265 826 studiis
1281 783 1308 827 s.
1318 763 1521 845 theologiae
1533 763 1706 826 absolutis
1720 763 1777 825 die
1791 767 1841 827 26.
1853 764 1917 826 Iul.

1090 888 1168 964 1837
1182 887 1373 967 presbyter
1381 885 1564 948 ordinatus
1577 895 1641 947 est.
1659 890 1825 965 1837-38
1839 905 1918 947 ora·

1086 1016 1141 1068 tor
1157 1025 1178 1067 a
1193 1006 1304 1068 sacris
1320 1006 1356 1068 in
1368 1015 1487 1068 monte
1500 1026 1537 1089 s.,
1556 1011 1721 1086 1838-43
1736 1008 1919 1089 professor
1973 1009 1981 1022 '

1085 1148 1207 1210 gymn.
1217 1128 1358 1210 Iaurini,
1376 1133 1454 1208 1843
1463 1148 1542 1208 -47
1553 1127 1735 1212 Strigonii,
1749 1133 1918 1208 1847-49

1086 1249 1268 1331 professor
1284 1250 1466 1313 doctrinae
1483 1251 1665 1333 religionis
1675 1250 1717 1326 Ι111
1734 1251 1920 1315 academia

1086 1371 1311 1454 PosoniensI,
1347 1376 1515 1451 1849-50
1541 1382 1661 1434 orator
1689 1393 1711 1434 a
1742 1373 1852 1435 sacris
1883 1372 1920 1435 in

1087 1504 1206 1558 monte
1233 1515 1275 1576 s.,
1309 1498 1471 1557 1850-51
1508 1494 1640 1557 ibidem
1671 1494 1852 1575 professor
1883 1505 1919 1556 et

1087 1616 1326 1698 promagister
1344 1616 1571 1698 novitiorum,
1596 1620 1762 1678 1851-66
1781 1616 1919 1696 profes-

1087 1757 1145 1800 sor
1168 1738 1308 1820 Iaurini,
1338 1743 1506 1818 1866-70
1534 1739 1650 1801 denuo
1674 1738 1856 1819 professor
1883 1747 1919 1800 et

1087 1859 1326 1942 promagister
1345 1861 1557 1923 novitiorum
1579 1861 1613 1923 in
1630 1881 1657 1925 s,
1674 1870 1804 1942 monte,
1826 1880 1919 1923 nunc

1088 1981 1299 2046 Comaromii
1315 1983 1387 2045 otio
1403 1982 1538 2047 fruitur.

1173 2103 1239 2165 Vir
1253 2103 1450 2167 litterarum
1462 2104 1538 2167 Lat.
1552 2115 1588 2168 et
1601 2105 1720 2188 Hung.
1734 2105 1919 2168 studiosis·

1087 2225 1197 2288 simus
1213 2227 1301 2289 haec
1318 2226 1444 2289 edidit:

1174 2353 1196 2408 1.
1214 2334 1272 2426 Egi
1290 2352 1359 2409 lant.
1381 2353 1495 2428 Vagyis
1511 2352 1636 2427 egyhazi
1653 2353 1780 2421 enekek‚
1798 2353 1920 2410 litaniak

1088 2457 1120 2512 es
1137 2455 1323 2531 imadsagok.
1349 2455 1493 2513 Atanulo
1517 2456 1627 2532 isjusag
1648 2457 1772 2532 egyhazi
1794 2457 1919 2514 haszna·

1089 2559 1191 2616 latara.
1201 2557 1230 2638 (i.
1243 2580 1270 2616 e.
1280 2561 1363 2635 Lyra
1379 2561 1518 2618 caelestis
1530 2562 1568 2617 ad
1583 2582 1666 2618 usum
1681 2564 1843 2618 iuventutis
1856 2575 1920 2618 stu·

1088 2663 1215 2742 diosae.)
1229 2662 1324 2739 Gydr.
1334 2663 1417 2738 1841
1424 2707 1430 2721 .
1445 2666 1500 2722 Ed.
1515 2682 1561 2722 11.
1573 2664 1668 2741 Gydr.
1679 2668 1813 2723 Fischer.
1829 2664 1919 2738 1872.

1174 2772 1211 2826 II.
1225 2770 1253 2825 A
1265 2777 1365 2845 gdrog
1378 2771 1552 2846 regise'gtan
1565 2772 1651 2828 rdvid
1664 2770 1919 2846 egybefoglalata.

1088 2871 1117 2952 (1.
1135 2893 1161 2931 e.
1179 2876 1364 2931 breviarium
1381 2878 1590 2950 antiquitatum
1608 2873 1730 2953 Graec.)
1751 2875 1778 2931 A
1796 2894 1921 2951 magyar

1088 2980 1198 3053 iliusig
1214 2979 1429 3036 hasznalatara.
1447 2981 1539 3036 Buda.
1562 2980 1651 3053 1846.
1669 2981 1712 3036 8⁰.
1735 2995 1791 3054 147
1809 3000 1838 3056 p.

1175 3086 1228 3141 Ill.
1256 3085 1365 3160 Gdrdg
1392 3086 1576 3160 regisegtan.
1605 3084 1634 3164 (1.
1660 3106 1686 3142 e.
1715 3086 1921 3161 Antiquitates
2002 3068 2006 3076 Ι

1088 3186 1248 3267 Graecae.)
1266 3188 1360 3264 Gydr.
1378 3189 1563 3247 Sauerwein.
1586 3189 1676 3263 1852.
1695 3189 1737 3247 8⁰.
1756 3206 1817 3264 279
1834 3210 1863 3267 p.

1174 3294 1225 3350 lV.
1247 3295 1315 3369 Egy
1336 3295 1464 3351 tekintet
1485 3295 1629 3351 Horatius
1646 3296 1773 3351 Flaccus
1790 3296 1921 3365 Quintus

1087 3397 1230 3455 mliveire.
1255 3396 1284 3477 (i.
1307 3418 1333 3454 e.
1359 3399 1515 3468 Quaedam
1537 3399 1575 3454 de
1596 3398 1778 3455 carminibus
1800 3400 1838 3469 Q.
1856 3400 1921 3456 Ho-

1087 3506 1154 3561 ratii
1164 3501 1285 3581 Flacci).
1296 3505 1328 3559 ln
1338 3522 1441 3579 progr.
1451 3504 1559 3559 IaurIn.
1572 3502 1751 3578 18521340,
1762 3524 1792 3580 p.
1802 3519 1884 3576 3—1
1896 3519 1920 3560 1.

1172 3609 1208 3665 V.
1242 3609 1372 3678 Quintus
1403 3609 1547 3664 Horatius
1578 3609 1704 3664 Flaccus
1732 3608 1838 3664 enekei
1870 3608 1920 3664 lV.

1088 3713 1267 3788 konyvenek
1297 3714 1362 3787 9-111
1387 3714 1482 3770 eneke
1510 3714 1675 3788 magyarul.
1705 3710 1734 3790 (i.
1765 3733 1791 3770 e.
1821 3714 1920 3770 Carru.

1088 3818 1206 3874 Horatii
1230 3818 1248 3874 l.
1272 3819 1321 3875 IV.
1349 3838 1374 3874 c.
1400 3835 1418 3892 9
1443 3821 1471 3874 111
1492 3819 1593 3892 Hung.
1618 3815 1819 3896 conversum.)
1845 3818 1920 3875 lbid.

1093 3920 1241 3998 1855l56·
1259 3929 1301 3995 4⁰·
1320 3942 1348 3998 t>-
1366 3937 1461 3995 3-7·

1175 4026 1225 4082 VI.
1250 4027 1341 4083 Balde
1356 4026 1463 4103 johab,
1481 4048 1498 4083 a
1515 4048 1594 4104 nagy
1611 4029 1798 4084 ne'met-latin
1824 4025 1920 4084 kdltd.

1089 4128 1118 4207 (i.
1136 4150 1162 4188 e.
1180 4132 1226 4186 De
1243 4130 1356 4187 Iacobo
1374 4132 1465 4188 Balde
1482 4130 1594 4211 pocta.)
1611 4131 1686 4188 Ibid.
1709 4130 1857 4208 185oldo.
1876 4139 1920 4205 40.

1090 4255 1119 4311 p.
1141 4251 1253 4308 1—23.

1176 4341 1242 4397 VII.
1266 4341 1430 4415 Complura
1454 4344 1519 4397 eius
1543 4345 1674 4397 carmina
1695 4343 1869 4416 Hungarica
1892 4356 1923 4397 et

1090 4446 1319 4502 dissertati0nes
1336 4447 1466 4502 minores
1482 4448 1511 4502 in
1531 4447 1659 4502 diversis
1680 4445 1788 4502 libellis
1805 4445 1922 4521 period.

1091 4552 1120 4605 in
1136 4549 1231 4606 lucem
1248 4549 1434 4626 prodierunt.

1178 4661 1346 4734 Fbrster
1381 4672 1707 4735 Carolomannus
1745 4671 1923 4755 (Gottvi-

1092 4789 1245 4870 censis)
1264 4789 1299 4851 in
1315 4790 1499 4853 Lindenau
1516 4790 1665 4854 Silesiae
1682 4791 1739 4853 die
1756 4795 1803 4853 15.
1817 4791 1922 4854 Mart.

1096 4930 1174 4989 1722
1201 4920 1320 4994 natuS,
1345 4911 1489 4974 Hornae
1513 4913 1546 4974 in
1567 4913 1715 4976 Austria
1739 4913 1773 4975 in
1796 4913 1924 4976 litteris

1093 5035 1255 5096 excultus
1276 5034 1312 5096 in
1333 5035 1547 5097 monasterio
1565 5033 1790 5098 Gottvicensi
1810 5056 1848 5097 se
1870 5048 1922 5099 1ο-

1092 5167 1166 5219 turn
1182 5157 1260 5218 Deo
1278 5156 1412 5219 dicavit
1431 5177 1496 5238 per
1511 5158 1716 5220 sollemnem
1733 5157 1924 5238 professio·

1091 5298 1171 5340 nem
1189 5278 1246 5340 die
1267 5283 1314 5340 15.
1332 5278 1422 5341 Nov.
1444 5300 1535 5359 1741.
1553 5279 1779 5362 Theologicis
1796 5280 1924 5343 studiis
1960 5326 1963 5333 ·

181 5407 296 5479 natus,
318 5417 346 5462 s,
362 5397 487 5461 habitu
505 5399 562 5461 die
589 5404 636 5464 16.
655 5400 733 5463 Oct.
755 5404 835 5479 1829
856 5401 1009 5484 indutus,
1091 5400 1186 5464 domi
1202 5401 1335 5482 optime
1352 5401 1507 5464 imbutus
1519 5401 1668 5483 primam
1680 5403 1759 5464 Deo
1772 5404 1924 5467 hostiam
