4178 6196
951 422 1232 509 „184-

309 619 508 715 Herrgott
536 631 814 714 Marquardus
840 629 1051 712 (San-Bla-

223 750 392 832 sianus),
423 760 529 815 natus
560 760 615 813 est
642 749 809 833 Friburgi
839 748 1051 832 Brisgoviae

223 872 280 936 die
296 894 326 952 9.
344 870 422 937 Oct.
444 878 534 954 1694,
555 893 582 937 s.
598 873 723 936 habitu
744 872 888 935 indutus
908 871 944 934 in
968 871 1050 934 divo

222 994 354 1076 Blasi0,
375 994 592 1058 sollemniter
611 993 794 1075 professus
815 993 872 1056 die
896 1013 944 1073 17.
960 993 1049 1056 Nov.

225 1121 316 1198 1715,
333 1115 533 1180 sacerdotio
550 1115 708 1180 initiatus
722 1115 778 1178 die
790 1103 940 1195 ¹17.Dec.
959 1120 1049 1194 1718.

220 1239 250 1301 F
251 1237 396 1321 riburgi,
418 1238 593 1302 Brunduti
617 1250 653 1301 et
674 1237 908 1320 Argentorati
930 1238 1051 1300 huma·

221 1361 378 1424 nioribus
402 1360 529 1424 litteris
553 1371 589 1423 et
612 1359 868 1441 philosophicis
892 1359 1049 1422 scientiis

221 1485 333 1565 probe
346 1484 521 1566 excultus,
539 1481 808 1565 congregationi
821 1479 1049 1545 San-Blasia-

220 1626 287 1669 nae
300 1625 392 1668 anno
405 1605 534 1669 aetatis
546 1624 632 1668 suae
643 1615 722 1667 21mo
735 1605 905 1684 adlectus,
918 1622 1049 1685 magno

222 1727 391 1809 deinceps
419 1727 468 1790 illi
495 1727 618 1790 honori
645 1735 683 1789 et
709 1726 944 1801 emolumento
971 1723 1048 1787 fuit,

219 1850 373 1913 Romam
386 1848 582 1913 studiorum
595 1869 702 1912 causa
716 1847 891 1929 dimissus,
901 1855 938 1909 et
949 1854 1051 1928 quat·

219 1982 299 2035 tuor
327 1990 440 2052 prope
467 1969 569 2033 annis
596 1969 645 2032 ibi
673 1977 923 2050 commoratus,
950 1969 1050 2030 indu-

221 2093 330 2156 striae
347 2102 383 2155 et
404 2092 537 2174 ingenii
558 2091 613 2153 sui
633 2091 679 2153 ad
704 2090 852 2172 quaevis
876 2089 1051 2172 aptissimi

221 2216 402 2297 specimen
415 2216 450 2278 in
462 2214 606 2297 publica
623 2233 668 2276 ex
680 2213 1051 2296 theologia‘polemica

222 2338 463 2420 disputatione
476 2358 555 2400 cum
568 2338 743 2418 applausu
756 2335 926 2417 exhibuit,
936 2354 1050 2416 eaque

220 2461 344 2523 relicta
369 2471 405 2524 et
428 2462 578 2522 lustrato
600 2457 889 2522 Monte-cassino
913 2458 1046 2521 ordinis

221 2582 333 2645 nostri
359 2580 525 2662 primario
552 2591 588 2643 et
617 2580 836 2643 nobilissimo
867 2579 1050 2642 archicoe-

222 2705 339 2787 nobi0,
365 2704 434 2766 iam
458 2703 625 2766 sacerdos
650 2704 790 2765 domum
814 2702 942 2782 redu11,
966 2719 1050 2762 mox

220 2827 457 2891 bibliothecae
479 2824 692 2906 praeficitur,
713 2824 815 2886 simul
838 2823 968 2886 scholis
987 2824 1050 2885 hu-

220 2950 446 3014 manioribus.
477 2948 604 3011 Altero
631 2946 713 3009 dein
740 2965 833 3008 anno
865 2952 941 3023 17'21
971 2964 1050 3007 curn

220 3074 260 3138 P.
283 3071 504 3135 Theoderico
528 3069 618 3151 Setz,
641 3089 706 3151 pro
734 3067 960 3131 addiscendis
985 3067 1050 3130 lin·

220 3195 300 3279 guis
328 3193 560 3257 orientalibus
584 3193 629 3254 ad
652 3212 679 3256 s.
705 3189 800 3254 Galli
823 3191 858 3252 in
881 3190 1049 3254 Helvetia

219 3317 416 3401 principale
425 3314 884 3396 monasteriumablegatus,
895 3312 1048 3395 indeque

219 3449 418 3520 revocatus,
440 3457 518 3500 cum
539 3437 833 3499 reverendissimo
859 3437 891 3499 d.
916 3437 1048 3498 abbate

219 3561 341 3623 Blasio
356 3560 531 3623 Viennam
548 3559 729 3650 profectus
746 3570 810 3639 est,
830 3559 891 3622 ubi
908 3558 1048 3621 solidio-

218 3684 266 3745 ris
277 3683 498 3746 litteraturae
510 3681 740 3744 fundamenta
753 3681 844 3763 iecit,
855 3682 1047 3744 adiuvante

219 3816 255 3869 et
283 3804 385 3886 quasi
416 3825 521 3867 manu
552 3798 703 3866 ducente
735 3804 939 3867 doctissimo
969 3804 1046 3866 viro

219 3926 412 4009 Gentilloti,
430 3945 620 3989 caesareae
635 3926 873 3988 bibliothecae
888 3927 1046 4006 custode,

219 4059 255 4112 et
284 4059 412 4130 postea
443 4048 612 4129 episcopo
643 4047 865 4129 Tridentino,
901 4049 1046 4110 multam

218 4171 324 4236 etiarn
341 4190 485 4252 operam
503 4171 549 4232 ad
562 4170 597 4232 id
610 4169 813 4234 conferente
828 4169 1046 4233 celeberrimi

217 4295 367 4359 nominis
382 4294 458 4357 viro
474 4294 514 4356 P.
531 4293 714 4356 Bemardo
730 4293 811 4373 Pez,
827 4294 923 4374 apud
940 4312 1044 4374 quem

219 4420 265 4481 ad
285 4430 358 4480 tres
378 4417 472 4480 circa
492 4435 632 4480 menses
653 4414 688 4478 in
703 4415 901 4478 Mellicensi
924 4435 1044 4477 mona-

220 4540 328 4603 sterio
358 4541 572 4603 morabatur.
611 4536 806 4600 Cardinalis
833 4537 1042 4600 Dominicus

217 4663 402 4726 Passionei
418 4672 492 4726 tum
508 4661 678 4743 temporis
693 4661 836 4723 nuntius
848 4660 1043 4743 Lucernae,

216 4789 262 4848 ad
283 4806 388 4867 quem
413 4784 447 4847 in
467 4784 613 4867 negotio
634 4783 773 4846 unionis
788 4783 893 4845 trium
909 4783 1043 4864 priora-

215 4920 313 4970 tuum
330 4907 463 4970 ordinis
480 4927 506 4971 S.
523 4906 705 4970 Wilhelmi
720 4906 957 4988 Marquardus
980 4906 1042 4968 ali-

216 5030 354 5112 quoties
371 5030 568 5092 destinatus
584 5029 710 5111 fuerat,
727 5049 806 5092 cum
821 5028 889 5091 viri
905 5027 1042 5091 iuvenis

215 5153 435 5233 aptissimam
448 5155 493 5214 ad
505 5152 741 5216 reconditiora
754 5151 872 5214 studia
889 5151 1041 5233 indolem

215 5275 283 5336 sibi
295 5286 521 5356 perspectam
533 5275 690 5355 haberet,
708 5293 788 5336 eum
800 5273 932 5336 diutius
944 5275 1041 5354 apud

214 5416 254 5459 se
266 5397 419 5476 retinuit,
438 5406 545 5478 atque
558 5397 690 5478 abbati,
706 5396 870 5459 familiari
887 5394 1042 5459 amicitia

1131 624 1199 687 sibi
1223 625 1525 709 coniunctissimo,
1550 636 1674 690 auctor
1697 625 1782 708 fuit,
1806 636 1846 689 ut
1867 627 1965 690 illum

1130 746 1310 809 Lutetiam
1325 747 1542 810 Parisiorum
1558 750 1603 811 ad
1620 749 1748 811 Patres
1761 749 1965 813 Benedicti·

1131 888 1196 931 nos
1213 869 1504 952 congregationis
1521 890 1548 934 s.
1565 870 1681 933 Mauri
1697 871 1864 953 mitteret,
1886 871 1964 935 orbi

1130 990 1303 1054 litterario
1320 991 1567 1055 eruditissimis
1584 993 1752 1073 operibus
1765 991 1837 1055 suis
1853 992 1963 1057 notis·

1131 1112 1247 1176 simos.
1281 1113 1336 1177 Ibi
1362 1113 1645 1177 doctissimorum
1668 1108 1825 1204 virmuin
1845 1103 1963 1179 Mont-

1130 1234 1272 1318 foconii,
1285 1235 1453 1317 Tullierii,
1466 1236 1633 1299 Martenii
1645 1237 1865 1319 aliorumque
1882 1257 1962 1301 con-

1131 1357 1318 1421 suetudine
1329 1367 1365 1420 et
1373 1357 1561 1440 conloquio
1571 1378 1666 1441 usus,
1676 1361 1743 1421 sub
1756 1359 1866 1422 tantis
1879 1361 1962 1422 duc-

1130 1481 1266 1543 toribus
1293 1500 1442 1563 magnos
1470 1480 1505 1543 in
1534 1481 1650 1544 stadio
1681 1480 1853 1545 litterario
1882 1501 1962 1563 pro·

1129 1621 1277 1684 gressus
1303 1601 1403 1684 fecit,
1435 1614 1471 1665 et
1497 1602 1644 1665 Parisiis
1676 1604 1791 1665 adhuc
1823 1604 1960 1686 degens

1130 1743 1222 1786 anno
1243 1728 1322 1803 1726
1344 1724 1471 1787 librum
1494 1724 1620 1787 edidit:
1641 1725 1757 1787 Vetus
1774 1724 1962 1806 disciplina

1130 1847 1337 1928 monastica,
1361 1865 1425 1909 seu
1449 1845 1611 1909 collectio
1636 1857 1821 1910 auctorum
1842 1849 1917 1912 ord.
1934 1869 1959 1911 s.

1131 1970 1319 2033 Benedicti
1349 1969 1539 2033 maximam
1568 1979 1707 2052 partem
1738 1969 1961 2052 ineditorum,

1131 2092 1191 2173 qui
1207 2103 1291 2155 ante
1308 2101 1497 2156 sexcentos
1513 2091 1587 2154 fere
1606 2111 1717 2154 annos
1733 2111 1798 2173 per
1810 2093 1959 2176 Italiam,

1131 2211 1284 2277 Galliam
1309 2224 1416 2296 atque
1441 2213 1667 2277 Germaniam
1696 2216 1740 2276 de
1764 2214 1961 2279 monastica

1131 2337 1318 2418 disciplina
1334 2347 1541 2401 tractarunt.
1564 2336 1730 2400 Continet
1746 2356 1804 2400 res
1819 2357 1889 2400 non
1906 2358 1960 2401 so·

1129 2460 1200 2522 lum
1210 2459 1509 2543 monasticas,sed
1519 2459 1625 2521 etiam
1635 2459 1960 2541 ecclesiasticas,ad

1129 2581 1312 2644 historiam
1328 2600 1465 2643 sacram
1482 2581 1712 2661 pertinentes.
1736 2581 1893 2645 Primum
1909 2562 1971 2645 inss

1130 2703 1228 2786 genii
1243 2703 1297 2766 sui
1313 2703 1447 2767 foetum
1464 2704 1586 2766 abbati
1599 2704 1721 2767 Blasio
1735 2726 1813 2768 cum
1829 2705 1959 2789 insigni

1131 2826 1291 2889 encomio
1319 2826 1516 2908 inscripsit,
1545 2837 1667 2889 contra
1695 2845 1795 2909 spem
1826 2831 1873 2891 ab
1900 2829 1959 2891 illo

1130 2950 1220 3011 male
1237 2949 1380 3012 omnino
1397 2959 1598 3030 exceptum,
1620 2951 1716 3030 quod
1738 2949 1960 3031 praefatione

1130 3071 1205 3134 eius
1233 3071 1352 3152 operis
1380 3071 1467 3133 satis
1491 3071 1631 3152 prolixa
1655 3091 1857 3153 magnaque
1881 3092 1960 3135 cum

1130 3193 1326 3256 eruditione
1358 3205 1393 3257 et
1424 3194 1495 3256 stili
1532 3194 1712 3276 elegantia
1746 3196 1959 3277 conscripta,

1128 3316 1298 3379 musicam
1313 3317 1618 3379 instrumentalem
1631 3317 1666 3378 in
1680 3314 1894 3381 Germaniae
1907 3338 1961 3380 or·

1129 3438 1221 3501 dinis
1238 3439 1349 3501 nostri
1364 3439 1588 3502 monasteriis
1609 3439 1700 3501 tanti
1722 3440 1881 3503 habitam
1898 3461 1959 3504 ex·

1128 3562 1337 3636 sibilaverit;
1362 3563 1554 3643 praecipue
1578 3581 1673 3643 ver0,
1699 3565 1794 3643 quod
1818 3563 1956 3627 institu-

1127 3694 1202 3746 tum
1218 3704 1239 3745 a
1255 3681 1548 3745 Cluniacensibus
1570 3683 1673 3745 nimis
1696 3685 1841 3766 longum
1862 3685 1958 3748 chori

1128 3804 1282 3869 officium
1310 3815 1433 3868 contra
1465 3816 1501 3868 et
1532 3826 1640 3887 supra
1675 3808 1821 3888 regulae
1856 3827 1958 3889 prae·

1128 3939 1280 4009 ceptum,
1304 3939 1378 3990 tum
1402 3928 1695 3990 monasteriorum
1719 3929 1954 3992 aemulatione

1126 4051 1304 4113 nonsatis
1328 4052 1508 4131 prudenti,
1532 4059 1608 4113 tum
1629 4051 1861 4114 saecularium
1886 4072 1956 4115 am-

1125 4173 1259 4235 bitione
1274 4184 1309 4236 et
1322 4175 1572 4236 monachorum
1585 4173 1735 4235 avaritia
1746 4174 1863 4236 ubivis
1876 4194 1955 4256 pro·

1125 4303 1296 4377 pagatum
1327 4294 1437 4357 fuisse
1469 4295 1637 4376 voluerit,
1668 4295 1839 4376 variaque
1870 4296 1951 4358 inde

1125 4415 1338 4499 profluxisse
1374 4417 1614 4498 incommoda,
1653 4416 1788 4479 scilicet
1822 4419 1952 4480 nullam

1124 4540 1253 4603 mentis
1281 4560 1360 4602 cum
1387 4558 1475 4602 voce
1504 4539 1744 4620 concordiam,
1771 4538 1952 4602 fastidium

1124 4661 1304 4743 orationis,
1330 4661 1624 4723 intermissionem
1640 4661 1772 4723 laboris
1789 4682 1953 4725 manuum

1123 4795 1160 4849 et
1185 4784 1391 4865 studiorum,
1421 4784 1479 4845 ubi
1507 4784 1610 4846 nimis
1637 4783 1747 4845 libere
1771 4783 1952 4864 adposuit:

1124 4904 1181 4969 Ob
1201 4926 1328 4987 preces
1349 4906 1491 4969 minime
1512 4909 1624 4968 bonas
1650 4905 1851 4969 intermissa
1875 4910 1961 4969 esse'
1997 4886 1999 4891 ¹

1123 5032 1294 5092 bonarum
1310 5028 1507 5092 litterarum
1524 5029 1651 5091 studia.
1677 5027 1795 5108 Quare
1808 5026 1955 5091 Parisiis

1124 5153 1265 5215 domum
1293 5162 1491 5232 revocatus,
1519 5151 1715 5233 praemium
1742 5149 1875 5213 laboris
1901 5150 1953 5213 in·

1123 5284 1371 5356 exspectatum
1395 5273 1491 5356 tulit,
1521 5276 1567 5336 ad
1590 5273 1736 5337 Latinas
1763 5292 1950 5355 puerorum

1123 5397 1263 5459 scholas
1299 5416 1377 5458 cum
1413 5395 1516 5458 titulo
1552 5393 1797 5477 praeceptoris
1837 5395 1953 5458 denuo
