4178 6196
883 478 1164 564 ,263-

151 696 259 758 quum
283 687 366 741 tunc
389 677 458 739 iam
481 677 707 759 incoepisset,
733 697 839 759 quum
863 677 981 741 studia

152 799 369 883 philologica
388 799 532 881 linguae
548 799 651 861 huius
668 799 702 861 in
719 799 904 862 cunabulis
919 800 981 862 ad*

151 923 219 985 huc
235 931 367 1003 essent,
388 921 532 1002 proprio
548 920 664 983 Marte
686 921 753 984 sibi
779 922 981 1005 ,orthogra-

151 1044 272 1126 phiam
284 1041 473 1106 slavicam“
488 1043 670 1125 congessit
685 1041 845 1126 „pravis“
859 1043 981 1125 appel·

151 1168 260 1230 latam
280 1166 315 1229 in
335 1165 480 1229 archivo
501 1167 567 1228 sub
584 1164 622 1229 C.
638 1185 665 1228 s.
687 1171 723 1229 1³
746 1166 981 1248 adservatam,

152 1290 213 1351 ubi
225 1289 331 1352 etiam
344 1288 420 1351 eius
433 1306 536 1369 opus:
551 1284 846 1350 Grammatikalnl
858 1288 982 1370 nalezy

152 1431 173 1473 a
193 1413 304 1473 hasne
329 1411 361 1491 (i.
379 1429 408 1471 e.
430 1409 687 1472 Additamento
710 1410 756 1472 ad
779 1407 982 1491 grammati·

152 1552 230 1596 cam
243 1542 279 1594 et
290 1519 469 1614 poemata)
486 1531 739 1612 —seduloque
755 1531 877 1593 labore
894 1530 929 1592 in
946 1529 981 1592 id

152 1655 321 1734 incubuit,
331 1665 369 1717 ut
379 1655 497 1736 gentis
507 1673 593 1733 suae
601 1653 760 1715 homines
768 1671 885 1715 mores
899 1669 981 1713 suos

153 1787 189 1841 et
205 1778 366 1840 instituta
379 1784 582 1855 servarent:
606 1795 677 1857 qua
700 1775 745 1837 de
765 1793 874 1836 causa
889 1773 982 1855 ipse·

152 1910 224 1963 met
241 1901 410 1981 populum
433 1899 588 1961 carmina
604 1896 722 1980 gentis
738 1895 883 1977 propria
899 1894 981 1956 edo·

152 2023 234 2104 cuit,
251 2043 343 2107 quae
360 2022 510 2085 collecta
523 2022 589 2083 sub
602 2020 718 2083 titulo:
738 2013 980 2101 „Chasoviny“

153 2155 189 2209 et
199 2142 418 2228 „Syroviny“
428 2145 462 2206 in
472 2143 713 2223 manuscripto
726 2142 865 2203 duobus
877 2138 981 2202 tomis

151 2268 408 2348 comprehensa
424 2267 490 2329 sub
506 2265 598 2328 Msn.
616 2268 676 2344 69³
695 2272 731 2326 et
743 2267 816 2342 694.
833 2261 908 2325 Fol.
920 2264 982 2339 5³4

152 2400 189 2454 et
210 2395 270 2455 555
293 2390 328 2452 in
351 2388 568 2451 bibliotheca
590 2396 712 2449 nostra
736 2386 980 2448 adservantur.

152 2514 192 2576 Ρ.
209 2514 295 2575 ΚΗὶ
316 2531 443 2574 nomen
464 2509 533 2572 sibi
553 2508 742 2591 acquisivit
766 2509 801 2569 in
821 2505 982 2570 Morayia

153 2646 189 2699 et
205 2634 377 2699 Bohemia
393 2641 476 2695 ante
498 2631 614 2695 omnia
635 2651 699 2693 sua
722 2625 980 2713 ,etymologia“

154 2778 223 2840 qua
236 2759 418 2820 declarare
431 2767 580 2818 conatus
593 2764 659 2834 est,
673 2753 802 2816 idioma
811 2751 982 2814 slavicum

154 2881 245 2943 inter
257 2879 503 2961 antiquissima
515 2877 610 2940 orbis
624 2895 704 2938 esse
716 2875 981 2938 recensendum.

154 3002 287 3072 Sedulo
299 3002 380 3065 huic
390 3020 498 3082 scopo
507 3000 696 3081 insudavit,
705 2999 784 3095 basi
794 2997 982 3081 phonetica

153 3125 304 3205 innixus,
325 3124 425 3188 cuius
447 3123 582 3186 fructus
602 3121 748 3203 speciali
773 3119 848 3183 eius
873 3137 981 3201 opere

155 3247 343 3329 „Slovnik“
359 3245 540 3328 (Lexicon)
558 3243 791 3322 continentur,
807 3243 898 3305 inter
909 3260 981 3303 ma·

154 3371 335 3451 nuscripta
362 3369 447 3431 bibl.
476 3376 618 3430 nostrae
645 3367 845 3429 adservato
880 3362 981 3444 Quae

154 3493 339 3556 conamina
352 3492 427 3554 eius
440 3500 534 3570 tunc,
544 3510 650 3571 quum
660 3506 750 3569 opus
760 3487 981 3570 praeclarum

156 3600 310 3679 Safaiiki
350 3612 635 3697 „Antiquitates“
675 3611 829 3673 nondum
866 3609 981 3670 lucem

154 3745 356 3817 aspexerat,
370 3736 444 3797 iure
458 3745 493 3796 et
506 3733 631 3796 merito
643 3733 901 3815 philologorum
914 3729 981 3791 sla·

154 3877 276 3920 vorum
292 3833 432 3920 laudem
449 3865 661 3918 meruerunt.

241 4042 453 4117 Kubovics
472 4032 693 4135 Remigius
715 4054 777 4136 (de
799 4071 825 4114 s.
843 4051 983 4117 Monte

155 4172 424 4252 Pannoniae),
446 4171 481 4233 in
502 4170 723 4232 Farkashida
745 4189 832 4232 com.
853 4169 983 4234 Poson.

155 4295 191 4357 in
207 4294 392 4377 Hungaria
410 4293 466 4356 die
484 4297 513 4354 8.
531 4293 603 4354 Ian.
626 4312 704 4371 1742
723 4302 837 4371 natus,
858 4292 915 4356 die
936 4312 983 4372 17.

157 4417 261 4479 Mart.
283 4437 363 4496 1774
385 4418 577 4497 presbyter
597 4415 790 4495 ordinatus
811 4413 985 4478 vota'sol-

157 4539 286 4602 lemnia
308 4539 365 4601 die
386 4542 433 4601 15.
451 4539 538 4619 Apr.
561 4557 641 4617 1779
663 4537 789 4600 emisit.
818 4541 985 4599 1802—10

161 4670 280 4724 orator
295 4681 316 4722 a
333 4660 442 4722 sacris
459 4661 494 4722 in
511 4659 656 4721 abbatia
673 4660 712 4720 B.
730 4658 778 4725 M.
792 4658 835 4720 V.
853 4659 897 4721 de
913 4658 984 4721 Dii-

157 4783 262 4863 mdlk,
285 4788 453 4846 1810-30
470 4782 663 4863 spiritualis
680 4782 820 4863 Iaurini,
839 4800 909 4863 quo
925 4801 985 4844 an·

158 4926 203 4969 no
228 4906 285 4968 die
314 4927 361 4982 14.
387 4905 459 4967 Ian.
485 4904 539 4966 vir
561 4923 645 4966 vere
669 4903 858 4987 religiosus
881 4914 918 4967 et
940 4905 986 4966 ab

156 5028 318 5090 omnibus
335 5026 564 5108 singulariter
581 5027 695 5088 cultus
711 5027 785 5088 vita
802 5026 920 5088 cessit.

243 5184 408 5266 Scripsit:

243 5345 417 5422 Applausus
427 5346 533 5401 honori
545 5344 651 5400 illustr.
661 5364 697 5401 ac
706 5363 769 5400 rev.
780 5344 890 5400 domini
900 5341 985 5398 Tho·

157 5469 223 5507 mae
240 5451 363 5507 Koraics
387 5448 592 5506 archiabbatis
615 5467 670 5524 pro
693 5449 827 5505 sollemni
852 5446 985 5504 eiusdem

1061 683 1261 741 installatione
1277 684 1402 742 dicatus.
1430 683 1519 758 1830.
1545 686 1663 743 laurini.
1688 687 1787 764 Typis
1808 689 1889 745 Leo·

1060 787 1141 865 poldi
1158 787 1301 864 Streibig.
1318 796 1361 862 4⁰.
1381 802 1396 863 7
1414 809 1443 866 p.

1147 916 1297 991 Kuehn
1332 931 1594 994 Raimundus
1626 931 1888 996 Ludovicus

1062 1046 1127 1128 (de
1147 1065 1174 1108 s.
1199 1045 1338 1109 Monte
1357 1045 1635 1130 Pannoniae),
1661 1046 1774 1112 Ginsii
1798 1069 1886 1113 com.

1061 1167 1201 1232 Castrif.
1222 1169 1258 1231 in
1273 1169 1458 1252 Hungaria
1478 1170 1536 1233 die
1557 1175 1603 1235 15.
1620 1171 1706 1235 Dec.
1728 1177 1807 1235 1828
1825 1193 1885 1235 na-

1061 1301 1128 1372 tus,
1150 1311 1176 1353 s.
1197 1292 1321 1355 habitu
1345 1292 1402 1355 die
1431 1296 1478 1357 15.
1501 1290 1600 1375 Sept.
1630 1299 1708 1372 1844
1733 1296 1887 1375 indutus,

1061 1413 1198 1475 emissis
1214 1413 1271 1476 die
1287 1419 1316 1477 ³.
1333 1414 1428 1497 Aug.
1450 1419 1527 1478 1851
1546 1416 1639 1479 votis
1659 1417 1887 1480 sollemnibus

1062 1544 1097 1598 et
1118 1536 1289 1599 absolutis
1309 1536 1345 1599 in
1365 1557 1392 1600 s.
1410 1547 1529 1601 monte
1550 1559 1576 1601 s.
1593 1539 1794 1622 theologiae
1816 1551 1888 1602 stu-

1062 1657 1128 1720 diis
1160 1661 1284 1722 eodem
1312 1680 1404 1723 anno
1432 1661 1488 1723 die
1518 1680 1545 1739 7.
1576 1661 1670 1745 Aug.
1698 1666 1888 1745 presbyter

1060 1779 1176 1843 factus
1188 1790 1253 1862 est,
1267 1801 1314 1843 ex
1326 1802 1396 1863 quo
1405 1791 1563 1864 tempore
1576 1803 1688 1865 usque
1701 1785 1747 1846 ad
1758 1805 1888 1848 annum

1065 1907 1144 1964 1868
1166 1901 1285 2001 'officio
1307 1903 1518 1985 professoris
1543 1904 1713 1993 Strigonii
1735 1906 1887 1988 functus,

1061 2028 1107 2087 ab
1123 2045 1215 2088 anno
1237 2029 1316 2088 1868
1337 2027 1602 2090 administrator
1622 2029 1792 2091 bonorum
1810 2029 1887 2091 Iau-

1061 2146 1126 2208 rini
1144 2148 1253 2230 degit.
1277 2147 1442 2231 Scripsit:

1149 2274 1170 2330 1.
1196 2273 1416 2332 Adnotationes
1443 2276 1641 2351 meteorolog.
1668 2295 1725 2352 pro
1753 2279 1888 2332 instituto

1062 2379 1262 2455 meteorolog.
1280 2381 1403 2437 centrali
1417 2382 1578 2439 Viennensi
1599 2380 1638 2438 ab
1658 2401 1737 2438 anno
1754 2379 1834 2454 1856
1851 2381 1888 2437 ad

1062 2502 1170 2540 annum
1192 2481 1282 2557 1864.

1149 2588 1186 2643 ΙΙ.
1215 2584 1444 2646 Terme'szettan
1473 2589 1743 2665 ielgymnasiumok
1771 2591 1804 2647 e's
1836 2591 1889 2646 iel·

1061 2691 1258 2749 realtanodalr
1274 2692 1417 2749 szimara.
1436 2694 1497 2749 lrta
1510 2691 1603 2752 subit
1619 2693 1651 2752 S.
1665 2695 1755 2752 Ford.
1770 2696 1885 2751 Kruesz

1061 2797 1113 2853 Kr.
1135 2796 1168 2852 es
1185 2797 1272 2853 Kuhn
1289 2797 1324 2853 R.
1349 2794 1377 2875 (i.
1399 2815 1426 2852 e.
1452 2795 1559 2854 Subit:
1574 2798 1726 2873 Physica,
1740 2812 1885 2865 ‚convert

1061 2902 1178 2957 Kruesz
1198 2913 1228 2956 et
1249 2898 1378 2979 Kuehn.)
1406 2902 1485 2968 Pest,
1514 2901 1698 2959 Heckenast.
1728 2899 1817 2959 1861.
1843 2900 1885 2958 80.

1061 3002 1124 3078 33⁶
1141 3019 1171 3062 et
1188 3003 1249 3063 208
1266 3024 1295 3081 p.
1315 3020 1330 3062 1
1349 3005 1418 3062 edit.

1148 3110 1200 3166 III.
1217 3109 1447 3166 Termeszettan
1467 3111 1727 3185 algymnasiumolr
1743 3110 1884 3167 11811813.

1060 3214 1152 3272 Piskti
1169 3216 1202 3272 F.
1218 3216 1243 3292 J.
1263 3229 1291 3272 2.
1309 3215 1433 3272 kiada'tsa
1450 3215 1521 3272 11181
1542 3215 1617 3272 iord.
1636 3216 1723 3271 thn
1747 3215 1783 3272 R.
1807 3212 1836 3292 (i.
1859 3234 1885 3270 e.
1903 3255 1905 3260 ·

1060 3318 1167 3377 Pisko:
1184 3320 1321 3396 Physica.
1339 3321 1372 3377 ln
1388 3320 1458 3395 ling.
1476 3321 1576 3396 Hung.
1593 3322 1742 3377 convertit
1758 3317 1887 3397 Kuehn.)

1060 3424 1135 3482 Ibid.
1153 3422 1243 3497 1864.
1262 3440 1290 3481 2.
1304 3423 1374 3480 edit.
1398 3425 1457 3480 Pro
1470 3424 1591 3492 scholis,
1606 3442 1683 3501 quae
1696 3423 1787 3499 vulgo
1803 3443 1887 3494 „rea-

1061 3531 1124 3586 les“
1144 3529 1290 3597 dicuntur,
1308 3530 1470 3605 separatim
1487 3529 1597 3585 editum
1614 3547 1701 3604 opus.

1148 3633 1198 3690 lV.
1223 3632 1386 3707 Vtilemeuy
1406 3651 1424 3688 a
1443 3631 1740 3709 Magyarorszigban
1765 3634 1888 3689 haszna·

1062 3737 1150 3794 lando
1176 3736 1397 3794 termeszettani
1418 3737 1613 3811 tankonyyek
1634 3736 1782 3812 dgyeben.
1807 3735 1836 3814 (i.
1860 3757 1886 3793 e.

1062 3842 1121 3912 Qui
1138 3840 1205 3898 libri
1217 3841 1305 3917 phys.
1318 3843 1347 3897 in
1360 3841 1471 3898 scholis
1484 3841 1658 3916 Hungariae
1670 3840 1889 3920 adhibeantur.)

1062 3948 1095 4003 In
1116 3945 1273 4018 „Tanodai
1291 3945 1413 4021 lapolr.“
1437 3943 1526 4018 1865.
1815 3940 1819 3950 '

1153 4052 1190 4110 V.
1221 4051 1248 4108 A
1275 4050 1487 4128 pannonhalmi
1517 4047 1677 4126 sdapfatsag
1708 4051 1888 4125 kismegyeri

1062 4154 1242 4232 gazdasaiga.
1270 4150 1299 4231 (i.
1324 4173 1350 4210 e.
1364 4152 1531 4209 .Praedium
1555 4152 1780 4211 archiabbatiae
1804 4153 1841 4209 de
1865 4173 1888 4210 s.

1063 4263 1103 4318 M.
1129 4261 1300 4316 Pannoniae
1324 4261 1353 4313 in
1378 4255 1580 4335 Kismegyer.)
1603 4258 1651 4314 In:
1677 4255 1763 4334 Gydr
1784 4276 1889 4332 megye

1064 4365 1097 4422 es
1113 4364 1203 4420 viros
1220 4375 1394 4438 egyetemes
1411 4361 1529 4417 leirasa.
1542 4381 1576 4455 p.
1592 4359 1770 4435 279—282.
1788 4357 1888 4438 (Vide:

1064 4469 1162 4526 Fehr'er
1178 4465 1282 4545 Hipp.)

1102 4562 1112 4605 '¹
1150 4579 1274 4653 Kuhn
1293 4588 1555 4670 Augustinus
1569 4586 1812 4668 (Murensis),
1828 4607 1889 4648 na·

1065 4717 1122 4771 tus
1139 4707 1196 4769 die
1217 4726 1263 4771 ro.
1282 4703 1380 4788 Sept.
1402 4724 1483 4784 ¹790
1504 4705 1538 4766 in
1559 4723 1656 4787 pago
1672 4704 1837 4766 Buenzen
1854 4704 1890 4766 in

1065 4828 1236 4911 Argovia,
1254 4828 1470 4890 sollemniter
1485 4826 1667 4908 professus
1684 4827 1740 4888 die
1758 4831 1786 4888 8.
1804 4826 1889 4888 Dec.

1070 4956 1160 5032 1810,
1176 4952 1344 5013 sacerdos
1361 4949 1418 5011 die
1435 4970 1464 5028 9.
1478 4946 1556 5012 Oct.
1575 4953 1665 5030 1814,
1682 4949 1828 5011 multum
1842 4950 1890 5011 la-

1065 5073 1206 5136 boravit
1222 5093 1292 5154 qua
1308 5072 1461 5134 director
1473 5071 1509 5132 in
1523 5070 1652 5134 scholis
1664 5070 1891 5133 Murensibus

1066 5198 1265 5277 multosque
1282 5204 1404 5277 gratos
1421 5193 1612 5276 discipulos
1629 5213 1699 5275 qua
1711 5193 1891 5275 professor

1065 5318 1268 5399 rhetorices,
1285 5316 1452 5399 physices
1465 5324 1501 5378 et
1511 5315 1756 5399 philosophiae
1768 5316 1891 5377 habuit

1065 5460 1177 5522 usque
1193 5442 1239 5503 ad
1255 5459 1383 5502 annum
1404 5442 1495 5518 1835,
1512 5457 1582 5519 quo
1595 5437 1716 5501 schola
1730 5457 1752 5500 a
1763 5440 1892 5520 guber-
