4178 6196
923 477 964 486 -
1009 440 1129 504 CXIV
1175 480 1214 487 -—

204 676 344 729 constat
374 666 596 745 luculentius,
626 675 795 748 quantum
826 667 1047 730 abhorruerit
1071 688 1092 730 a
1116 669 1407 732 scholasticorum
1430 670 1543 752 gerris
1567 680 1603 733 et
1627 671 1748 753 nugis,
1780 692 1872 753 quae
1902 672 1936 734 in

204 826 304 889 spem
327 806 467 869 suturae
491 805 679 868 oblivionis
702 806 981 887 perdiscuntur.“

334 945 434 1026 Quae
458 957 582 1029 egerat
606 944 811 1026 Gerbertus,
836 944 1041 1027 Stephanus
1064 945 1365 1027 Rautenstrauch,
1390 948 1517 1010 Abbas
1541 949 1800 1013 eruditissimus
1825 950 1937 1012 Brau-

204 1085 392 1165 naviensis,
416 1084 451 1147 in
475 1084 658 1148 Austriam
682 1083 871 1147 transtulit.
917 1084 952 1146 Is
980 1104 1060 1163 1774
1084 1105 1212 1148 novam
1236 1085 1437 1168 theologiae
1469 1087 1652 1150 docendae
1681 1089 1773 1152 viam
1807 1108 1937 1170 propo-

204 1225 284 1304 suit,
309 1244 400 1306 quae
424 1223 630 1286 assensione
654 1223 902 1305 episcoporum
926 1232 962 1285 et
986 1222 1121 1285 Mariae
1138 1222 1329 1287 Therasiae
1354 1224 1590 1306 imperatricis
1613 1229 1846 1309 comprobata
1870 1238 1938 1288 est.

204 1365 330 1446 Itaque
358 1361 475 1426 studia
498 1361 700 1444 theologica
723 1361 772 1423 ita
795 1361 1082 1442 instituebantur,
1107 1371 1146 1424 ut
1169 1361 1357 1443 disciplina
1381 1364 1584 1446 dogmatica
1608 1374 1644 1428 et
1667 1366 1819 1447 moralis,
1845 1385 1938 1448 quae

205 1524 251 1566 ex
274 1502 384 1565 sacris
407 1500 534 1563 litteris
558 1510 594 1564 et
618 1499 759 1581 scriptis
784 1520 811 1562 S.
828 1499 973 1562 Patrum
995 1500 1155 1563 adhibita
1177 1501 1441 1564 hermeneutica
1465 1512 1501 1565 et
1523 1504 1725 1586 patrologia
1740 1504 1938 1566 haurienda

205 1651 310 1722 esset,
336 1640 463 1704 deinde
486 1640 541 1702 ius
565 1639 772 1702 canonicum
796 1659 874 1702 cum
898 1641 1065 1722 generale
1090 1650 1163 1703 tum
1179 1640 1370 1724 singulare,
1393 1652 1468 1705 tum
1491 1644 1673 1726 theologia
1696 1653 1937 1724 controversa,

205 1791 385 1864 postremo
415 1778 606 1860 pastoralis
637 1780 871 1841 traderentur.
910 1779 1106 1861 Theologia
1135 1779 1307 1860 pastorali
1335 1780 1576 1844 institutiones
1607 1782 1786 1844 orationes
1816 1801 1938 1844 sacras

204 1919 368 1999 habendi,
392 1939 418 1980 s.
444 1925 665 1980 sacramenta
689 1916 975 1998 administrandi,
1007 1938 1127 1980 sacras
1156 1918 1375 1981 ceremonias
1404 1919 1470 1982 rite
1499 1918 1723 2002 perficiendi,
1756 1921 1847 1983 ratio
1879 1922 1937 2004 pie

205 2058 348 2121 vivendi
380 2056 653 2119 continerentur.
698 2055 764 2117 His
795 2065 975 2136 tamquam
1007 2056 1216 2137 disciplinae
1248 2056 1441 2120 adiutriees
1471 2058 1750 2141 adiungerentur
1783 2060 1938 2121 studium

207 2196 368 2260 Graecae
386 2204 422 2257 et
437 2194 659 2257 orientalium
673 2193 873 2276 linguarum
886 2204 994 2275 atque
1006 2194 1153 2257 historia
1169 2195 1341 2258 ecclesiae
1358 2206 1394 2258 et
1410 2196 1605 2259 litterarum
1618 2197 1938 2280 theologicarum1).

336 2337 435 2398 Haec
467 2333 783 2397 Rautenstrauchii
814 2333 920 2414 ratic,
954 2353 1044 2416 quae
1078 2334 1206 2396 leviter
1240 2343 1377 2397 mutata
1409 2335 1516 2398 etiam
1555 2336 1684 2399 nostris
1720 2335 1939 2417 temporibus

206 2475 333 2539 studiis
356 2473 566 2556 theologicis
589 2472 624 2535 in
642 2473 788 2535 Austria
811 2472 1077 2536 fundamentum
1094 2483 1159 2553 est,
1183 2474 1218 2536 in
1235 2473 1396 2537 omnibus
1413 2474 1546 2536 ordinis
1562 2474 1703 2555 scholis,
1728 2494 1819 2556 quae
1837 2484 1940 2537 erant

206 2617 240 2678 in
271 2613 419 2695 imperio
443 2612 653 2692 Austriaco,
685 2612 830 2674 inducta
861 2622 915 2674 est
946 2632 1100 2693 moxque
1131 2612 1166 2674 in
1198 2611 1347 2694 singulis
1378 2611 1541 2694 partibus
1572 2614 1773 2693 complures
1805 2614 1939 2676 ordinis

206 2754 347 2816 sodales
371 2751 554 2815 doctrinae
578 2750 672 2812 sama
695 2750 872 2813 nobilitati
886 2760 986 2813 sunt.

337 2891 410 2956 Sed
433 2902 552 2954 tamen
575 2891 620 2952 ad
644 2892 735 2952 hanc
759 2889 1051 2953 instaurationem
1074 2909 1167 2952 nova
1184 2890 1359 2971 quaedam
1376 2902 1613 2970 accesserunt,
1631 2911 1732 2973 quae,
1752 2893 1940 2972 quominus

208 3032 326 3096 studia
356 3030 561 3112 theologica
595 3028 744 3091 laetiora
775 3038 944 3110 caperent
977 3029 1213 3109 incrementa,
1248 3031 1451 3092 obstabant.
1497 3030 1622 3113 Neque
1659 3051 1744 3093 vero
1779 3032 1868 3093 haec
1905 3033 1938 3093 in

207 3169 525 3236 Rautenstrauchii
549 3168 704 3231 consiliis
727 3179 837 3231 erant.
876 3168 944 3249 Qui
967 3170 1020 3232 vir
1044 3171 1179 3250 doctuS,
1204 3189 1274 3250 quo
1294 3179 1440 3232 auctore
1464 3168 1651 3250 disciplina
1674 3171 1865 3252 pastoralis
1889 3170 1940 3231 in-

209 3313 316 3375 ducta
352 3319 423 3390 est,
459 3329 672 3390 quamquam
705 3318 904 3390 temporum
934 3308 1090 3371 moribus
1121 3311 1311 3372 tenebatur
1342 3319 1378 3371 et
1409 3328 1566 3371 summae
1597 3309 1736 3389 imperii
1769 3310 1940 3390 potestati

208 3450 365 3530 favebat,
388 3460 507 3511 tamen
531 3448 616 3510 nihil
639 3447 705 3511 nisi
729 3448 765 3510 id
789 3447 981 3528 contendit,
1005 3458 1044 3510 ut
1068 3447 1221 3510 studium
1246 3446 1448 3530 theologiae
1472 3447 1507 3508 in
1533 3446 1680 3510 Austria
1705 3459 1880 3510 cresceret
1905 3458 1941 3509 et

208 3588 360 3652 floreret.
392 3587 481 3649 Tum
501 3606 596 3667 vero,
621 3607 700 3649 curn
716 3596 769 3649 tot
784 3584 999 3648 monasteria
1022 3587 1196 3667 obpressa
1219 3595 1256 3648 et
1278 3585 1313 3648 in
1337 3585 1390 3666 iis,
1416 3603 1507 3666 quae
1524 3596 1743 3667 supererant,
1768 3586 1940 3648 sodalium

209 3746 375 3791 numerus
407 3727 497 3788 adeo
528 3724 729 3787 deminutus
761 3734 866 3805 esset,
899 3736 938 3785 ut
969 3722 1096 3786 officiis
1120 3723 1274 3786 muneris
1298 3723 1530 3787 ecclesiastici
1554 3724 1727 3785 obeundis
1751 3724 1811 3786 vix
1836 3742 1941 3804 pares

210 3878 340 3947 essent,
364 3885 443 3927 cum
459 3862 675 3926 monasteria
690 3862 828 3944 magnis
845 3861 1045 3944 sumptibus
1068 3871 1104 3924 et
1127 3861 1272 3924 iacturis
1292 3873 1439 3943 propter
1458 3863 1552 3924 bella
1572 3881 1651 3924 cum
1675 3859 1942 3924 Franco-Gallis
1983 3913 1985 3917 .

211 4016 315 4091 gesta
335 4005 519 4084 exhausta,
543 4001 725 4065 academia
742 4001 1026 4084 Salisburgensis
1043 4001 1185 4081 abolita,
1210 4001 1361 4064 ecclesia
1378 4000 1553 4064 catholica
1569 4004 1615 4063 ab
1631 4001 1779 4083 imperio
1802 4020 1942 4082 regere-

210 4159 267 4211 tur
290 4165 332 4206 ac
354 4145 622 4226 gubernaretur,
653 4138 729 4202 fieri
757 4160 826 4202 non
858 4139 985 4221 potuit,
1018 4151 1057 4202 ut
1082 4139 1199 4202 studia
1223 4139 1425 4222 theologica
1448 4159 1469 4200 a
1493 4140 1674 4202 sodalibus
1698 4151 1734 4202 et
1758 4139 1889 4201 ordinis
1914 4160 1941 4200 s.

210 4282 398 4349 Benedicti
423 4293 459 4344 et
483 4279 568 4345 cleri
588 4277 743 4341 universi
768 4297 820 4358 ea,
846 4298 916 4360 qua
938 4280 1138 4370 oportebat,
1171 4299 1254 4341 cura
1279 4280 1485 4340 colerentur.
1530 4279 1660 4342 Nostra
1688 4282 1832 4342 tandem
1856 4290 1942 4341 tem·

210 4443 309 4506 pora,
334 4432 372 4484 ut
394 4421 429 4483 in
453 4418 542 4499 aliis,
566 4418 601 4481 in
624 4417 679 4479 his
703 4436 844 4499 quoque
868 4418 975 4478 rebus
999 4428 1080 4479 sunt
1102 4417 1258 4478 meliora.

341 4558 510 4642 Quamvis
534 4568 694 4638 tempora
717 4555 848 4619 fuerint
864 4565 936 4618 tam
953 4557 1115 4635 adversa,
1131 4556 1226 4617 haud
1243 4555 1348 4637 pauci
1364 4557 1557 4647 scriptores
1574 4557 1743 4638 operibus
1762 4559 1834 4620 suis
1851 4562 1942 4621 bene

212 4701 327 4766 meriti
351 4709 441 4763 sunt.
480 4698 698 4760 Tractabant
722 4694 928 4777 disciplinas
951 4696 1188 4777 theologicas:
1214 4695 1388 4758 Martinus
1405 4694 1560 4758 Gerbert
1583 4697 1627 4756 de
1648 4696 1826 4775 Hornau2)
1851 4699 1942 4759 eius-

213 4861 280 4923 que
308 4840 459 4919 sodales,
487 4837 653 4899 Firtanus
676 4834 807 4896 Linder
835 4843 870 4895 et
894 4832 1115 4895 Aemilianus
1140 4833 1371 4907 Ussermann‚
1402 4842 1551 4914 uterque
1583 4834 1709 4895 studiis
1740 4835 1940 4916 linguarum

213 4979 478 5056 clarissimus³);
519 4977 682 5038 Andreas
714 4972 939 5037 Oberleitner
969 4971 1168 5051 Scotensis,
1201 4972 1401 5055 linguarum
1432 4974 1652 5036 orientalium
1686 4974 1940 5057 investigator:

344 5172 364 5248 ¹)
391 5173 529 5236 Wernen
554 5169 737 5226 Geschichte
761 5168 814 5223 der
838 5167 919 5223 kath.
944 5166 1123 5240 ‘lheologie

341 5283 363 5362 2)
388 5285 516 5341 Werner
541 5284 558 5340 l.
583 5305 608 5339 c.

342 5396 364 5474 3)
389 5398 434 5451 De
459 5395 601 5472 operibus
626 5397 837 5452 monachorum
864 5397 891 5449 in
916 5393 971 5448 hac
994 5406 1080 5467 parte
1104 5408 1344 5451 enumeratorum
1369 5394 1406 5449 cs.
1431 5397 1596 5469 scriptores
1619 5396 1642 5451 1.
1667 5396 1703 5451 Il.
