4178 6196
227 1643 301 1726 DE
342 1639 688 1725 lABORlBUS
728 1639 788 1721 ΙΝ
829 1636 1099 1721 SCHOllS
1137 1635 1206 1719 ET
1243 1634 1407 1718 CURA
1449 1616 1804 1716 ANanRUM'

834 1791 1172 1877 SUSCEPTIS.

925 2092 1032 2158 CAP.
1056 2092 1083 2157 I.

267 2306 377 2411 Cum
400 2364 521 2410 earum
544 2363 661 2407 rerum
685 2362 779 2424 cura,
811 2360 903 2423 quae
934 2342 981 2403 ad
1009 2340 1168 2423 corporis
1195 2339 1329 2403 victum
1356 2349 1590 2422 ornatumque
1612 2340 1806 2423 pertinent,
1835 2341 1871 2403 in

130 2487 339 2551 muneribus
363 2495 460 2549 esset
482 2482 806 2563 Benedictinorum,
831 2499 910 2542 cum
933 2479 1106 2561 quidquid
1128 2478 1325 2561 pertineret
1348 2480 1394 2541 ad
1410 2499 1512 2541 usum
1529 2479 1762 2542 domesticum
1777 2479 1871 2543 intra

131 2623 341 2690 monasterii
364 2643 482 2686 muros
498 2632 596 2687 esset
612 2620 870 2684 conficiendum
886 2620 919 2702 ¹),
943 2628 1062 2683 tamen
1085 2620 1153 2682 hoc
1173 2637 1347 2681 summum
1364 2637 1444 2681 esse
1460 2619 1572 2682 voluit
1596 2639 1623 2683 s.
1640 2619 1868 2703 Benedictus,

132 2776 173 2828 ut
205 2763 370 2844 discipuli
401 2762 596 2825 animarum
632 2760 881 2842 prospicerent
918 2758 1033 2821 saluti.
1084 2758 1210 2840 Itaque
1242 2756 1483 2838 Benedictini,
1514 2776 1566 2819 ex·
1592 2776 1662 2838 quo
1694 2758 1868 2822 exsistere

132 2912 341 2984 coeperunt,
372 2899 586 2963 sanctissimi
616 2899 780 2983 magistri
810 2898 1059 2962 auctoritatem
1089 2897 1148 2978 pie
1183 2897 1297 2960 secuti
1329 2896 1415 2959 nihil
1446 2896 1647 2959 habuerunt
1678 2898 1867 2980 antiquius,

133 3061 242 3124 quarn
266 3051 304 3103 ut
327 3058 517 3123 puerorum
544 3037 681 3101 animos
704 3037 913 3101 Christianis
940 3037 1145 3119 praeceptis
1176 3035 1375 3099 imbuerent
1404 3036 1441 3098 in
1473 3033 1620 3117 scholis,
1651 3037 1792 3099 adultos
1825 3038 1871 3099 ad

132 3180 232 3242 vitae
255 3187 424 3242 aeternae
441 3197 543 3259 spem
558 3186 667 3257 atque
691 3176 847 3239 studium
870 3175 1070 3238 excitarent
1091 3173 1188 3238 fideli
1208 3194 1293 3238 cura
1316 3175 1520 3239 animarum.
1552 3176 1593 3238 Id
1610 3194 1690 3238 cum
1706 3175 1774 3237 sibi
1790 3195 1871 3258 pro-

132 3318 349 3400 posuissent,
366 3336 446 3379 cum
463 3315 592 3380 ceteris
609 3315 643 3377 in
661 3315 774 3396 terris,
787 3325 861 3377 tum
877 3314 913 3377 in
930 3314 1078 3396 imperio
1087 3313 1279 3376 Austriaco
1292 3334 1428 3377 summa
1440 3334 1520 3377 cum
1535 3312 1606 3377 fide
1622 3314 1868 3395 impleverunt.

267 3455 387 3537 Atque
414 3455 452 3517 in
479 3452 622 3535 Alpinis
645 3453 815 3516 Austriae
845 3454 949 3515 terris
978 3472 1005 3515 s.
1030 3453 1217 3535 Rupertus
1249 3453 1400 3534 primum
1432 3452 1591 3516 condidit
1622 3454 1872 3517 monasterium
1914 3480 1921 3499 ·

135 3593 202 3677 (St.
234 3595 353 3674 Peter)
384 3592 606 3675 primamque
638 3593 672 3655 ei
703 3592 835 3655 adiecit
867 3592 1022 3654 scholam
1037 3594 1077 3675 ²),
1113 3612 1205 3674 quae
1235 3592 1424 3654 Baioariae
1459 3591 1659 3674 principum
1690 3592 1872 3676 praesidio

134 3735 272 3798 munita
295 3733 396 3795 brevi
419 3732 543 3794 mirum
568 3741 738 3814 quantum
762 3730 926 3794 effloruit.
965 3731 1083 3814 Magis
1107 3731 1221 3824 etiam,
1238 3740 1343 3794 aucta
1367 3741 1422 3793 est
1444 3749 1502 3793 res
1526 3732 1739 3794 scholastica
1762 3732 1873 3814 impe·

134 3883 254 3936 ratore
278 3870 405 3935 Carolo
428 3871 577 3954 Magno,
603 3889 739 3932 summo
762 3869 823 3931 illo
846 3869 1046 3931 scholarum
1074 3867 1228 3951 fautore,
1259 3888 1324 3950 per
1347 3868 1545 3950 Arnonem,
1577 3869 1729 3951 primum
1760 3873 1872 3935 archi-

136 4008 345 4093 episcopum
359 4008 681 4093 Salisburgensem,
698 4008 850 4071 amicum
866 4006 1145 4089 familiaremque
1158 4008 1310 4090 Alcuini,
1327 4007 1454 4070 summi
1466 4007 1542 4090 viri,
1560 4008 1620 4089 qui
1636 4008 1729 4072 inter
1745 4011 1870 4073 doctos

135 4149 270 4212 amicos
292 4149 518 4230 imperatoris
540 4148 739 4231 principem
755 4146 909 4210 obtinuit
924 4146 1049 4209 locum.
1081 4146 1117 4208 Is
1133 4146 1330 4209 studiorum
1345 4147 1530 4228 rationem,
1547 4167 1639 4228 quae
1655 4147 1691 4210 in
1706 4141 1867 4231 plurimis

135 4299 211 4352 tum
234 4289 365 4352 scholis
387 4290 485 4352 nulla
508 4299 599 4370 erat,
630 4287 828 4351 introduxit
859 4296 905 4369 et,
936 4295 976 4349 ut
1007 4305 1053 4348 ex
1083 4285 1236 4367 epistola
1264 4286 1405 4350 Alcuini
1437 4287 1483 4349 ad
1515 4306 1596 4350 eum
1624 4287 1760 4370 scripta
1789 4288 1873 4350 licet

136 4427 315 4511 colligere,
340 4437 479 4509 septem
502 4437 599 4490 artes
622 4428 816 4490 tradendas
840 4425 987 4490 curavit.
1027 4423 1207 4508 Singulari
1222 4444 1308 4489 vero
1332 4446 1417 4489 cura
1440 4429 1628 4508 amplexus
1644 4436 1700 4490 est
1715 4428 1872 4491 scholam

270 4706 290 4786 ¹)
313 4709 390 4783 Reg.
415 4726 481 4784 cap.
506 4706 556 4765 66.

269 4818 291 4897 ²)
312 4819 485 4879 Vierthaler
507 4816 703 4897 (Geschichte
726 4820 780 4878 des
803 4820 1016 4878 Schulwesens
1040 4821 1099 4877 und
1122 4821 1176 4877 der
1199 4819 1304 4878 Cultur
1326 4820 1503 4902 Salzburgs)
1527 4835 1610 4879 recte
1633 4835 1736 4878 monet
1759 4825 1787 4878 in
1811 4823 1869 4879 hoc

136 4937 206 4992 loco
238 4934 384 5008 Congesti
408 4932 558 4990 Arnonis:
594 4933 652 5004 „Et
683 4936 740 5009 ipsi
769 4933 896 5009 predicti
926 4932 1036 4990 fratres
1066 4929 1282 5010 (Tonanzanus
1311 4947 1342 4991 et
1370 4932 1460 5014 Urso)
1491 4954 1558 4992 curn
1588 4935 1714 4991 licencia
1744 4947 1775 4991 et
1806 4954 1872 4993 cum

136 5065 289 5104 consensu
307 5044 482 5103 Theodoris
502 5044 587 5102 ducis
604 5045 791 5102 tradiderunt
813 5047 924 5104 ibidem
940 5064 1058 5102 omnem
1074 5064 1137 5103 rem
1153 5065 1268 5111 eorum,
1292 5064 1512 5121 quamcumque
1527 5045 1680 5104 habebant
1695 5060 1726 5104 et
1742 5061 1870 5124 nepotes

136 5178 242 5218 eorum
267 5157 553 5215 commendaverunt
576 5157 614 5213 ad
637 5157 812 5214 discendum
836 5170 867 5214 et
889 5157 927 5213 ad
951 5156 1133 5214 tondendum
1155 5157 1192 5213 ad
1209 5155 1394 5216 Salczburch
1411 5160 1635 5227 monasterium,
1660 5178 1768 5215 nomen
1784 5163 1871 5217 unius

137 5273 297 5330 Uurmhuri
334 5284 364 5328 et
398 5272 521 5327 alterius
557 5288 666 5327 nomen
702 5271 865 5327 Cissismo“
906 5267 956 5349 (cl.
987 5271 1101 5326 Breves
1137 5267 1273 5348 notitiae)
1311 5273 1437 5346 primum
1473 5273 1702 5328 commemorari
1738 5270 1871 5326 scholam

135 5383 413 5459 Salisburgeusem.

1631 5485 1667 5546 g*
