4178 6196
946 426 992 436 --
1051 386 1123 471 ²78
1180 426 1227 436 -

213 592 381 668 bedrfangte
397 594 463 650 Zeit
483 593 542 651 und
564 593 621 651 den
642 595 856 671 preussischen
876 597 971 670 Krieg
994 593 1046 651 be·

215 697 351 754 treffend.
369 698 453 763 Linz‚
471 700 594 755 Miinzer
610 694 650 777 (o.
666 699 705 778 J.)
721 700 786 757 Fol.

302 817 437 880 Nomen
467 818 533 880 sibi
565 820 786 900 comparavit
814 818 961 881 Maurus
989 837 1045 880 co·

214 941 372 1002 moedias
404 951 440 1003 et
472 940 668 1003 cantilenas
701 961 863 1004 sermone
894 941 1044 1004 rustico·

213 1062 359 1144 antiquo
377 1063 635 1126 conscribendo
653 1066 980 1146 componendoque,
998 1084 1044 1126 ex

214 1185 341 1267 quibus
356 1177 436 1267 ipso
455 1197 528 1249 tum
546 1186 580 1248 in
593 1186 685 1248 vivis
699 1187 795 1269 typis
808 1189 976 1250 mandata
990 1197 1044 1251 est

213 1309 414 1370 comoedia:

299 1435 337 1490 X.
359 1435 577 1510 Kurzweiliger
594 1437 865 1512 Hochzeitvertrag
881 1456 916 1492 zu
935 1436 1044 1493 Unter·

213 1540 335 1614 haltung
348 1540 401 1596 der
414 1541 492 1597 Frau
505 1541 600 1597 Maria
610 1540 750 1607 Antonia,
765 1541 970 1616 Erzherzogin
983 1560 1043 1597 von

212 1644 424 1712 Oestcrreich‚
452 1645 610 1721 Dauphine
634 1664 694 1703 von
719 1646 916 1703 Frankreich.
943 1643 1044 1720 Steyr‚

211 1747 378 1804 Menhardt.
401 1763 492 1822 1770.
515 1747 575 1806 16⁰.
598 1748 634 1806 16
652 1769 681 1826 p.

297 1852 350 1908 XI.
383 1853 440 1908 Die
469 1853 709 1930 Komddieprob.
742 1852 846 1930 Smyr,
874 1853 1043 1910 Menhardt.

216 1955 305 2031 1776.
325 1956 358 2013 8⁰
375 1959 444 2013 min.
462 1957 503 2029 36
521 1977 549 2034 p.

298 2075 425 2139 Omnia
447 2095 539 2158 quae
565 2076 599 2138 in
624 2076 867 2159 manuscripto
891 2078 1044 2159 quodam

208 2198 449 2261 bibliothecae
471 2199 725 2262 Lambacensis
750 2219 771 2261 a
796 2198 906 2262 fratre
928 2199 1044 2262 Mauri

209 2321 318 2383 Petro
331 2321 531 2402 Theophilo
544 2321 758 2405 Lindemayr
771 2322 968 2404 composito
984 2323 1044 2383 ha·

207 2445 337 2507 bentur
359 2445 475 2506 denuo
497 2444 594 2507 edita
610 2444 837 2507 inveniuntur
853 2445 888 2506 in
905 2444 1043 2506 libello:

294 2570 361 2627 Xll.
383 2570 507 2626 Maurus
524 2569 723 2644 Lindemayrs
745 2570 931 2626 sammtliche
948 2569 1041 2626 Dich-

209 2686 320 2748 tungen
330 2676 359 2729 in
369 2671 896 2731 obderennsischerVolksmundart.
907 2674 1041 2729 Heraus-

208 2777 347 2853 gegeben
364 2797 423 2834 von
440 2778 511 2834 Pius
528 2776 715 2834 Schmieder.
739 2779 821 2845 Lina,
845 2776 1041 2835 Ebenhoech.

212 2881 305 2956 1875.
324 2882 359 2940 8⁰
375 2885 443 2939 min.
461 2882 523 2955 418
542 2902 570 2959 p.

292 3029 1040 3123 LinderFintanus(San·Blasianus).

189 3159 322 3223 oNatus
341 3171 396 3222 est
414 3159 448 3221 in
461 3158 720 3241 Radolphszell
735 3157 770 3220 in
787 3177 917 3240 magno
934 3160 1040 3220 duca-

206 3292 245 3346 tu
262 3282 418 3345 Badensi
438 3282 495 3344 die
515 3303 542 3361 7.
560 3280 665 3344 Mart.
687 3285 781 3359 1725;
805 3300 831 3345 s
848 3280 972 3343 habitu
989 3280 1039 3342 in-

207 3407 313 3467 dutus
337 3405 373 3466 in
399 3404 481 3466 divo
502 3403 640 3477 Blasi0;
665 3402 881 3464 sollemniter
902 3400 1038 3484 profes-

207 3545 266 3589 sus
291 3526 348 3588 die
371 3530 399 3588 8.
421 3525 508 3587 Dec.
535 3546 630 3604 1744;
655 3525 854 3587 sacerdotio
879 3523 1037 3587 initiatus

207 3648 265 3712 die
282 3653 332 3711 23.
351 3648 437 3710 Maii
462 3652 552 3710 1850.
577 3630 674 3711 Inter'
696 3657 839 3730 togatos
855 3648 1036 3709 scholares

207 3791 232 3834 s.
250 3769 360 3832 Blasii
378 3789 399 3830 a
415 3769 547 3833 teneris
564 3771 748 3850 educatus,
770 3780 912 3849 praeter
932 3769 1036 3832 solita

206 3892 323 3963 studia
340 3892 568 3954 addiscendis
589 3891 720 3975 linguis
742 3891 973 3954 orientalibus
993 3911 1037 3954 ea

206 4015 378 4079 industria
406 4026 441 4077 et
467 4034 509 4077 eo
533 4014 700 4097 profectu
724 4034 762 4076 se
786 4013 973 4096 impendit,
997 4025 1035 4077 ut

205 4159 275 4201 non
296 4137 409 4199 solum
434 4136 627 4199 iunioribus
648 4155 675 4199 s.
693 4136 818 4218 Blasii,
843 4137 906 4198 sed
931 4145 966 4199 et
990 4155 1034 4197 ex

204 4262 282 4325 aliis
304 4259 485 4324 ordinibus
507 4259 712 4322 monasticis
736 4269 772 4321 et
797 4258 978 4321 coenobiis
999 4258 1034 4320 in

205 4393 419 4447 conventum
437 4381 733 4446 San-Blasianum
753 4380 835 4442 ideo
856 4380 1033 4461 susceptis

204 4503 380 4587 religiosis
409 4505 552 4566 easdem
582 4502 785 4583 tradiderit,
818 4502 878 4584 qui
906 4501 1033 4564 deinde

204 4629 270 4691 hoc
287 4628 486 4710 linguarum
502 4625 657 4687 studium
674 4633 854 4707 tamquam
870 4644 1033 4687 necessa-

203 4752 291 4814 rium
309 4749 571 4829 comparandae
587 4766 709 4810 sacrae
727 4747 934 4811 eruditionis
951 4749 1032 4810 sub·

203 4873 330 4935 sidium
355 4872 450 4953 alibi,
477 4871 511 4933 in
535 4869 688 4952 publicis
710 4869 816 4932 etiam
840 4871 1032 4933 academiis

202 5006 455 5077 propagarunt.
469 4994 509 5056 ln
522 5012 643 5056 eorum
653 5011 754 5054 usum
763 4991 1031 5073 grammaticam

201 5118 416 5181 Hebraicam
432 5117 529 5198 typis
545 5113 730 5195 commisit,
755 5133 776 5175 a
799 5114 957 5177 methodi
979 5113 1030 5176 fa·

202 5242 335 5305 cilitate
352 5251 388 5302 et
404 5239 584 5302 soliditate
600 5240 747 5301 multum
768 5237 958 5318 laudatam,
979 5238 1029 5299 in·

202 5384 270 5447 que
294 5365 395 5426 brevi
421 5363 536 5425 lexico
561 5361 815 5444 grammaticae
840 5360 962 5423 addito
986 5397 1029 5405 —

1128 590 1223 670 quod
1239 600 1323 653 tunc
1339 591 1510 673 temporis
1526 610 1605 653 raro
1620 590 1741 674 fiebat,
1759 592 1867 655 etiarn
1883 593 1961 656 dia·

1125 711 1236 773 lectos
1247 712 1449 793 Arabicam,
1460 711 1644 795 Syriacam
1658 725 1694 776 et
1703 714 1958 797 Aethiopicam

1126 834 1356 914 comparavit.
1391 834 1591 897 Iunioribus
1619 835 1756 899 clericis
1788 856 1815 899 s,
1843 837 1955 901 Blasii

1125 956 1381 1038 philosophiam
1398 957 1545 1020 tradidit
1561 958 1626 1040 bis,
1648 968 1684 1022 et
1699 969 1838 1041 partem
1853 961 1956 1023 theo-

1123 1077 1241 1160 logiae
1254 1079 1419 1141 methodo
1428 1080 1533 1141 valde
1546 1079 1736 1144 succincta.
1750 1081 1955 1145 Adiunctus

1124 1200 1253 1262 deinde
1270 1200 1304 1263 in
1322 1201 1449 1282 Berau,
1474 1212 1510 1264 et
1532 1203 1722 1285 parochiae
1743 1204 1898 1267 vicarius
1919 1205 1957 1267 in

1125 1322 1267 1385 Bernau
1292 1334 1327 1385 et
1352 1321 1637 1405 Grafenhausen,
1662 1325 1850 1407 posteriori
1873 1326 1955 1390 loco

1125 1445 1227 1507 annis
1239 1446 1402 1508 undecim
1415 1448 1592 1519 consedit;
1609 1450 1713 1511 modo
1725 1447 1959 1513 honorificum

1125 1565 1280 1629 officium
1307 1568 1502 1651 praepositi
1531 1569 1566 1631 in
1590 1570 1747 1652 Biirglen
1774 1572 1953 1635 sustinuit.

1124 1689 1189 1770 Ibi,
1206 1709 1291 1752 cura
1307 1691 1358 1752 rei
1375 1692 1591 1755 domesticae
1609 1693 1782 1756 saeculari
1803 1694 1957 1778 cuidam,

1125 1812 1185 1894 qui
1214 1811 1281 1895 ipsi
1306 1814 1399 1876 hunc
1424 1814 1460 1876 in
1482 1813 1587 1877 finem
1612 1816 1800 1879 adiunctus
1826 1816 1957 1899 fuerat,

1125 1935 1347 2015 potissimum
1371 1936 1503 2017 relicta,
1530 1938 1671 2000 lexicon
1695 1959 1862 2021 magnum
1882 1939 1959 2003 He-

1124 2058 1651 2141 braeo·rabbino·talmudicum,
1669 2063 1763 2141 quod
1775 2054 1957 2144 gramma·

1125 2180 1216 2242 ticae
1233 2192 1435 2244 secuturum
1448 2183 1716 2264 adpromiserat,
1734 2183 1957 2247 iamdudum

1124 2301 1336 2384 inchoatum,
1353 2304 1399 2365 ad
1411 2302 1516 2365 finem
1529 2305 1706 2367 deducere
1718 2306 1956 2388 adlaboravit,

1125 2425 1170 2486 ad
1186 2425 1282 2488 vitae
1297 2425 1404 2489 finem
1421 2427 1498 2507 ipse
1515 2426 1618 2489 citius
1635 2447 1843 2510 properans.
1867 2429 1957 2511 Ipsa

1124 2549 1223 2610 obesi
1241 2551 1400 2630 corporis
1416 2552 1527 2613 moles
1543 2551 1655 2613 morbi
1678 2571 1787 2614 causa
1807 2563 1869 2616 aut
1890 2553 1958 2615 ini-

1124 2669 1210 2733 tium
1227 2669 1304 2752 fuit,
1322 2671 1377 2735 cui
1394 2671 1576 2754 inopinato
1594 2674 1780 2737 succubuit
1800 2693 1958 2757 sexage-

1123 2792 1241 2854 narius
1269 2793 1325 2855 die
1354 2814 1400 2856 10.
1427 2793 1513 2856 Maii
1541 2798 1639 2873 1785:
1668 2815 1759 2877 opus
1785 2806 1956 2879 coeptum

1122 2916 1289 2979 manebat
1304 2915 1562 2997 imperfectum.

1208 3055 1312 3118 Prelo
1330 3057 1519 3121 commisit:

1208 3201 1230 3257 1.
1248 3199 1335 3276 Opus
1352 3203 1577 3275 grammaticum
1594 3200 1746 3257 Ebraeum
1767 3200 1804 3258 ad
1821 3201 1951 3259 solidam

1119 3322 1225 3362 sacrae
1246 3305 1365 3380 linguae
1388 3305 1611 3379 intelligentiam
1634 3303 1776 3361 methodo
1796 3304 1951 3379 analytica

1119 3410 1241 3467 ducens.
1261 3410 1374 3478 Ulmae,
1396 3424 1431 3483 17
1438 3424 1488 3483 55.

1205 3514 1241 3572 11.
1253 3514 1389 3571 Lexicon
1401 3512 1946 3572 Latino-abraicum-rabbinico·thal·

1118 3617 1276 3675 mudicum.
1300 3619 1486 3693 Manuscript
1509 3615 1548 3696 (in
1573 3618 1696 3675 archivo
1718 3617 1946 3675 San-Paulano

1117 3723 1172 3777 N0.
1191 3719 1253 3801 96).

1203 3827 1255 3884 111.
1284 3826 1484 3884 Sonnenlelsii
1509 3828 1603 3903 Lapis
1632 3826 1728 3903 lydius
1756 3847 1821 3884 cum
1850 3846 1943 3904 opere

1115 3934 1311 4006 grammatico
1337 3930 1457 3988 Ebraeo
1482 3932 1513 3987 P.
1535 3930 1652 3988 Fintani
1673 3931 1786 3988 Linder
1809 3931 1941 3999 collisus,

1115 4055 1150 4093 ac
1168 4039 1364 4093 comminutus
1377 4038 1405 4091 in
1419 4033 1662 4092 Philebraeorum
1675 4039 1803 4110 gratiam
1818 4050 1943 4093 curante

1114 4140 1247 4199 eiusdem
1271 4143 1374 4217 operis
1396 4154 1530 4207 auctore,
1556 4140 1729 4197 academiae
1751 4143 1944 4197 scientiarum

1115 4244 1328 4302 Roboretanae
1337 4243 1481 4302 membro,
1491 4244 1605 4311 Ulmae,
1617 4243 1838 4320 typisWohler.
1851 4243 1940 4319 1758.

1119 4365 1172 4406 121
1194 4369 1223 4426 p.
1241 4349 1284 4407 8⁰.

1199 4497 1465 4594 Lintzmeyer
1497 4508 1715 4589 Rupertus
1748 4508 1943 4589 (Emauti

1113 4647 1190 4689 nus
1206 4626 1603 4708 Montserratensis),
1617 4627 1942 4692 BohemusPresti-

1113 4748 1239 4829 censis,
1264 4758 1369 4810 natus
1392 4767 1485 4810 anno
1510 4769 1600 4830 1714,
1626 4751 1829 4830 baptizatus
1853 4771 1875 4814 a
1900 4751 1940 4813 P.

1112 4871 1295 4932 Antonino
1309 4869 1451 4951 Otecky
1468 4873 1541 4933 ord.
1555 4891 1583 4935 s.
1596 4871 1783 4933 Benedicti
1794 4870 1942 4936 Cladru·

1111 4992 1160 5054 bii
1176 4990 1338 5074 professo
1355 5002 1391 5054 et
1402 4991 1638 5056 Plesticensis
1649 4994 1864 5058 residentiae
1878 4996 1938 5057 ad·

1110 5113 1359 5194 ministratore,
1384 5113 1567 5195 professus
1591 5134 1683 5178 anno
1708 5117 1941 5199 1737,primi·

1109 5222 1178 5298 tias
1194 5237 1388 5300 celebravit
1404 5237 1439 5299 in
1456 5238 1571 5317 patria
1587 5258 1651 5300 sua
1664 5237 1828 5302 Presticii
1845 5259 1937 5303 anno

1113 5379 1194 5438 1740
1210 5359 1399 5421 comitante
1416 5359 1532 5440 ipsum
1544 5359 1764 5443 Hieronymo
1777 5361 1938 5427 Cechner
