4178 6196
935 443 1216 509 -126-

204 652 277 707 tam
292 642 422 707 festive
438 654 636 726 acceptum,
652 664 694 706 ac
711 642 973 726 taphographia
989 646 1034 705 ab

204 776 359 848 augusta
374 767 422 831 M.
436 767 615 848 Theresia,
633 786 712 829 cum
730 767 922 848 imperator
934 766 1035 829 ¹litte·

204 908 263 952 ras
282 890 378 952 haud
398 888 520 971 magni
540 889 754 971 aestimaret,
779 908 960 971 saepeque
984 887 1035 950 di-

205 1007 285 1074 cere
310 1011 466 1074 auditus:
494 1009 542 1075 Se
565 1011 822 1093 Lotharingum
845 1030 938 1091 esse,
965 1029 1035 1074 non

203 1133 504 1216 Habsburgicum.
529 1135 626 1197 Inter
638 1135 707 1197 alia
720 1154 839 1215 opera,
857 1154 949 1216 quae
966 1134 1035 1196 iam

203 1257 318 1318 abbas
329 1255 560 1337 elucubravit,
574 1265 636 1319 aut
645 1255 838 1338 perfectius
852 1257 1035 1320 elaborata

203 1377 239 1440 in
256 1379 437 1460 publicum
454 1378 579 1460 emisit,
598 1379 717 1461 magni
734 1380 780 1441 ab
796 1378 944 1441 eruditis
961 1379 1035 1441 exi-

204 1498 368 1563 stimatur
380 1501 495 1564 Vetus
514 1501 676 1584 Liturgia
688 1501 930 1583 Alemannica,
948 1521 1034 1564 suae

204 1621 394 1704 sanctitati,
416 1622 574 1705 pontifici
589 1623 655 1685 Pio
667 1622 729 1685 VI.
746 1610 921 1704 dedicata,
943 1643 1034 1705 quae

203 1755 287 1826 post
310 1745 426 1808 editas
449 1745 589 1826 Italiae,
614 1743 752 1808 Galliae
778 1754 813 1808 et
836 1744 1033 1826 Hispaniae

202 1865 366 1949 liturgias
378 1869 453 1930 sola
466 1868 581 1931 adhuc
591 1869 871 1949 desiderabatur,
885 1877 921 1930 et
934 1867 1034 1929 cuius

204 1989 470 2052 concinnandae
500 1989 618 2071 gratia
648 1990 860 2071 praecipuas
887 1987 1034 2052 Germa-

203 2112 284 2175 niae
305 2111 475 2175 ecclesias
498 2113 721 2175 cathedrales
745 2122 782 2175 et
804 2111 1034 2174 monasterio-

203 2253 282 2296 rum
300 2233 535 2296 bibliothecas
555 2233 845 2314 perlustraverat.
868 2234 1033 2296 Alterum

204 2355 334 2418 deinde
365 2375 473 2436 opus,
511 2358 605 2437 quod
642 2355 839 2438 inscripsit:
873 2355 1033 2418 Historia

204 2475 328 2558 nigrae
355 2477 467 2540 silvae
496 2480 568 2541 ord.
593 2498 620 2540 s.
645 2478 833 2541 Benedicti
855 2476 1032 2559 Coloniae,

204 2618 275 2661 non
290 2600 395 2661 modo
410 2618 467 2661 res
484 2599 617 2661 ordinis
638 2621 664 2661 s.
681 2599 878 2682 Benedicti,
902 2619 964 2662 seu
984 2599 1033 2662 hi·

204 2712 349 2783 storiam
366 2720 519 2783 omnium
535 2721 719 2804 utriusque
736 2741 844 2785 sexus
856 2730 1034 2783 monaste-

203 2841 334 2905 riorum
347 2844 414 2904 sub
427 2844 553 2925 regula
566 2863 592 2905 s.
603 2843 791 2907 Benedicti
799 2843 1033 2924 militantium,

205 2983 297 3044 quae
313 2963 395 3026 olim
413 2965 447 3026 in
463 2965 535 3028 late
552 2964 681 3028 diffusa
700 2966 802 3048 nigra
818 2965 909 3029 silva
925 2965 1034 3028 exsti-

203 3093 332 3166 terunt,
349 3096 386 3148 et
400 3087 505 3149 hodie
523 3087 709 3170 exsistunt,
726 3087 935 3170 praesertim
952 3107 1034 3150 con-

203 3208 424 3291 gregationis
446 3207 726 3273 San-Blasianae
747 3231 768 3272 a
789 3210 931 3272 saeculo
954 3228 1034 3289 sep·

204 3328 289 3393 timo
302 3349 415 3412 usque
428 3332 474 3393 ad
483 3331 637 3394 medium
647 3331 774 3394 decimi
784 3332 914 3413 octavi,
925 3333 989 3394 sed
998 3340 1034 3394 et

202 3455 435 3518 hierarchiam
459 3458 738 3520 ecclesiasticam
762 3457 1034 3540 episcopatuum
1072 3416 1075 3547 i

204 3575 496 3661 Constantiensis,
509 3580 836 3662 Argentoratensis,
854 3579 1033 3662 Spirensis

204 3707 240 3760 et
271 3699 487 3763 Basileensis
520 3703 702 3785 describit,
734 3703 858 3766 addita
888 3703 1034 3784 insuper

203 3820 388 3882 illustrium
406 3821 441 3884 in
457 3822 547 3885 silva
562 3823 665 3905 nigra
684 3824 905 3906 familiarum,
927 3835 1033 3888 antea
1070 3826 1073 3863 ³

204 3941 382 4004 oblivione
407 3946 611 4007 obrutarum
630 3945 786 4011 historia.
810 3946 885 4010 Nec
907 3946 1032 4009 minori

201 4063 300 4125 laudi
316 4066 468 4127 cedebat
489 4066 613 4129 abbati
633 4087 724 4149 opus
748 4068 938 4152 diligenter
963 4071 1033 4131 ela-

203 4185 367 4247 boratum
384 4190 428 4249 de
445 4197 551 4251 cantu
567 4198 604 4252 et
619 4191 752 4253 musica
765 4211 867 4254 sacra
882 4212 904 4253 a
919 4192 1033 4272 prima

204 4307 377 4370 ecclesiae
393 4318 512 4372 aetate
529 4331 642 4392 usque
658 4315 704 4374 ad
721 4332 892 4393 praesens
908 4333 1031 4377 saecu-

203 4429 285 4492 lum.
308 4430 503 4494 Brevitatis
520 4453 628 4495 causa
644 4434 747 4514 plura
768 4434 840 4497 alia
860 4455 969 4516 opera
985 4438 1031 4498 ab

203 4552 336 4614 abbate
349 4553 551 4635 conscripta
562 4553 732 4618 sileantur
739 4555 806 4636 hic,
820 4576 898 4619 cum
911 4577 1031 4621 eorum

204 4673 371 4737 elenchus
392 4675 488 4756 typis
514 4695 707 4757 expressus
728 4688 856 4741 exstet.
880 4679 1031 4743 Demum
1070 4698 1073 4721 ¹

203 4795 416 4859 venerabilis
429 4816 541 4860 senex
552 4801 828 4883 septuagenario
844 4803 956 4865 maior
971 4805 1032 4865 ad·

202 4919 271 4981 huc
284 4919 426 5001 scripsit
439 4922 483 4982 de
496 4920 637 4983 sublimi
649 4922 684 4984 in
697 4923 883 5006 evangelio
893 4923 1032 5007 Christi,

202 5045 238 5108 in
258 5046 411 5128 gratiam
432 5046 656 5131 confratrum,
678 5060 717 5113 ut
737 5070 799 5113 eos
815 5052 861 5113 ad
878 5048 1032 5114 studium

203 5186 231 5231 s.
248 5168 443 5250 scripturae
456 5170 639 5253 excitaret,
657 5173 751 5254 quod
764 5193 854 5255 opus
867 5174 943 5236 eius
955 5193 1033 5236 suc·

204 5310 325 5354 cessor
354 5292 468 5352 abbas
494 5293 681 5356 Mauritius
713 5294 809 5378 typis
839 5296 1031 5358 mandavit.

202 5413 304 5476 Haec
320 5413 462 5476 abbatis
478 5434 587 5496 opera
602 5415 714 5479 simile
731 5437 810 5480 cum
831 5417 910 5480 aliis
930 5437 1032 5498 prae·

1115 642 1218 705 claris
1228 642 1335 706 etiam
1345 641 1513 722 operibus
1525 641 1637 704 fatum
1651 651 1802 722 experta
1817 654 1909 724 sunt,
1926 664 1948 704 a

1114 783 1200 828 vere
1221 763 1336 827 doctis
1357 764 1504 826 multum
1526 765 1682 846 laudata,
1708 764 1799 826 male
1822 774 1947 828 notata

1115 908 1137 950 a
1152 886 1356 950 semidoctis
1370 895 1414 948 ·et
1434 886 1665 949 novatoribus
1686 887 1945 970 illiussaeculi,

1115 1011 1175 1092 qui
1191 1030 1230 1073 se
1246 1009 1460 1072 illuminatos
1476 1009 1654 1090 dicebant,
1676 1019 1712 1073 et
1731 1046 1774 1056 —
1794 1009 1863 1091 ipsi
1883 1011 1947 1073 du-

1115 1152 1175 1195 ces
1199 1132 1298 1196 coeci
1319 1169 1363 1178 -
1385 1132 1474 1194 alios
1500 1131 1708 1195 inluminare
1735 1133 1947 1213 praetende-

1113 1256 1215 1329 bant;
1232 1254 1365 1318 veritas
1381 1255 1514 1337 quippe
1531 1255 1650 1317 odium
1668 1256 1771 1336 parit.
1792 1255 1945 1318 Littera-

1112 1378 1202 1440 rium
1217 1378 1465 1441 commercium
1481 1377 1649 1459 frequens
1662 1378 1788 1441 habuit
1802 1399 1882 1441 cum
1895 1378 1946 1440 in·

1113 1499 1283 1563 lustribus
1300 1508 1336 1561 et
1353 1498 1500 1562 eruditis
1514 1498 1738 1582 Germaniae,
1752 1499 1892 1563 Galliae
1909 1510 1946 1562 et

1113 1621 1237 1684 Italiae
1254 1622 1349 1703 viris,
1363 1621 1455 1685 inter
1468 1643 1556 1704 quos
1567 1624 1688 1704 plures
1701 1632 1802 1686 erant
1812 1624 1871 1686 vel
1883 1644 1945 1686 no-

1113 1743 1251 1806 bilitate
1264 1743 1406 1825 generis
1417 1746 1476 1806 vel
1489 1744 1731 1808 ecclesiastica
1748 1754 1809 1808 aut
1821 1765 1945 1809 saecu·

1113 1865 1179 1926 lari
1191 1864 1366 1947 dignitate
1380 1865 1547 1949 insigneS,
1558 1867 1747 1930 acatholici
1758 1867 1865 1930 etiam
1874 1888 1946 1930 non

1114 1986 1229 2068 pauci.
1252 1987 1387 2049 Harum
1405 1987 1636 2069 epistularum
1649 1989 1830 2069 complura
1845 1990 1946 2052 volu-

1113 2109 1207 2171 mina
1219 2109 1255 2171 in
1264 2110 1422 2173 ordinem
1435 2113 1582 2173 redacta
1594 2121 1748 2192 exstant,
1759 2132 1851 2193 quae
1864 2132 1945 2174 cum

1113 2231 1272 2311 plurimis
1285 2231 1363 2294 aliis
1372 2243 1583 2314 perpetuum
1595 2233 1790 2296 doctissimi
1802 2234 1946 2296 abbatis

1113 2364 1378 2416 monumentum
1395 2364 1507 2417 erunt.
1532 2354 1608 2417 Etsi
1624 2375 1710 2417 vero
1726 2355 1867 2417 humilis
1883 2357 1946 2418 ab·

1113 2478 1179 2537 bas
1196 2476 1256 2538 diu
1277 2485 1455 2558 noctuque
1477 2476 1604 2540 studiis
1619 2477 1782 2539 vacando
1802 2477 1945 2540 minime

1113 2598 1264 2661 nominis
1276 2598 1407 2662 famam
1420 2609 1481 2662 aut
1492 2600 1671 2663 hominum
1682 2601 1823 2662 laudem
1836 2620 1946 2681 quae-

1113 2720 1206 2800 sivit,
1230 2722 1294 2783 sed
1318 2722 1431 2784 solum
1454 2742 1519 2803 pro
1541 2721 1781 2784 confirmanda
1803 2722 1946 2803 religio-

1113 2863 1168 2924 ne,
1186 2843 1412 2906 dilucidanda
1428 2843 1580 2907 veritate
1596 2844 1764 2907 historica
1785 2853 1821 2906 et
1837 2844 1945 2906 saluti

1113 2965 1293 3027 hominum
1313 2965 1465 3047 scripsit,
1486 2985 1654 3048 magnum
1674 2978 1794 3029 tamen
1814 2986 1944 3029 nomen

1113 3088 1195 3150 inde
1220 3087 1288 3149 sibi
1315 3088 1550 3171 comparavit,
1579 3098 1616 3151 et
1643 3089 1943 3152 existimationem

1113 3212 1208 3273 haud
1223 3211 1409 3292 vulgarem
1426 3211 1521 3292 apud
1537 3213 1639 3274 aulae
1656 3231 1847 3274 caesareae
1862 3231 1944 3292 pro-

1114 3353 1213 3397 ceres
1234 3333 1453 3415 praesertim,
1478 3333 1546 3414 qui,
1572 3334 1735 3414 quamvis
1757 3354 1828 3396 non
1849 3335 1944 3397 litte-

1113 3457 1191 3537 rati,
1207 3457 1404 3543 litterarum
1420 3466 1539 3518 tamen
1555 3457 1708 3518 cultores
1725 3476 1804 3518 esse
1818 3466 1880 3520 aut
1892 3457 1944 3519 vi-

1114 3579 1189 3642 deri
1204 3580 1384 3642 volebant.
1404 3577 1522 3658 Quare
1539 3577 1608 3659 ipsi
1620 3578 1735 3640 facilis
1752 3589 1788 3640 et
1804 3588 1881 3641 erat
1897 3581 1944 3641 ad

1112 3698 1191 3761 illos
1214 3717 1396 3771 accessus;
1420 3707 1456 3760 et
1480 3700 1625 3782 negotia
1652 3720 1717 3762 sua
1739 3700 1879 3763 facilius
1907 3713 1944 3764 et

1112 3821 1215 3884 citius
1232 3820 1403 3901 expedire
1420 3830 1571 3902 poterat.
1592 3821 1650 3884 Nil
1666 3823 1781 3905 magis
1796 3823 1832 3885 in
1848 3825 1943 3887 votis

1111 3945 1235 4007 habuit
1262 3943 1416 4025 optimus
1440 3953 1556 4026 pater,
1582 3964 1687 4025 quam
1710 3953 1749 4007 ut
1772 3948 1883 4008 verbo
1907 3956 1944 4009 et

1112 4068 1277 4150 exemplo
1292 4066 1384 4130 filios
1400 4067 1470 4129 sibi
1485 4067 1616 4129 similes
1638 4069 1815 4149 redderet,
1838 4068 1944 4130 disci-

1111 4191 1230 4272 plinae
1264 4191 1456 4273 regularis,
1488 4190 1684 4253 studiorum
1715 4201 1752 4253 et
1781 4192 1943 4253 laborum

1112 4323 1286 4386 amantes;
1304 4333 1409 4394 quem
1423 4313 1458 4374 in
1469 4311 1575 4374 finem
1588 4312 1748 4374 subsidia
1759 4312 1942 4393 litteraria,

1111 4456 1202 4517 quae
1215 4435 1378 4498 incendio
1390 4435 1580 4517 perierant,
1591 4434 1771 4516 resarcire,
1786 4435 1891 4497 immo
1906 4445 1943 4497 et

1111 4578 1244 4641 augere
1267 4558 1413 4621 studuit.
1438 4557 1698 4621 Bibliothecam
1719 4557 1781 4619 vix
1803 4567 1943 4620 exstru-

1112 4691 1205 4744 ctam
1218 4701 1324 4763 quam
1338 4680 1498 4762 plurimis
1511 4690 1547 4742 et
1560 4679 1713 4742 melioris
1726 4690 1832 4741 notae
1842 4679 1944 4742 libris

1112 4803 1681 4885 undiqueconquisitis,archivum
1692 4801 1944 4883 manuscriptis

1112 4927 1252 4989 ornavit
1268 4925 1443 5007 pretiosiS,
1465 4925 1813 5006 nummophylacium
1833 4923 1942 4986 rario-

1112 5070 1188 5113 rum
1204 5049 1489 5112 nummismatum
1501 5048 1770 5111 adcessionibus
1785 5047 1943 5127 locuple-

1112 5171 1212 5252 tavit,
1229 5171 1461 5234 instrumenta
1477 5170 1728 5233 mathematica
1744 5179 1779 5231 et
1792 5167 1943 5251 physica

1112 5304 1149 5358 et
1168 5313 1333 5375 magnam
1356 5294 1579 5355 cochlearum
1604 5304 1639 5355 et
1662 5291 1834 5354 fossilium
1860 5311 1942 5354 con-

1112 5418 1225 5501 gessit
1235 5417 1384 5498 copiam‚
1396 5427 1432 5480 et
1442 5417 1717 5499 typographiam
1728 5415 1944 5498 comparatis
