<?xml version="1.0" encoding="UTF-8"?>
<!DOCTYPE html PUBLIC "-//W3C//DTD XHTML 1.0 Transitional//EN"
    "http://www.w3.org/TR/xhtml1/DTD/xhtml1-transitional.dtd">
<html xmlns="http://www.w3.org/1999/xhtml" xml:lang="en" lang="en">
 <head>
  <title>
</title>
<meta http-equiv="Content-Type" content="text/html;charset=utf-8" />
  <meta name='ocr-system' content='tesseract 3.04.00' />
  <meta name='ocr-capabilities' content='ocr_page ocr_carea ocr_par ocr_line ocrx_word'/>
</head>
<body>
  <div class='ocr_page' id='page_1' title='image "./scriptoresordin00austgoog_0509.png"; bbox 0 0 4178 6196; ppageno 0'>
   <div class='ocr_carea' id='block_1_1' title="bbox 901 403 1182 490">
    <p class='ocr_par' dir='ltr' id='par_1_1' title="bbox 901 403 1182 490">
     <span class='ocr_line' id='line_1_1' title="bbox 901 403 1182 490; baseline 0 -38"><span class='ocrx_word' id='word_1_1' title='bbox 901 403 1182 490; x_wconf 61' lang='lat'><strong>„380-</strong></span> 
     </span>
    </p>
   </div>
   <div class='ocr_carea' id='block_1_2' title="bbox 172 606 1006 3393">
    <p class='ocr_par' dir='ltr' id='par_1_2' title="bbox 172 606 1006 3393">
     <span class='ocr_line' id='line_1_2' title="bbox 172 606 1005 688; baseline -0.001 -18"><span class='ocrx_word' id='word_1_2' title='bbox 172 606 208 670; x_wconf 91' lang='lat' dir='ltr'>in</span> <span class='ocrx_word' id='word_1_3' title='bbox 225 606 318 670; x_wconf 88' lang='lat' dir='ltr'>univ.</span> <span class='ocrx_word' id='word_1_4' title='bbox 335 606 542 686; x_wconf 81' lang='lat' dir='ltr'>Viennensi,</span> <span class='ocrx_word' id='word_1_5' title='bbox 568 606 695 688; x_wconf 90' lang='lat' dir='ltr'>quibus</span> <span class='ocrx_word' id='word_1_6' title='bbox 715 606 847 687; x_wconf 90' lang='lat' dir='ltr'>optime</span> <span class='ocrx_word' id='word_1_7' title='bbox 864 608 1005 669; x_wconf 92' lang='lat' dir='ltr'>absolu·</span> 
     </span>
     <span class='ocr_line' id='line_1_3' title="bbox 174 727 1004 812; baseline -0.002 -18"><span class='ocrx_word' id='word_1_8' title='bbox 174 731 229 812; x_wconf 87' lang='lat' dir='ltr'>tis,</span> <span class='ocrx_word' id='word_1_9' title='bbox 257 730 291 793; x_wconf 93' lang='lat' dir='ltr'>in</span> <span class='ocrx_word' id='word_1_10' title='bbox 316 731 474 793; x_wconf 87' lang='lat' dir='ltr'>ordinem</span> <span class='ocrx_word' id='word_1_11' title='bbox 499 749 525 791; x_wconf 91' lang='lat' dir='ltr'>s.</span> <span class='ocrx_word' id='word_1_12' title='bbox 543 728 583 792; x_wconf 90' lang='lat' dir='ltr'>P.</span> <span class='ocrx_word' id='word_1_13' title='bbox 600 729 787 792; x_wconf 84' lang='lat' dir='ltr'>Benedicti</span> <span class='ocrx_word' id='word_1_14' title='bbox 810 731 857 792; x_wconf 91' lang='lat' dir='ltr'>ad</span> <span class='ocrx_word' id='word_1_15' title='bbox 875 727 1004 792; x_wconf 89' lang='lat' dir='ltr'>Scotos</span> 
     </span>
     <span class='ocr_line' id='line_1_4' title="bbox 172 850 1003 930; baseline -0.004 -13"><span class='ocrx_word' id='word_1_16' title='bbox 172 854 306 917; x_wconf 88' lang='lat' dir='ltr'>ascitus</span> <span class='ocrx_word' id='word_1_17' title='bbox 322 852 446 914; x_wconf 91' lang='lat' dir='ltr'>habitu</span> <span class='ocrx_word' id='word_1_18' title='bbox 458 853 602 914; x_wconf 89' lang='lat' dir='ltr'>indutus</span> <span class='ocrx_word' id='word_1_19' title='bbox 616 861 671 914; x_wconf 91' lang='lat' dir='ltr'>est</span> <span class='ocrx_word' id='word_1_20' title='bbox 683 852 739 914; x_wconf 90' lang='lat' dir='ltr'>die</span> <span class='ocrx_word' id='word_1_21' title='bbox 755 855 804 914; x_wconf 94' lang='grc'>25.</span> <span class='ocrx_word' id='word_1_22' title='bbox 815 850 894 916; x_wconf 83' lang='grc'>001.</span> <span class='ocrx_word' id='word_1_23' title='bbox 912 856 1003 930; x_wconf 85' lang='lat'>1807.</span> 
     </span>
     <span class='ocr_line' id='line_1_5' title="bbox 173 973 1003 1056; baseline -0.006 -17"><span class='ocrx_word' id='word_1_24' title='bbox 173 975 341 1039; x_wconf 84' lang='lat' dir='ltr'>Triennio</span> <span class='ocrx_word' id='word_1_25' title='bbox 357 984 440 1056; x_wconf 92' lang='lat' dir='ltr'>post</span> <span class='ocrx_word' id='word_1_26' title='bbox 457 974 514 1036; x_wconf 92' lang='lat' dir='ltr'>die</span> <span class='ocrx_word' id='word_1_27' title='bbox 534 995 560 1035; x_wconf 92' lang='lat'>2.</span> <span class='ocrx_word' id='word_1_28' title='bbox 578 973 664 1035; x_wconf 90' lang='lat' dir='ltr'>Dec.</span> <span class='ocrx_word' id='word_1_29' title='bbox 686 978 768 1035; x_wconf 90' lang='lat'><em>1810</em></span> <span class='ocrx_word' id='word_1_30' title='bbox 785 973 945 1035; x_wconf 86' lang='lat' dir='ltr'>sollemni</span> <span class='ocrx_word' id='word_1_31' title='bbox 962 993 1003 1035; x_wconf 89' lang='lat' dir='ltr'>ac</span> 
     </span>
     <span class='ocr_line' id='line_1_6' title="bbox 173 1096 1004 1181; baseline -0.005 -19"><span class='ocrx_word' id='word_1_32' title='bbox 173 1108 349 1181; x_wconf 89' lang='lat' dir='ltr'>perpetua</span> <span class='ocrx_word' id='word_1_33' title='bbox 372 1107 534 1160; x_wconf 87' lang='lat' dir='ltr'>votorum</span> <span class='ocrx_word' id='word_1_34' title='bbox 561 1096 753 1177; x_wconf 88' lang='lat' dir='ltr'>sponsione</span> <span class='ocrx_word' id='word_1_35' title='bbox 776 1096 856 1158; x_wconf 89' lang='lat' dir='ltr'>Deo</span> <span class='ocrx_word' id='word_1_36' title='bbox 880 1115 919 1158; x_wconf 90' lang='lat' dir='ltr'>se</span> <span class='ocrx_word' id='word_1_37' title='bbox 943 1098 1004 1159; x_wconf 95' lang='lat' dir='ltr'>ob-</span> 
     </span>
     <span class='ocr_line' id='line_1_7' title="bbox 173 1218 1004 1301; baseline -0.005 -15"><span class='ocrx_word' id='word_1_38' title='bbox 173 1223 317 1286; x_wconf 84' lang='lat' dir='ltr'>strinxit</span> <span class='ocrx_word' id='word_1_39' title='bbox 345 1221 583 1301; x_wconf 86' lang='lat' dir='ltr'>sacerdosque</span> <span class='ocrx_word' id='word_1_40' title='bbox 610 1218 726 1281; x_wconf 89' lang='lat' dir='ltr'>factus</span> <span class='ocrx_word' id='word_1_41' title='bbox 753 1219 810 1280; x_wconf 91' lang='lat' dir='ltr'>die</span> <span class='ocrx_word' id='word_1_42' title='bbox 840 1240 890 1298; x_wconf 75' lang='lat'>29·</span> <span class='ocrx_word' id='word_1_43' title='bbox 914 1218 1004 1282; x_wconf 77' lang='lat' dir='ltr'>Nor.</span> 
     </span>
     <span class='ocr_line' id='line_1_8' title="bbox 178 1341 1004 1427; baseline -0.007 -17"><span class='ocrx_word' id='word_1_44' title='bbox 178 1352 269 1427; x_wconf 85' lang='lat'>1812,</span> <span class='ocrx_word' id='word_1_45' title='bbox 294 1345 350 1408; x_wconf 97' lang='lat' dir='ltr'>die</span> <span class='ocrx_word' id='word_1_46' title='bbox 375 1344 467 1406; x_wconf 90' lang='lat' dir='ltr'>festo</span> <span class='ocrx_word' id='word_1_47' title='bbox 491 1343 628 1406; x_wconf 89' lang='lat' dir='ltr'>immac.</span> <span class='ocrx_word' id='word_1_48' title='bbox 653 1352 814 1423; x_wconf 87' lang='lat' dir='ltr'>concept.</span> <span class='ocrx_word' id='word_1_49' title='bbox 837 1342 878 1405; x_wconf 92' lang='lat' dir='ltr'>B.</span> <span class='ocrx_word' id='word_1_50' title='bbox 894 1341 942 1404; x_wconf 93' lang='lat' dir='ltr'>M.</span> <span class='ocrx_word' id='word_1_51' title='bbox 960 1341 1004 1404; x_wconf 88' lang='lat' dir='ltr'>V.</span> 
     </span>
     <span class='ocr_line' id='line_1_9' title="bbox 176 1463 1003 1548; baseline -0.008 -16"><span class='ocrx_word' id='word_1_52' title='bbox 176 1469 335 1532; x_wconf 88' lang='lat' dir='ltr'>eiusdem</span> <span class='ocrx_word' id='word_1_53' title='bbox 362 1467 443 1530; x_wconf 91' lang='lat' dir='ltr'>anni</span> <span class='ocrx_word' id='word_1_54' title='bbox 471 1467 584 1548; x_wconf 88' lang='lat' dir='ltr'>prima</span> <span class='ocrx_word' id='word_1_55' title='bbox 608 1485 709 1527; x_wconf 91' lang='lat' dir='ltr'>sacra</span> <span class='ocrx_word' id='word_1_56' title='bbox 733 1463 1003 1527; x_wconf 88' lang='lat' dir='ltr'>administravit.</span> 
     </span>
     <span class='ocr_line' id='line_1_10' title="bbox 174 1585 1004 1667; baseline -0.01 -12"><span class='ocrx_word' id='word_1_57' title='bbox 174 1589 304 1655; x_wconf 83' lang='lat' dir='ltr'>Statim</span> <span class='ocrx_word' id='word_1_58' title='bbox 329 1590 410 1652; x_wconf 90' lang='lat' dir='ltr'>dein</span> <span class='ocrx_word' id='word_1_59' title='bbox 433 1589 561 1650; x_wconf 92' lang='lat' dir='ltr'>missus</span> <span class='ocrx_word' id='word_1_60' title='bbox 578 1598 633 1650; x_wconf 91' lang='lat' dir='ltr'>est</span> <span class='ocrx_word' id='word_1_61' title='bbox 650 1588 685 1649; x_wconf 91' lang='lat' dir='ltr'>in</span> <span class='ocrx_word' id='word_1_62' title='bbox 702 1587 919 1667; x_wconf 86' lang='lat' dir='ltr'>suburbium,</span> <span class='ocrx_word' id='word_1_63' title='bbox 944 1585 1004 1667; x_wconf 93' lang='lat' dir='ltr'>qui</span> 
     </span>
     <span class='ocr_line' id='line_1_11' title="bbox 175 1709 1005 1794; baseline -0.01 -18"><span class='ocrx_word' id='word_1_64' title='bbox 175 1714 304 1777; x_wconf 88' lang='lat' dir='ltr'>dicitur</span> <span class='ocrx_word' id='word_1_65' title='bbox 316 1731 462 1794; x_wconf 89' lang='lat' dir='ltr'>campus</span> <span class='ocrx_word' id='word_1_66' title='bbox 476 1709 673 1791; x_wconf 84' lang='lat' dir='ltr'>Scotorum,</span> <span class='ocrx_word' id='word_1_67' title='bbox 687 1709 808 1791; x_wconf 87' lang='lat' dir='ltr'>ibique</span> <span class='ocrx_word' id='word_1_68' title='bbox 820 1709 953 1790; x_wconf 91' lang='lat' dir='ltr'>primos</span> <span class='ocrx_word' id='word_1_69' title='bbox 969 1709 1005 1769; x_wconf 91' lang='lat' dir='ltr'>in</span> 
     </span>
     <span class='ocr_line' id='line_1_12' title="bbox 173 1829 1005 1899; baseline -0.01 0"><span class='ocrx_word' id='word_1_70' title='bbox 173 1837 279 1899; x_wconf 86' lang='lat' dir='ltr'>vinea</span> <span class='ocrx_word' id='word_1_71' title='bbox 292 1835 423 1897; x_wconf 91' lang='lat' dir='ltr'>domini</span> <span class='ocrx_word' id='word_1_72' title='bbox 441 1834 550 1895; x_wconf 91' lang='lat' dir='ltr'>subiit</span> <span class='ocrx_word' id='word_1_73' title='bbox 561 1834 712 1894; x_wconf 91' lang='lat' dir='ltr'>labores.</span> <span class='ocrx_word' id='word_1_74' title='bbox 737 1833 844 1893; x_wconf 89' lang='lat' dir='ltr'>Anno</span> <span class='ocrx_word' id='word_1_75' title='bbox 856 1849 941 1892; x_wconf 92' lang='lat' dir='ltr'>vero</span> <span class='ocrx_word' id='word_1_76' title='bbox 954 1829 1005 1892; x_wconf 91' lang='lat' dir='ltr'>in·</span> 
     </span>
     <span class='ocr_line' id='line_1_13' title="bbox 174 1953 1004 2040; baseline -0.011 -19"><span class='ocrx_word' id='word_1_77' title='bbox 174 1967 347 2040; x_wconf 88' lang='lat' dir='ltr'>sequente</span> <span class='ocrx_word' id='word_1_78' title='bbox 360 1957 396 2018; x_wconf 93' lang='lat' dir='ltr'>in</span> <span class='ocrx_word' id='word_1_79' title='bbox 408 1955 659 2019; x_wconf 88' lang='lat' dir='ltr'>monasterium</span> <span class='ocrx_word' id='word_1_80' title='bbox 671 1964 870 2033; x_wconf 87' lang='lat' dir='ltr'>revocatus,</span> <span class='ocrx_word' id='word_1_81' title='bbox 887 1962 927 2014; x_wconf 89' lang='lat' dir='ltr'>ut</span> <span class='ocrx_word' id='word_1_82' title='bbox 941 1953 1004 2013; x_wconf 91' lang='lat' dir='ltr'>hu·</span> 
     </span>
     <span class='ocr_line' id='line_1_14' title="bbox 174 2075 1004 2162; baseline -0.01 -19"><span class='ocrx_word' id='word_1_83' title='bbox 174 2100 297 2143; x_wconf 89' lang='lat' dir='ltr'>manas</span> <span class='ocrx_word' id='word_1_84' title='bbox 314 2081 348 2142; x_wconf 91' lang='lat' dir='ltr'>in</span> <span class='ocrx_word' id='word_1_85' title='bbox 365 2078 552 2162; x_wconf 91' lang='lat' dir='ltr'>gymnasio</span> <span class='ocrx_word' id='word_1_86' title='bbox 570 2078 616 2139; x_wconf 92' lang='lat' dir='ltr'>ad</span> <span class='ocrx_word' id='word_1_87' title='bbox 633 2075 758 2139; x_wconf 90' lang='lat' dir='ltr'>Scotos</span> <span class='ocrx_word' id='word_1_88' title='bbox 774 2077 932 2137; x_wconf 91' lang='lat' dir='ltr'>traderet</span> <span class='ocrx_word' id='word_1_89' title='bbox 948 2075 1004 2136; x_wconf 92' lang='lat' dir='ltr'>lit·</span> 
     </span>
     <span class='ocr_line' id='line_1_15' title="bbox 174 2196 1005 2284; baseline -0.008 -19"><span class='ocrx_word' id='word_1_90' title='bbox 174 2213 280 2267; x_wconf 88' lang='lat' dir='ltr'>teras.</span> <span class='ocrx_word' id='word_1_91' title='bbox 304 2202 411 2264; x_wconf 85' lang='lat' dir='ltr'>Anno</span> <span class='ocrx_word' id='word_1_92' title='bbox 424 2219 508 2284; x_wconf 83' lang='lat' dir='ltr'>vero</span> <span class='ocrx_word' id='word_1_93' title='bbox 526 2203 606 2277; x_wconf 85' lang='lat'>1824</span> <span class='ocrx_word' id='word_1_94' title='bbox 620 2217 745 2261; x_wconf 91' lang='lat' dir='ltr'>munus</span> <span class='ocrx_word' id='word_1_95' title='bbox 759 2196 955 2277; x_wconf 91' lang='lat' dir='ltr'>subprioris</span> <span class='ocrx_word' id='word_1_96' title='bbox 968 2205 1005 2258; x_wconf 91' lang='lat' dir='ltr'>et</span> 
     </span>
     <span class='ocr_line' id='line_1_16' title="bbox 175 2322 1005 2406; baseline -0.007 -20"><span class='ocrx_word' id='word_1_97' title='bbox 175 2323 335 2406; x_wconf 85' lang='lat' dir='ltr'>magistri</span> <span class='ocrx_word' id='word_1_98' title='bbox 353 2322 564 2384; x_wconf 88' lang='lat' dir='ltr'>novitiorum</span> <span class='ocrx_word' id='word_1_99' title='bbox 582 2322 612 2383; x_wconf 93' lang='lat' dir='ltr'>ei</span> <span class='ocrx_word' id='word_1_100' title='bbox 628 2322 880 2383; x_wconf 88' lang='lat' dir='ltr'>demandatum</span> <span class='ocrx_word' id='word_1_101' title='bbox 897 2327 952 2380; x_wconf 90' lang='lat' dir='ltr'>est</span> <span class='ocrx_word' id='word_1_102' title='bbox 968 2327 1005 2380; x_wconf 93' lang='lat' dir='ltr'>et</span> 
     </span>
     <span class='ocr_line' id='line_1_17' title="bbox 174 2441 1004 2526; baseline -0.008 -17"><span class='ocrx_word' id='word_1_103' title='bbox 174 2445 318 2509; x_wconf 88' lang='lat' dir='ltr'>biennio</span> <span class='ocrx_word' id='word_1_104' title='bbox 341 2455 424 2526; x_wconf 92' lang='lat' dir='ltr'>post</span> <span class='ocrx_word' id='word_1_105' title='bbox 440 2463 561 2506; x_wconf 92' lang='lat' dir='ltr'>mense</span> <span class='ocrx_word' id='word_1_106' title='bbox 577 2443 744 2525; x_wconf 88' lang='lat' dir='ltr'>Augusto</span> <span class='ocrx_word' id='word_1_107' title='bbox 769 2442 865 2524; x_wconf 89' lang='lat' dir='ltr'>prior</span> <span class='ocrx_word' id='word_1_108' title='bbox 887 2441 1004 2503; x_wconf 90' lang='lat' dir='ltr'>factus</span> 
     </span>
     <span class='ocr_line' id='line_1_18' title="bbox 173 2563 1005 2648; baseline -0.006 -18"><span class='ocrx_word' id='word_1_109' title='bbox 173 2571 241 2631; x_wconf 93' lang='lat' dir='ltr'>hoc</span> <span class='ocrx_word' id='word_1_110' title='bbox 254 2568 373 2648; x_wconf 92' lang='lat' dir='ltr'>amplo</span> <span class='ocrx_word' id='word_1_111' title='bbox 386 2587 451 2630; x_wconf 92' lang='lat' dir='ltr'>nec</span> <span class='ocrx_word' id='word_1_112' title='bbox 465 2586 535 2628; x_wconf 90' lang='lat' dir='ltr'>non</span> <span class='ocrx_word' id='word_1_113' title='bbox 548 2564 649 2647; x_wconf 90' lang='lat' dir='ltr'>gravi</span> <span class='ocrx_word' id='word_1_114' title='bbox 663 2563 780 2626; x_wconf 88' lang='lat' dir='ltr'>officio</span> <span class='ocrx_word' id='word_1_115' title='bbox 793 2563 937 2626; x_wconf 90' lang='lat' dir='ltr'>functus</span> <span class='ocrx_word' id='word_1_116' title='bbox 950 2572 1005 2625; x_wconf 91' lang='lat' dir='ltr'>est</span> 
     </span>
     <span class='ocr_line' id='line_1_19' title="bbox 173 2688 1004 2773; baseline -0.01 -19"><span class='ocrx_word' id='word_1_117' title='bbox 173 2711 286 2773; x_wconf 92' lang='lat' dir='ltr'>usque</span> <span class='ocrx_word' id='word_1_118' title='bbox 303 2692 349 2752; x_wconf 91' lang='lat' dir='ltr'>ad</span> <span class='ocrx_word' id='word_1_119' title='bbox 361 2695 412 2752; x_wconf 80' lang='grc'>30.</span> <span class='ocrx_word' id='word_1_120' title='bbox 426 2690 514 2770; x_wconf 82' lang='lat' dir='ltr'>Apr.</span> <span class='ocrx_word' id='word_1_121' title='bbox 533 2694 622 2770; x_wconf 81' lang='lat'>1830,</span> <span class='ocrx_word' id='word_1_122' title='bbox 641 2707 710 2769; x_wconf 94' lang='lat' dir='ltr'>quo</span> <span class='ocrx_word' id='word_1_123' title='bbox 722 2688 835 2748; x_wconf 89' lang='lat' dir='ltr'>abbas</span> <span class='ocrx_word' id='word_1_124' title='bbox 850 2705 928 2748; x_wconf 90' lang='lat' dir='ltr'>eum</span> <span class='ocrx_word' id='word_1_125' title='bbox 942 2705 1004 2768; x_wconf 89' lang='lat' dir='ltr'>pa·</span> 
     </span>
     <span class='ocr_line' id='line_1_20' title="bbox 174 2807 1004 2893; baseline -0.011 -16"><span class='ocrx_word' id='word_1_126' title='bbox 174 2816 320 2878; x_wconf 91' lang='lat' dir='ltr'>rochum</span> <span class='ocrx_word' id='word_1_127' title='bbox 334 2815 379 2874; x_wconf 93' lang='lat' dir='ltr'>ad</span> <span class='ocrx_word' id='word_1_128' title='bbox 393 2832 420 2874; x_wconf 93' lang='lat' dir='ltr'>s.</span> <span class='ocrx_word' id='word_1_129' title='bbox 435 2810 629 2893; x_wconf 85' lang='lat' dir='ltr'>Georgium</span> <span class='ocrx_word' id='word_1_130' title='bbox 642 2810 677 2872; x_wconf 92' lang='lat' dir='ltr'>in</span> <span class='ocrx_word' id='word_1_131' title='bbox 687 2807 935 2871; x_wconf 89' lang='lat' dir='ltr'>Gaunersdorf</span> <span class='ocrx_word' id='word_1_132' title='bbox 945 2809 1004 2869; x_wconf 92' lang='lat' dir='ltr'>de-</span> 
     </span>
     <span class='ocr_line' id='line_1_21' title="bbox 174 2928 1005 3020; baseline -0.01 -21"><span class='ocrx_word' id='word_1_133' title='bbox 174 2937 341 3020; x_wconf 90' lang='lat' dir='ltr'>signavit.</span> <span class='ocrx_word' id='word_1_134' title='bbox 357 2935 495 2997; x_wconf 87' lang='lat' dir='ltr'>Ibidem</span> <span class='ocrx_word' id='word_1_135' title='bbox 506 2954 593 2995; x_wconf 82' lang='lat' dir='ltr'>vero</span> <span class='ocrx_word' id='word_1_136' title='bbox 605 2933 708 3015; x_wconf 89' lang='lat' dir='ltr'>gravi</span> <span class='ocrx_word' id='word_1_137' title='bbox 720 2933 842 2994; x_wconf 91' lang='lat' dir='ltr'>morbo</span> <span class='ocrx_word' id='word_1_138' title='bbox 856 2928 1005 2992; x_wconf 87' lang='lat' dir='ltr'>affectus</span> 
     </span>
     <span class='ocr_line' id='line_1_22' title="bbox 174 3052 1006 3130; baseline -0.012 -8"><span class='ocrx_word' id='word_1_139' title='bbox 174 3056 650 3122; x_wconf 89' lang='lat' dir='ltr'>valetudinis-restituendae</span> <span class='ocrx_word' id='word_1_140' title='bbox 663 3073 771 3116; x_wconf 89' lang='lat' dir='ltr'>causa</span> <span class='ocrx_word' id='word_1_141' title='bbox 789 3057 869 3130; x_wconf 83' lang='lat'>1840</span> <span class='ocrx_word' id='word_1_142' title='bbox 885 3052 920 3113; x_wconf 94' lang='lat' dir='ltr'>in</span> <span class='ocrx_word' id='word_1_143' title='bbox 933 3071 1006 3113; x_wconf 93' lang='lat' dir='ltr'>mo-</span> 
     </span>
     <span class='ocr_line' id='line_1_23' title="bbox 174 3175 1001 3257; baseline -0.013 -12"><span class='ocrx_word' id='word_1_144' title='bbox 174 3182 366 3245; x_wconf 88' lang='lat' dir='ltr'>nasterium</span> <span class='ocrx_word' id='word_1_145' title='bbox 381 3199 545 3242; x_wconf 77' lang='lat' dir='ltr'>reversus</span> <span class='ocrx_word' id='word_1_146' title='bbox 559 3188 623 3257; x_wconf 90' lang='lat' dir='ltr'>est,</span> <span class='ocrx_word' id='word_1_147' title='bbox 637 3177 693 3238; x_wconf 92' lang='lat' dir='ltr'>ubi</span> <span class='ocrx_word' id='word_1_148' title='bbox 704 3176 760 3237; x_wconf 90' lang='lat' dir='ltr'>die</span> <span class='ocrx_word' id='word_1_149' title='bbox 775 3179 824 3237; x_wconf 88' lang='lat'>28.</span> <span class='ocrx_word' id='word_1_150' title='bbox 835 3175 909 3241; x_wconf 85' lang='lat' dir='ltr'>Iun.</span> <span class='ocrx_word' id='word_1_151' title='bbox 925 3176 1001 3251; x_wconf 75' lang='lat'>1841</span> 
     </span>
     <span class='ocr_line' id='line_1_24' title="bbox 176 3298 1006 3393; baseline -0.013 -25"><span class='ocrx_word' id='word_1_152' title='bbox 176 3307 302 3368; x_wconf 89' lang='lat' dir='ltr'>iterum</span> <span class='ocrx_word' id='word_1_153' title='bbox 326 3302 486 3386; x_wconf 82' lang='lat' dir='ltr'>magistri</span> <span class='ocrx_word' id='word_1_154' title='bbox 508 3301 721 3363; x_wconf 90' lang='lat' dir='ltr'>novitiorum</span> <span class='ocrx_word' id='word_1_155' title='bbox 746 3317 858 3393; x_wconf 90' lang='lat' dir='ltr'>usque</span> <span class='ocrx_word' id='word_1_156' title='bbox 882 3298 928 3359; x_wconf 92' lang='lat' dir='ltr'>ad</span> <span class='ocrx_word' id='word_1_157' title='bbox 945 3317 1006 3359; x_wconf 89' lang='lat' dir='ltr'>an-</span> 
     </span>
    </p>
   </div>
   <div class='ocr_carea' id='block_1_3' title="bbox 1084 606 1920 3384">
    <p class='ocr_par' dir='ltr' id='par_1_3' title="bbox 1084 606 1920 3384">
     <span class='ocr_line' id='line_1_25' title="bbox 1084 606 1919 692; baseline 0.01 -25"><span class='ocrx_word' id='word_1_158' title='bbox 1084 606 1120 667; x_wconf 91' lang='lat' dir='ltr'>in</span> <span class='ocrx_word' id='word_1_159' title='bbox 1137 607 1305 669; x_wconf 90' lang='lat' dir='ltr'>Austriae</span> <span class='ocrx_word' id='word_1_160' title='bbox 1322 608 1515 690; x_wconf 88' lang='lat' dir='ltr'>superioris</span> <span class='ocrx_word' id='word_1_161' title='bbox 1532 630 1637 692; x_wconf 89' lang='lat' dir='ltr'>pago,</span> <span class='ocrx_word' id='word_1_162' title='bbox 1663 631 1743 673; x_wconf 93' lang='lat' dir='ltr'>cum</span> <span class='ocrx_word' id='word_1_163' title='bbox 1760 611 1832 674; x_wconf 92' lang='grc' dir='ltr'>ΡΡ.</span> <span class='ocrx_word' id='word_1_164' title='bbox 1849 612 1919 675; x_wconf 91' lang='lat' dir='ltr'>Be·</span> 
     </span>
     <span class='ocr_line' id='line_1_26' title="bbox 1085 727 1917 816; baseline 0.01 -27"><span class='ocrx_word' id='word_1_165' title='bbox 1085 727 1273 791; x_wconf 88' lang='lat' dir='ltr'>nedictinis</span> <span class='ocrx_word' id='word_1_166' title='bbox 1290 728 1614 794; x_wconf 87' lang='lat' dir='ltr'>Cremifanensibus</span> <span class='ocrx_word' id='word_1_167' title='bbox 1637 732 1673 794; x_wconf 92' lang='lat' dir='ltr'>in</span> <span class='ocrx_word' id='word_1_168' title='bbox 1690 732 1917 816; x_wconf 89' lang='lat' dir='ltr'>disciplinam</span> 
     </span>
     <span class='ocr_line' id='line_1_27' title="bbox 1084 850 1918 936; baseline 0.011 -24"><span class='ocrx_word' id='word_1_169' title='bbox 1084 850 1237 913; x_wconf 88' lang='lat' dir='ltr'>traditus</span> <span class='ocrx_word' id='word_1_170' title='bbox 1250 863 1355 933; x_wconf 89' lang='lat' dir='ltr'>esset,</span> <span class='ocrx_word' id='word_1_171' title='bbox 1364 853 1492 915; x_wconf 92' lang='lat' dir='ltr'>litteris</span> <span class='ocrx_word' id='word_1_172' title='bbox 1505 854 1638 936; x_wconf 90' lang='lat' dir='ltr'>optime</span> <span class='ocrx_word' id='word_1_173' title='bbox 1655 855 1840 919; x_wconf 91' lang='lat' dir='ltr'>institutus</span> <span class='ocrx_word' id='word_1_174' title='bbox 1856 878 1918 921; x_wconf 92' lang='lat' dir='ltr'>no·</span> 
     </span>
     <span class='ocr_line' id='line_1_28' title="bbox 1084 973 1916 1062; baseline 0.011 -27"><span class='ocrx_word' id='word_1_175' title='bbox 1084 973 1247 1037; x_wconf 90' lang='lat' dir='ltr'>vitiatum</span> <span class='ocrx_word' id='word_1_176' title='bbox 1267 977 1313 1037; x_wconf 88' lang='lat' dir='ltr'>ad</span> <span class='ocrx_word' id='word_1_177' title='bbox 1330 973 1459 1039; x_wconf 89' lang='lat' dir='ltr'>Scotos</span> <span class='ocrx_word' id='word_1_178' title='bbox 1475 976 1636 1040; x_wconf 90' lang='lat' dir='ltr'>Viennae</span> <span class='ocrx_word' id='word_1_179' title='bbox 1660 978 1845 1062; x_wconf 90' lang='lat' dir='ltr'>ingressus</span> <span class='ocrx_word' id='word_1_180' title='bbox 1861 992 1916 1044; x_wconf 91' lang='lat' dir='ltr'>est</span> 
     </span>
     <span class='ocr_line' id='line_1_29' title="bbox 1085 1094 1918 1164; baseline 0.01 -8"><span class='ocrx_word' id='word_1_181' title='bbox 1085 1095 1142 1157; x_wconf 90' lang='lat' dir='ltr'>die</span> <span class='ocrx_word' id='word_1_182' title='bbox 1151 1116 1178 1157; x_wconf 91' lang='lat'>2.</span> <span class='ocrx_word' id='word_1_183' title='bbox 1188 1094 1266 1160; x_wconf 90' lang='lat' dir='ltr'>Oct.</span> <span class='ocrx_word' id='word_1_184' title='bbox 1279 1101 1369 1161; x_wconf 78' lang='grc'>1823.</span> <span class='ocrx_word' id='word_1_185' title='bbox 1378 1098 1576 1161; x_wconf 88' lang='lat' dir='ltr'>Transacto</span> <span class='ocrx_word' id='word_1_186' title='bbox 1582 1098 1734 1163; x_wconf 87' lang='lat' dir='ltr'>triennio</span> <span class='ocrx_word' id='word_1_187' title='bbox 1741 1111 1827 1164; x_wconf 86' lang='lat' dir='ltr'>vota</span> <span class='ocrx_word' id='word_1_188' title='bbox 1834 1103 1918 1164; x_wconf 89' lang='lat' dir='ltr'>emi·</span> 
     </span>
     <span class='ocr_line' id='line_1_30' title="bbox 1085 1217 1918 1306; baseline 0.008 -28"><span class='ocrx_word' id='word_1_189' title='bbox 1085 1217 1132 1279; x_wconf 89' lang='lat' dir='ltr'>sit</span> <span class='ocrx_word' id='word_1_190' title='bbox 1147 1219 1330 1281; x_wconf 89' lang='lat' dir='ltr'>sollemnia</span> <span class='ocrx_word' id='word_1_191' title='bbox 1343 1219 1401 1281; x_wconf 90' lang='lat' dir='ltr'>die</span> <span class='ocrx_word' id='word_1_192' title='bbox 1415 1241 1465 1285; x_wconf 88' lang='lat'>22.</span> <span class='ocrx_word' id='word_1_193' title='bbox 1476 1219 1554 1284; x_wconf 91' lang='lat' dir='ltr'>Oct.</span> <span class='ocrx_word' id='word_1_194' title='bbox 1569 1225 1648 1283; x_wconf 83' lang='lat'>1826</span> <span class='ocrx_word' id='word_1_195' title='bbox 1664 1232 1709 1302; x_wconf 89' lang='lat' dir='ltr'>et,</span> <span class='ocrx_word' id='word_1_196' title='bbox 1726 1225 1918 1306; x_wconf 87' lang='lat' dir='ltr'>presbyter</span> 
     </span>
     <span class='ocr_line' id='line_1_31' title="bbox 1085 1340 1918 1426; baseline 0.007 -25"><span class='ocrx_word' id='word_1_197' title='bbox 1085 1340 1279 1422; x_wconf 90' lang='lat' dir='ltr'>ordinatus,</span> <span class='ocrx_word' id='word_1_198' title='bbox 1301 1343 1358 1405; x_wconf 89' lang='lat' dir='ltr'>die</span> <span class='ocrx_word' id='word_1_199' title='bbox 1381 1349 1432 1406; x_wconf 80' lang='grc'>31.</span> <span class='ocrx_word' id='word_1_200' title='bbox 1449 1343 1544 1425; x_wconf 87' lang='lat' dir='ltr'>Aug.</span> <span class='ocrx_word' id='word_1_201' title='bbox 1566 1348 1644 1406; x_wconf 86' lang='lat'>1828</span> <span class='ocrx_word' id='word_1_202' title='bbox 1666 1344 1819 1426; x_wconf 92' lang='lat' dir='ltr'>primum</span> <span class='ocrx_word' id='word_1_203' title='bbox 1839 1344 1918 1407; x_wconf 89' lang='lat' dir='ltr'>Deo</span> 
     </span>
     <span class='ocr_line' id='line_1_32' title="bbox 1085 1461 1919 1546; baseline 0.006 -22"><span class='ocrx_word' id='word_1_204' title='bbox 1085 1461 1307 1526; x_wconf 89' lang='lat' dir='ltr'>incruentum</span> <span class='ocrx_word' id='word_1_205' title='bbox 1323 1463 1533 1527; x_wconf 87' lang='lat' dir='ltr'>sacrificium</span> <span class='ocrx_word' id='word_1_206' title='bbox 1550 1466 1688 1530; x_wconf 91' lang='lat' dir='ltr'>obtulit.</span> <span class='ocrx_word' id='word_1_207' title='bbox 1712 1466 1821 1529; x_wconf 87' lang='lat' dir='ltr'>Anno</span> <span class='ocrx_word' id='word_1_208' title='bbox 1838 1471 1919 1546; x_wconf 88' lang='lat'>1829</span> 
     </span>
     <span class='ocr_line' id='line_1_33' title="bbox 1085 1586 1920 1671; baseline 0.007 -25"><span class='ocrx_word' id='word_1_209' title='bbox 1085 1595 1297 1666; x_wconf 87' lang='lat' dir='ltr'>cooperator</span> <span class='ocrx_word' id='word_1_210' title='bbox 1308 1586 1344 1648; x_wconf 92' lang='lat' dir='ltr'>in</span> <span class='ocrx_word' id='word_1_211' title='bbox 1357 1607 1477 1649; x_wconf 91' lang='lat' dir='ltr'>curam</span> <span class='ocrx_word' id='word_1_212' title='bbox 1489 1587 1683 1650; x_wconf 86' lang='lat' dir='ltr'>animarum</span> <span class='ocrx_word' id='word_1_213' title='bbox 1696 1589 1836 1669; x_wconf 77' lang='lat' dir='ltr'>missuS,</span> <span class='ocrx_word' id='word_1_214' title='bbox 1854 1609 1920 1671; x_wconf 89' lang='lat' dir='ltr'>per</span> 
     </span>
     <span class='ocr_line' id='line_1_34' title="bbox 1084 1706 1919 1792; baseline 0.006 -24"><span class='ocrx_word' id='word_1_215' title='bbox 1084 1706 1213 1788; x_wconf 88' lang='lat' dir='ltr'>viginti</span> <span class='ocrx_word' id='word_1_216' title='bbox 1229 1707 1303 1770; x_wconf 92' lang='lat' dir='ltr'>fere</span> <span class='ocrx_word' id='word_1_217' title='bbox 1321 1729 1431 1771; x_wconf 93' lang='lat' dir='ltr'>annos</span> <span class='ocrx_word' id='word_1_218' title='bbox 1448 1710 1631 1792; x_wconf 87' lang='lat' dir='ltr'>egregiam</span> <span class='ocrx_word' id='word_1_219' title='bbox 1654 1711 1690 1773; x_wconf 91' lang='lat' dir='ltr'>in</span> <span class='ocrx_word' id='word_1_220' title='bbox 1711 1712 1778 1773; x_wconf 93' lang='lat' dir='ltr'>hoc</span> <span class='ocrx_word' id='word_1_221' title='bbox 1799 1710 1919 1774; x_wconf 90' lang='lat' dir='ltr'>officio</span> 
     </span>
     <span class='ocr_line' id='line_1_35' title="bbox 1086 1831 1917 1915; baseline 0.006 -24"><span class='ocrx_word' id='word_1_222' title='bbox 1086 1849 1231 1912; x_wconf 90' lang='lat' dir='ltr'>operam</span> <span class='ocrx_word' id='word_1_223' title='bbox 1256 1831 1444 1895; x_wconf 85' lang='lat' dir='ltr'>collocavit</span> <span class='ocrx_word' id='word_1_224' title='bbox 1471 1845 1507 1895; x_wconf 93' lang='lat' dir='ltr'>et</span> <span class='ocrx_word' id='word_1_225' title='bbox 1535 1834 1678 1915; x_wconf 90' lang='lat' dir='ltr'>quidem</span> <span class='ocrx_word' id='word_1_226' title='bbox 1701 1834 1736 1896; x_wconf 94' lang='lat' dir='ltr'>in</span> <span class='ocrx_word' id='word_1_227' title='bbox 1764 1834 1917 1915; x_wconf 89' lang='lat' dir='ltr'>Pulkau,</span> 
     </span>
     <span class='ocr_line' id='line_1_36' title="bbox 1085 1953 1916 2038; baseline 0.004 -23"><span class='ocrx_word' id='word_1_228' title='bbox 1085 1953 1167 2016; x_wconf 87' lang='lat' dir='ltr'>dein</span> <span class='ocrx_word' id='word_1_229' title='bbox 1198 1953 1233 2016; x_wconf 92' lang='lat' dir='ltr'>in</span> <span class='ocrx_word' id='word_1_230' title='bbox 1260 1975 1286 2017; x_wconf 94' lang='lat' dir='ltr'>s.</span> <span class='ocrx_word' id='word_1_231' title='bbox 1311 1954 1471 2018; x_wconf 88' lang='lat' dir='ltr'>Udalrici</span> <span class='ocrx_word' id='word_1_232' title='bbox 1499 1957 1668 2038; x_wconf 90' lang='lat' dir='ltr'>parochia</span> <span class='ocrx_word' id='word_1_233' title='bbox 1695 1958 1916 2037; x_wconf 90' lang='lat' dir='ltr'>suburbana,</span> 
     </span>
     <span class='ocr_line' id='line_1_37' title="bbox 1084 2076 1917 2159; baseline 0.004 -22"><span class='ocrx_word' id='word_1_234' title='bbox 1084 2085 1266 2157; x_wconf 90' lang='lat' dir='ltr'>postremo</span> <span class='ocrx_word' id='word_1_235' title='bbox 1278 2077 1314 2139; x_wconf 93' lang='lat' dir='ltr'>in</span> <span class='ocrx_word' id='word_1_236' title='bbox 1323 2076 1440 2139; x_wconf 89' lang='lat' dir='ltr'>vicino</span> <span class='ocrx_word' id='word_1_237' title='bbox 1450 2077 1791 2159; x_wconf 87' lang='lat' dir='ltr'>CampoScotorum.</span> <span class='ocrx_word' id='word_1_238' title='bbox 1809 2079 1917 2141; x_wconf 91' lang='lat' dir='ltr'>Anno</span> 
     </span>
     <span class='ocr_line' id='line_1_38' title="bbox 1084 2199 1918 2282; baseline 0.002 -22"><span class='ocrx_word' id='word_1_239' title='bbox 1084 2218 1170 2260; x_wconf 89' lang='lat' dir='ltr'>vero</span> <span class='ocrx_word' id='word_1_240' title='bbox 1202 2203 1280 2277; x_wconf 82' lang='lat'>1847</span> <span class='ocrx_word' id='word_1_241' title='bbox 1313 2199 1519 2280; x_wconf 90' lang='lat' dir='ltr'>parochiam</span> <span class='ocrx_word' id='word_1_242' title='bbox 1549 2201 1707 2282; x_wconf 88' lang='lat' dir='ltr'>suscepit</span> <span class='ocrx_word' id='word_1_243' title='bbox 1742 2200 1918 2263; x_wconf 89' lang='lat' dir='ltr'>Watzels-</span> 
     </span>
     <span class='ocr_line' id='line_1_39' title="bbox 1085 2320 1916 2404; baseline 0.004 -22"><span class='ocrx_word' id='word_1_244' title='bbox 1085 2320 1174 2401; x_wconf 85' lang='lat' dir='ltr'>dorf,</span> <span class='ocrx_word' id='word_1_245' title='bbox 1198 2321 1280 2383; x_wconf 92' lang='lat' dir='ltr'>dein</span> <span class='ocrx_word' id='word_1_246' title='bbox 1309 2325 1386 2384; x_wconf 93' lang='grc'>1852</span> <span class='ocrx_word' id='word_1_247' title='bbox 1405 2321 1624 2404; x_wconf 85' lang='lat' dir='ltr'>Eggendorf.</span> <span class='ocrx_word' id='word_1_248' title='bbox 1657 2323 1807 2386; x_wconf 87' lang='lat' dir='ltr'>Ineunte</span> <span class='ocrx_word' id='word_1_249' title='bbox 1831 2342 1916 2385; x_wconf 78' lang='lat' dir='ltr'>vere</span> 
     </span>
     <span class='ocr_line' id='line_1_40' title="bbox 1090 2444 1916 2527; baseline 0.005 -23"><span class='ocrx_word' id='word_1_250' title='bbox 1090 2446 1168 2505; x_wconf 90' lang='grc'>1855</span> <span class='ocrx_word' id='word_1_251' title='bbox 1186 2463 1309 2505; x_wconf 91' lang='lat' dir='ltr'>sacrae</span> <span class='ocrx_word' id='word_1_252' title='bbox 1325 2444 1622 2527; x_wconf 86' lang='lat' dir='ltr'>peregrinationis</span> <span class='ocrx_word' id='word_1_253' title='bbox 1638 2466 1660 2507; x_wconf 91' lang='lat' dir='ltr'>a</span> <span class='ocrx_word' id='word_1_254' title='bbox 1673 2445 1916 2527; x_wconf 89' lang='lat' dir='ltr'>compluribus</span> 
     </span>
     <span class='ocr_line' id='line_1_41' title="bbox 1085 2564 1917 2649; baseline 0.007 -24"><span class='ocrx_word' id='word_1_255' title='bbox 1085 2564 1170 2626; x_wconf 92' lang='lat' dir='ltr'>viris</span> <span class='ocrx_word' id='word_1_256' title='bbox 1202 2566 1386 2628; x_wconf 89' lang='lat' dir='ltr'>catholicis</span> <span class='ocrx_word' id='word_1_257' title='bbox 1414 2567 1633 2629; x_wconf 88' lang='lat' dir='ltr'>diversarum</span> <span class='ocrx_word' id='word_1_258' title='bbox 1665 2568 1851 2649; x_wconf 89' lang='lat' dir='ltr'>regionum</span> <span class='ocrx_word' id='word_1_259' title='bbox 1882 2568 1917 2631; x_wconf 90' lang='lat' dir='ltr'>in</span> 
     </span>
     <span class='ocr_line' id='line_1_42' title="bbox 1086 2684 1917 2770; baseline 0.004 -21"><span class='ocrx_word' id='word_1_260' title='bbox 1086 2684 1215 2750; x_wconf 80' lang='lat' dir='ltr'>terram</span> <span class='ocrx_word' id='word_1_261' title='bbox 1228 2698 1388 2751; x_wconf 84' lang='lat' dir='ltr'>sanctam</span> <span class='ocrx_word' id='word_1_262' title='bbox 1401 2689 1593 2770; x_wconf 89' lang='lat' dir='ltr'>institutae,</span> <span class='ocrx_word' id='word_1_263' title='bbox 1608 2711 1677 2752; x_wconf 90' lang='lat' dir='ltr'>una</span> <span class='ocrx_word' id='word_1_264' title='bbox 1689 2711 1768 2752; x_wconf 92' lang='lat' dir='ltr'>cum</span> <span class='ocrx_word' id='word_1_265' title='bbox 1779 2692 1917 2754; x_wconf 92' lang='lat' dir='ltr'>duobus</span> 
     </span>
     <span class='ocr_line' id='line_1_43' title="bbox 1087 2809 1916 2895; baseline 0.004 -23"><span class='ocrx_word' id='word_1_266' title='bbox 1087 2809 1334 2892; x_wconf 85' lang='lat' dir='ltr'>confratribus,</span> <span class='ocrx_word' id='word_1_267' title='bbox 1351 2812 1391 2875; x_wconf 91' lang='lat' dir='ltr'>P.</span> <span class='ocrx_word' id='word_1_268' title='bbox 1409 2811 1557 2874; x_wconf 88' lang='lat' dir='ltr'>Urbano</span> <span class='ocrx_word' id='word_1_269' title='bbox 1570 2813 1687 2875; x_wconf 88' lang='lat' dir='ltr'>Loritz</span> <span class='ocrx_word' id='word_1_270' title='bbox 1704 2813 1799 2895; x_wconf 84' lang='lat' dir='ltr'>(vide</span> <span class='ocrx_word' id='word_1_271' title='bbox 1812 2813 1916 2893; x_wconf 89' lang='lat' dir='ltr'>hunc)</span> 
     </span>
     <span class='ocr_line' id='line_1_44' title="bbox 1087 2932 1917 3017; baseline 0.002 -22"><span class='ocrx_word' id='word_1_272' title='bbox 1087 2942 1123 2995; x_wconf 90' lang='lat' dir='ltr'>et</span> <span class='ocrx_word' id='word_1_273' title='bbox 1147 2934 1186 2996; x_wconf 90' lang='lat' dir='ltr'>P.</span> <span class='ocrx_word' id='word_1_274' title='bbox 1211 2934 1363 2996; x_wconf 83' lang='lat' dir='ltr'>Alberto</span> <span class='ocrx_word' id='word_1_275' title='bbox 1388 2932 1563 2997; x_wconf 87' lang='lat' dir='ltr'>Gatscher</span> <span class='ocrx_word' id='word_1_276' title='bbox 1587 2934 1800 3017; x_wconf 88' lang='lat' dir='ltr'>professore,</span> <span class='ocrx_word' id='word_1_277' title='bbox 1825 2955 1917 2997; x_wconf 89' lang='lat' dir='ltr'>nunc</span> 
     </span>
     <span class='ocr_line' id='line_1_45' title="bbox 1087 3056 1916 3139; baseline 0.002 -21"><span class='ocrx_word' id='word_1_278' title='bbox 1087 3057 1261 3119; x_wconf 90' lang='lat' dir='ltr'>directore</span> <span class='ocrx_word' id='word_1_279' title='bbox 1285 3057 1461 3139; x_wconf 87' lang='lat' dir='ltr'>gymnasii</span> <span class='ocrx_word' id='word_1_280' title='bbox 1487 3060 1532 3119; x_wconf 89' lang='lat' dir='ltr'>ad</span> <span class='ocrx_word' id='word_1_281' title='bbox 1556 3056 1695 3139; x_wconf 88' lang='lat' dir='ltr'>Scotos,</span> <span class='ocrx_word' id='word_1_282' title='bbox 1720 3059 1856 3120; x_wconf 91' lang='lat' dir='ltr'>socium</span> <span class='ocrx_word' id='word_1_283' title='bbox 1879 3077 1916 3120; x_wconf 89' lang='lat' dir='ltr'>se</span> 
     </span>
     <span class='ocr_line' id='line_1_46' title="bbox 1085 3178 1916 3262; baseline 0.004 -22"><span class='ocrx_word' id='word_1_284' title='bbox 1085 3178 1258 3261; x_wconf 79' lang='lat' dir='ltr'>adiunxit,</span> <span class='ocrx_word' id='word_1_285' title='bbox 1275 3178 1428 3261; x_wconf 87' lang='lat' dir='ltr'>indeque</span> <span class='ocrx_word' id='word_1_286' title='bbox 1442 3181 1620 3262; x_wconf 91' lang='lat' dir='ltr'>superatis</span> <span class='ocrx_word' id='word_1_287' title='bbox 1633 3181 1785 3243; x_wconf 87' lang='lat' dir='ltr'>feliciter</span> <span class='ocrx_word' id='word_1_288' title='bbox 1798 3180 1916 3243; x_wconf 90' lang='lat' dir='ltr'>multis</span> 
     </span>
     <span class='ocr_line' id='line_1_47' title="bbox 1086 3300 1916 3384; baseline 0.002 -21"><span class='ocrx_word' id='word_1_289' title='bbox 1086 3310 1158 3363; x_wconf 91' lang='lat' dir='ltr'>tam</span> <span class='ocrx_word' id='word_1_290' title='bbox 1174 3300 1271 3382; x_wconf 93' lang='lat' dir='ltr'>longi</span> <span class='ocrx_word' id='word_1_291' title='bbox 1287 3301 1423 3363; x_wconf 90' lang='lat' dir='ltr'>itineris</span> <span class='ocrx_word' id='word_1_292' title='bbox 1439 3303 1605 3384; x_wconf 89' lang='lat' dir='ltr'>periculis</span> <span class='ocrx_word' id='word_1_293' title='bbox 1623 3314 1658 3364; x_wconf 89' lang='lat' dir='ltr'>et</span> <span class='ocrx_word' id='word_1_294' title='bbox 1672 3303 1850 3365; x_wconf 87' lang='lat' dir='ltr'>aerumnis</span> <span class='ocrx_word' id='word_1_295' title='bbox 1863 3322 1916 3365; x_wconf 92' lang='lat' dir='ltr'>so-</span> 
     </span>
    </p>
   </div>
   <div class='ocr_carea' id='block_1_4' title="bbox 176 3402 1916 3523">
    <p class='ocr_par' dir='ltr' id='par_1_4' title="bbox 176 3402 1916 3523">
     <span class='ocr_line' id='line_1_48' title="bbox 176 3402 1916 3523; baseline -0.002 -34"><span class='ocrx_word' id='word_1_296' title='bbox 176 3447 259 3490; x_wconf 93' lang='lat' dir='ltr'>num</span> <span class='ocrx_word' id='word_1_297' title='bbox 285 3430 365 3503; x_wconf 73' lang='grc'>1854</span> <span class='ocrx_word' id='word_1_298' title='bbox 383 3434 419 3487; x_wconf 89' lang='lat' dir='ltr'>et</span> <span class='ocrx_word' id='word_1_299' title='bbox 436 3428 513 3501; x_wconf 83' lang='lat'>1842</span> <span class='ocrx_word' id='word_1_300' title='bbox 534 3421 727 3504; x_wconf 86' lang='lat' dir='ltr'>spiritualis</span> <span class='ocrx_word' id='word_1_301' title='bbox 744 3439 870 3482; x_wconf 91' lang='lat' dir='ltr'>munus</span> <span class='ocrx_word' id='word_1_302' title='bbox 887 3419 1005 3480; x_wconf 87' lang='lat' dir='ltr'>subiit.</span> <span class='ocrx_word' id='word_1_303' title='bbox 1044 3402 1047 3523; x_wconf 70' lang='grc'>1</span> <span class='ocrx_word' id='word_1_304' title='bbox 1086 3443 1169 3504; x_wconf 88' lang='lat' dir='ltr'>spes</span> <span class='ocrx_word' id='word_1_305' title='bbox 1186 3442 1350 3485; x_wconf 88' lang='lat' dir='ltr'>reversus</span> <span class='ocrx_word' id='word_1_306' title='bbox 1367 3433 1422 3486; x_wconf 87' lang='lat' dir='ltr'>est</span> <span class='ocrx_word' id='word_1_307' title='bbox 1438 3424 1495 3485; x_wconf 90' lang='lat' dir='ltr'>die</span> <span class='ocrx_word' id='word_1_308' title='bbox 1516 3430 1562 3486; x_wconf 84' lang='grc'>10.</span> <span class='ocrx_word' id='word_1_309' title='bbox 1577 3424 1664 3486; x_wconf 90' lang='lat' dir='ltr'>Maii</span> <span class='ocrx_word' id='word_1_310' title='bbox 1680 3424 1840 3487; x_wconf 87' lang='lat' dir='ltr'>ciusdem</span> <span class='ocrx_word' id='word_1_311' title='bbox 1857 3446 1916 3487; x_wconf 91' lang='lat' dir='ltr'>an-</span> 
     </span>
    </p>
   </div>
   <div class='ocr_carea' id='block_1_5' title="bbox 175 3526 1917 3661">
    <p class='ocr_par' dir='ltr' id='par_1_5' title="bbox 175 3526 1917 3661">
     <span class='ocr_line' id='line_1_49' title="bbox 175 3526 1917 3661; baseline -0.002 -50"><span class='ocrx_word' id='word_1_312' title='bbox 175 3549 337 3630; x_wconf 90' lang='lat' dir='ltr'>Longum</span> <span class='ocrx_word' id='word_1_313' title='bbox 355 3557 409 3608; x_wconf 91' lang='lat' dir='ltr'>est</span> <span class='ocrx_word' id='word_1_314' title='bbox 427 3564 591 3608; x_wconf 89' lang='lat' dir='ltr'>enarrare</span> <span class='ocrx_word' id='word_1_315' title='bbox 607 3543 733 3605; x_wconf 89' lang='lat' dir='ltr'>merita</span> <span class='ocrx_word' id='word_1_316' title='bbox 750 3543 836 3623; x_wconf 90' lang='lat' dir='ltr'>eius,</span> <span class='ocrx_word' id='word_1_317' title='bbox 862 3561 953 3623; x_wconf 90' lang='lat' dir='ltr'>quae</span> <span class='ocrx_word' id='word_1_318' title='bbox 971 3541 1006 3603; x_wconf 91' lang='grc'>111</span> <span class='ocrx_word' id='word_1_319' title='bbox 1044 3526 1047 3661; x_wconf 47' lang='lat' dir='ltr'>l</span> <span class='ocrx_word' id='word_1_320' title='bbox 1086 3545 1131 3608; x_wconf 92' lang='lat' dir='ltr'>ni.</span> <span class='ocrx_word' id='word_1_321' title='bbox 1162 3545 1448 3626; x_wconf 89' lang='lat' dir='ltr'>Descriptionem</span> <span class='ocrx_word' id='word_1_322' title='bbox 1467 3546 1569 3607; x_wconf 90' lang='lat' dir='ltr'>huius</span> <span class='ocrx_word' id='word_1_323' title='bbox 1593 3546 1729 3608; x_wconf 89' lang='lat' dir='ltr'>itineris</span> <span class='ocrx_word' id='word_1_324' title='bbox 1746 3547 1785 3610; x_wconf 92' lang='lat' dir='ltr'>P.</span> <span class='ocrx_word' id='word_1_325' title='bbox 1803 3546 1917 3609; x_wconf 89' lang='lat' dir='ltr'>Urba·</span> 
     </span>
    </p>
   </div>
   <div class='ocr_carea' id='block_1_6' title="bbox 174 3663 1006 3998">
    <p class='ocr_par' dir='ltr' id='par_1_6' title="bbox 174 3663 1006 3998">
     <span class='ocr_line' id='line_1_50' title="bbox 174 3663 1006 3752; baseline -0.01 -18"><span class='ocrx_word' id='word_1_326' title='bbox 174 3674 241 3734; x_wconf 91' lang='lat' dir='ltr'>hoc</span> <span class='ocrx_word' id='word_1_327' title='bbox 263 3670 393 3752; x_wconf 92' lang='lat' dir='ltr'>agendi</span> <span class='ocrx_word' id='word_1_328' title='bbox 415 3687 541 3749; x_wconf 91' lang='lat' dir='ltr'>campo</span> <span class='ocrx_word' id='word_1_329' title='bbox 562 3667 629 3728; x_wconf 92' lang='lat' dir='ltr'>sibi</span> <span class='ocrx_word' id='word_1_330' title='bbox 649 3665 803 3748; x_wconf 88' lang='lat' dir='ltr'>collegit.</span> <span class='ocrx_word' id='word_1_331' title='bbox 830 3663 1006 3746; x_wconf 89' lang='lat' dir='ltr'>Simplici-</span> 
     </span>
     <span class='ocr_line' id='line_1_51' title="bbox 175 3790 1006 3871; baseline -0.01 -14"><span class='ocrx_word' id='word_1_332' title='bbox 175 3805 231 3858; x_wconf 92' lang='lat' dir='ltr'>tas</span> <span class='ocrx_word' id='word_1_333' title='bbox 248 3793 323 3855; x_wconf 92' lang='lat' dir='ltr'>eius</span> <span class='ocrx_word' id='word_1_334' title='bbox 344 3812 413 3854; x_wconf 92' lang='lat' dir='ltr'>non</span> <span class='ocrx_word' id='word_1_335' title='bbox 435 3790 605 3871; x_wconf 88' lang='lat' dir='ltr'>permisit,</span> <span class='ocrx_word' id='word_1_336' title='bbox 629 3800 668 3851; x_wconf 91' lang='lat' dir='ltr'>ut</span> <span class='ocrx_word' id='word_1_337' title='bbox 689 3807 820 3871; x_wconf 89' lang='lat' dir='ltr'>magno</span> <span class='ocrx_word' id='word_1_338' title='bbox 842 3808 921 3850; x_wconf 91' lang='lat' dir='ltr'>cum</span> <span class='ocrx_word' id='word_1_339' title='bbox 944 3807 1006 3868; x_wconf 91' lang='lat' dir='ltr'>ap·</span> 
     </span>
     <span class='ocr_line' id='line_1_52' title="bbox 176 3908 1005 3998; baseline -0.007 -20"><span class='ocrx_word' id='word_1_340' title='bbox 176 3924 302 3998; x_wconf 88' lang='lat' dir='ltr'>paratu</span> <span class='ocrx_word' id='word_1_341' title='bbox 320 3912 509 3976; x_wconf 90' lang='lat' dir='ltr'>sacerdotii</span> <span class='ocrx_word' id='word_1_342' title='bbox 526 3911 580 3972; x_wconf 91' lang='lat' dir='ltr'>sui</span> <span class='ocrx_word' id='word_1_343' title='bbox 597 3910 788 3972; x_wconf 88' lang='lat' dir='ltr'>iubilaeum</span> <span class='ocrx_word' id='word_1_344' title='bbox 801 3911 858 3972; x_wconf 89' lang='lat' dir='ltr'>die</span> <span class='ocrx_word' id='word_1_345' title='bbox 876 3915 905 3973; x_wconf 90' lang='lat'>8.</span> <span class='ocrx_word' id='word_1_346' title='bbox 917 3908 1005 3972; x_wconf 91' lang='lat' dir='ltr'>Dec.</span> 
     </span>
    </p>
   </div>
   <div class='ocr_carea' id='block_1_7' title="bbox 1086 3667 1918 3871">
    <p class='ocr_par' dir='ltr' id='par_1_7' title="bbox 1086 3667 1918 3871">
     <span class='ocr_line' id='line_1_53' title="bbox 1086 3667 1917 3749; baseline 0.002 -21"><span class='ocrx_word' id='word_1_347' title='bbox 1086 3687 1152 3729; x_wconf 92' lang='lat' dir='ltr'>nus</span> <span class='ocrx_word' id='word_1_348' title='bbox 1176 3667 1293 3729; x_wconf 89' lang='lat' dir='ltr'>Loritz</span> <span class='ocrx_word' id='word_1_349' title='bbox 1316 3668 1414 3749; x_wconf 90' lang='lat' dir='ltr'>typis</span> <span class='ocrx_word' id='word_1_350' title='bbox 1439 3669 1621 3730; x_wconf 89' lang='lat' dir='ltr'>mandavit</span> <span class='ocrx_word' id='word_1_351' title='bbox 1646 3673 1674 3732; x_wconf 80' lang='lat'>3.</span> <span class='ocrx_word' id='word_1_352' title='bbox 1696 3669 1751 3730; x_wconf 92' lang='lat' dir='ltr'>ed.</span> <span class='ocrx_word' id='word_1_353' title='bbox 1784 3669 1917 3731; x_wconf 85' lang='lat' dir='ltr'>Eodem</span> 
     </span>
     <span class='ocr_line' id='line_1_54' title="bbox 1086 3787 1918 3871; baseline 0.005 -22"><span class='ocrx_word' id='word_1_354' title='bbox 1086 3808 1178 3850; x_wconf 92' lang='lat' dir='ltr'>anno</span> <span class='ocrx_word' id='word_1_355' title='bbox 1189 3787 1377 3850; x_wconf 89' lang='lat' dir='ltr'>Udalricus</span> <span class='ocrx_word' id='word_1_356' title='bbox 1387 3790 1590 3868; x_wconf 87' lang='lat' dir='ltr'>parochiam</span> <span class='ocrx_word' id='word_1_357' title='bbox 1604 3790 1762 3871; x_wconf 90' lang='lat' dir='ltr'>suscepit</span> <span class='ocrx_word' id='word_1_358' title='bbox 1774 3791 1810 3852; x_wconf 90' lang='lat' dir='ltr'>in</span> <span class='ocrx_word' id='word_1_359' title='bbox 1820 3791 1918 3853; x_wconf 90' lang='lat' dir='ltr'>Brei-</span> 
     </span>
    </p>
   </div>
   <div class='ocr_carea' id='block_1_8' title="bbox 1046 3910 1918 3992">
    <p class='ocr_par' dir='ltr' id='par_1_8' title="bbox 1046 3910 1918 3992">
     <span class='ocr_line' id='line_1_55' title="bbox 1046 3910 1918 3992; baseline 0.003 -21"><span class='ocrx_word' id='word_1_360' title='bbox 1046 3944 1048 3985; x_wconf 83' lang='lat'>;</span> <span class='ocrx_word' id='word_1_361' title='bbox 1086 3911 1203 3972; x_wconf 90' lang='lat' dir='ltr'>tenlee</span> <span class='ocrx_word' id='word_1_362' title='bbox 1220 3910 1323 3972; x_wconf 91' lang='lat' dir='ltr'>simul</span> <span class='ocrx_word' id='word_1_363' title='bbox 1344 3910 1483 3990; x_wconf 89' lang='lat' dir='ltr'>amplae</span> <span class='ocrx_word' id='word_1_364' title='bbox 1508 3911 1600 3972; x_wconf 88' lang='lat' dir='ltr'>illius</span> <span class='ocrx_word' id='word_1_365' title='bbox 1624 3911 1761 3992; x_wconf 89' lang='lat' dir='ltr'>praedii</span> <span class='ocrx_word' id='word_1_366' title='bbox 1784 3911 1918 3974; x_wconf 90' lang='lat' dir='ltr'>villica·</span> 
     </span>
    </p>
   </div>
   <div class='ocr_carea' id='block_1_9' title="bbox 180 4000 1919 4115">
    <p class='ocr_par' dir='ltr' id='par_1_9' title="bbox 180 4000 1919 4135">
     <span class='ocr_line' id='line_1_56' title="bbox 180 4000 1919 4115; baseline -0.002 -15"><span class='ocrx_word' id='word_1_367' title='bbox 180 4042 258 4100; x_wconf 83' lang='lat'>1862</span> <span class='ocrx_word' id='word_1_368' title='bbox 291 4037 498 4099; x_wconf 88' lang='lat' dir='ltr'>celebraret.</span> <span class='ocrx_word' id='word_1_369' title='bbox 533 4033 673 4095; x_wconf 88' lang='lat' dir='ltr'>Deinde</span> <span class='ocrx_word' id='word_1_370' title='bbox 707 4051 792 4093; x_wconf 90' lang='lat' dir='ltr'>vero</span> <span class='ocrx_word' id='word_1_371' title='bbox 823 4030 1006 4112; x_wconf 89' lang='lat' dir='ltr'>paullatim</span> <span class='ocrx_word' id='word_1_372' title='bbox 1045 4000 1048 4103; x_wconf 93' lang='grc'>1</span> <span class='ocrx_word' id='word_1_373' title='bbox 1086 4034 1173 4095; x_wconf 92' lang='lat' dir='ltr'>tioni</span> <span class='ocrx_word' id='word_1_374' title='bbox 1190 4034 1392 4115; x_wconf 87' lang='lat' dir='ltr'>praefectus</span> <span class='ocrx_word' id='word_1_375' title='bbox 1414 4042 1449 4095; x_wconf 92' lang='lat' dir='ltr'>et</span> <span class='ocrx_word' id='word_1_376' title='bbox 1473 4034 1676 4113; x_wconf 87' lang='lat' dir='ltr'>sepulturae</span> <span class='ocrx_word' id='word_1_377' title='bbox 1702 4044 1919 4097; x_wconf 76' lang='lat' dir='ltr'>conventua-</span> 
     </span>
    </p>
   </div>
   <div class='ocr_carea' id='block_1_10' title="bbox 175 4151 1006 4360">
    <p class='ocr_par' dir='ltr' id='par_1_10' title="bbox 175 4151 1006 4360">
     <span class='ocr_line' id='line_1_57' title="bbox 175 4151 1006 4236; baseline -0.011 -15"><span class='ocrx_word' id='word_1_378' title='bbox 175 4180 255 4222; x_wconf 89' lang='lat' dir='ltr'>eum</span> <span class='ocrx_word' id='word_1_379' title='bbox 265 4158 359 4220; x_wconf 84' lang='lat' dir='ltr'>vires</span> <span class='ocrx_word' id='word_1_380' title='bbox 372 4155 522 4219; x_wconf 87' lang='lat' dir='ltr'>deficere</span> <span class='ocrx_word' id='word_1_381' title='bbox 536 4164 732 4236; x_wconf 89' lang='lat' dir='ltr'>coeperunt</span> <span class='ocrx_word' id='word_1_382' title='bbox 745 4163 781 4215; x_wconf 91' lang='lat' dir='ltr'>et</span> <span class='ocrx_word' id='word_1_383' title='bbox 794 4152 850 4214; x_wconf 91' lang='lat' dir='ltr'>die</span> <span class='ocrx_word' id='word_1_384' title='bbox 865 4157 911 4215; x_wconf 95' lang='lat'>18.</span> <span class='ocrx_word' id='word_1_385' title='bbox 920 4151 1006 4213; x_wconf 89' lang='lat' dir='ltr'>Maii</span> 
     </span>
     <span class='ocr_line' id='line_1_58' title="bbox 181 4274 911 4360; baseline -0.012 -16"><span class='ocrx_word' id='word_1_386' title='bbox 181 4286 260 4344; x_wconf 80' lang='lat'>1865</span> <span class='ocrx_word' id='word_1_387' title='bbox 271 4300 397 4342; x_wconf 86' lang='lat' dir='ltr'>revera</span> <span class='ocrx_word' id='word_1_388' title='bbox 409 4279 468 4360; x_wconf 89' lang='lat' dir='ltr'>pie</span> <span class='ocrx_word' id='word_1_389' title='bbox 481 4279 515 4341; x_wconf 94' lang='lat' dir='ltr'>in</span> <span class='ocrx_word' id='word_1_390' title='bbox 525 4277 678 4340; x_wconf 90' lang='lat' dir='ltr'>Domino</span> <span class='ocrx_word' id='word_1_391' title='bbox 688 4274 911 4339; x_wconf 89' lang='lat' dir='ltr'>obdormivit.</span> 
     </span>
    </p>
   </div>
   <div class='ocr_carea' id='block_1_11' title="bbox 265 4419 521 4503">
    <p class='ocr_par' dir='ltr' id='par_1_11' title="bbox 265 4419 521 4503">
     <span class='ocr_line' id='line_1_59' title="bbox 265 4419 521 4503; baseline -0.012 -20"><span class='ocrx_word' id='word_1_392' title='bbox 265 4420 378 4503; x_wconf 88' lang='lat' dir='ltr'>Typis</span> <span class='ocrx_word' id='word_1_393' title='bbox 396 4419 521 4482; x_wconf 90' lang='lat' dir='ltr'>edidit:</span> 
     </span>
    </p>
   </div>
   <div class='ocr_carea' id='block_1_12' title="bbox 265 4534 1920 4735">
    <p class='ocr_par' dir='ltr' id='par_1_12' title="bbox 265 4534 1920 4735">
     <span class='ocr_line' id='line_1_60' title="bbox 265 4534 1049 4677; baseline -0.01 -56"><span class='ocrx_word' id='word_1_394' title='bbox 265 4567 287 4622; x_wconf 94' lang='grc' dir='ltr'>Ι.</span> <span class='ocrx_word' id='word_1_395' title='bbox 309 4564 415 4619; x_wconf 74' lang='lat' dir='ltr'>Brevis</span> <span class='ocrx_word' id='word_1_396' title='bbox 433 4565 646 4637; x_wconf 84' lang='lat' dir='ltr'>grammaticae</span> <span class='ocrx_word' id='word_1_397' title='bbox 659 4561 799 4617; x_wconf 82' lang='lat' dir='ltr'>Graecae</span> <span class='ocrx_word' id='word_1_398' title='bbox 811 4561 907 4616; x_wconf 90' lang='lat' dir='ltr'>sectio</span> <span class='ocrx_word' id='word_1_399' title='bbox 924 4560 960 4615; x_wconf 90' lang='lat'>11.</span> <span class='ocrx_word' id='word_1_400' title='bbox 979 4561 1006 4613; x_wconf 92' lang='lat' dir='ltr'>in</span> <span class='ocrx_word' id='word_1_401' title='bbox 1046 4534 1049 4677; x_wconf 55' lang='grc' dir='ltr'>ἰ</span> 
     </span>
     <span class='ocr_line' id='line_1_61' title="bbox 1046 4647 1920 4735; baseline 0.002 -31"><span class='ocrx_word' id='word_1_402' title='bbox 1046 4702 1049 4735; x_wconf 58' lang='grc' dir='ltr'>Ι</span> <span class='ocrx_word' id='word_1_403' title='bbox 1087 4649 1252 4724; x_wconf 83' lang='lat' dir='ltr'>Jerusalem</span> <span class='ocrx_word' id='word_1_404' title='bbox 1271 4650 1309 4704; x_wconf 89' lang='lat' dir='ltr'>im</span> <span class='ocrx_word' id='word_1_405' title='bbox 1324 4648 1415 4723; x_wconf 86' lang='lat' dir='ltr'>Jahre</span> <span class='ocrx_word' id='word_1_406' title='bbox 1436 4648 1526 4720; x_wconf 83' lang='lat'>1855.</span> <span class='ocrx_word' id='word_1_407' title='bbox 1549 4647 1773 4725; x_wconf 85' lang='lat' dir='ltr'>(Commentarii</span> <span class='ocrx_word' id='word_1_408' title='bbox 1794 4668 1920 4725; x_wconf 85' lang='lat' dir='ltr'>suscep·</span> 
     </span>
    </p>
   </div>
   <div class='ocr_carea' id='block_1_13' title="bbox 177 4663 907 4728">
    <p class='ocr_par' dir='ltr' id='par_1_13' title="bbox 177 4663 907 4728">
     <span class='ocr_line' id='line_1_62' title="bbox 177 4663 907 4728; baseline -0.011 -1"><span class='ocrx_word' id='word_1_409' title='bbox 177 4691 262 4728; x_wconf 89' lang='lat' dir='ltr'>usum</span> <span class='ocrx_word' id='word_1_410' title='bbox 279 4669 420 4726; x_wconf 88' lang='lat' dir='ltr'>classium</span> <span class='ocrx_word' id='word_1_411' title='bbox 436 4668 637 4723; x_wconf 88' lang='lat' dir='ltr'>humanitatis.</span> <span class='ocrx_word' id='word_1_412' title='bbox 662 4667 796 4722; x_wconf 85' lang='lat' dir='ltr'>Viennae</span> <span class='ocrx_word' id='word_1_413' title='bbox 818 4663 907 4720; x_wconf 87' lang='lat'>1822.</span> 
     </span>
    </p>
   </div>
   <div class='ocr_carea' id='block_1_14' title="bbox 176 4786 1008 5183">
    <p class='ocr_par' dir='ltr' id='par_1_14' title="bbox 176 4786 1008 5183">
     <span class='ocr_line' id='line_1_63' title="bbox 263 4786 1008 4850; baseline -0.011 -1"><span class='ocrx_word' id='word_1_414' title='bbox 263 4794 299 4850; x_wconf 92' lang='lat' dir='ltr'>Il.</span> <span class='ocrx_word' id='word_1_415' title='bbox 334 4790 437 4847; x_wconf 90' lang='lat' dir='ltr'>lacobi</span> <span class='ocrx_word' id='word_1_416' title='bbox 461 4790 553 4846; x_wconf 91' lang='lat' dir='ltr'>Balde</span> <span class='ocrx_word' id='word_1_417' title='bbox 578 4791 709 4845; x_wconf 89' lang='lat' dir='ltr'>carmina</span> <span class='ocrx_word' id='word_1_418' title='bbox 733 4789 854 4844; x_wconf 86' lang='lat' dir='ltr'>selecta.</span> <span class='ocrx_word' id='word_1_419' title='bbox 884 4786 1008 4843; x_wconf 78' lang='lat' dir='ltr'>Curavit</span> 
     </span>
     <span class='ocr_line' id='line_1_64' title="bbox 176 4891 1006 4962; baseline -0.008 -7"><span class='ocrx_word' id='word_1_420' title='bbox 176 4901 357 4955; x_wconf 86' lang='lat' dir='ltr'>Franciscus</span> <span class='ocrx_word' id='word_1_421' title='bbox 373 4896 471 4962; x_wconf 90' lang='lat' dir='ltr'>Rohn‚</span> <span class='ocrx_word' id='word_1_422' title='bbox 489 4894 631 4950; x_wconf 86' lang='lat' dir='ltr'>abbatiae</span> <span class='ocrx_word' id='word_1_423' title='bbox 652 4893 717 4950; x_wconf 90' lang='lat' dir='ltr'>ord.</span> <span class='ocrx_word' id='word_1_424' title='bbox 735 4912 759 4948; x_wconf 88' lang='lat' dir='ltr'>s.</span> <span class='ocrx_word' id='word_1_425' title='bbox 778 4891 931 4948; x_wconf 86' lang='lat' dir='ltr'>Benedicti</span> <span class='ocrx_word' id='word_1_426' title='bbox 949 4904 1006 4948; x_wconf 90' lang='lat' dir='ltr'>etc.</span> 
     </span>
     <span class='ocr_line' id='line_1_65' title="bbox 177 4998 1008 5072; baseline -0.01 -13"><span class='ocrx_word' id='word_1_427' title='bbox 177 5017 235 5060; x_wconf 89' lang='lat' dir='ltr'>etc.</span> <span class='ocrx_word' id='word_1_428' title='bbox 272 5017 283 5058; x_wconf 91' lang='lat'><em>1</em></span> <span class='ocrx_word' id='word_1_429' title='bbox 308 5002 367 5058; x_wconf 82' lang='lat' dir='ltr'>vol.</span> <span class='ocrx_word' id='word_1_430' title='bbox 395 5001 437 5057; x_wconf 83' lang='lat'>8⁰.</span> <span class='ocrx_word' id='word_1_431' title='bbox 462 5000 596 5056; x_wconf 89' lang='lat' dir='ltr'>Viennae</span> <span class='ocrx_word' id='word_1_432' title='bbox 620 5012 650 5055; x_wconf 89' lang='lat' dir='ltr'>et</span> <span class='ocrx_word' id='word_1_433' title='bbox 673 4999 847 5064; x_wconf 87' lang='lat' dir='ltr'>Cremisiae‚</span> <span class='ocrx_word' id='word_1_434' title='bbox 876 4998 955 5072; x_wconf 84' lang='lat' dir='ltr'>typis</span> <span class='ocrx_word' id='word_1_435' title='bbox 979 5009 1008 5052; x_wconf 91' lang='lat' dir='ltr'>et</span> 
     </span>
     <span class='ocr_line' id='line_1_66' title="bbox 176 5102 711 5183; baseline -0.007 -20"><span class='ocrx_word' id='word_1_436' title='bbox 176 5106 346 5183; x_wconf 88' lang='lat' dir='ltr'>sumptibus</span> <span class='ocrx_word' id='word_1_437' title='bbox 362 5108 394 5162; x_wconf 89' lang='lat' dir='ltr'>B.</span> <span class='ocrx_word' id='word_1_438' title='bbox 413 5106 470 5161; x_wconf 79' lang='lat' dir='ltr'>Th.</span> <span class='ocrx_word' id='word_1_439' title='bbox 488 5105 595 5160; x_wconf 87' lang='lat' dir='ltr'>Bauer.</span> <span class='ocrx_word' id='word_1_440' title='bbox 622 5102 711 5176; x_wconf 83' lang='lat'>1824.</span> 
     </span>
    </p>
   </div>
   <div class='ocr_carea' id='block_1_15' title="bbox 180 5251 1009 5461">
    <p class='ocr_par' dir='ltr' id='par_1_15' title="bbox 180 5251 1009 5461">
     <span class='ocr_line' id='line_1_67' title="bbox 263 5251 1009 5342; baseline -0.004 -17"><span class='ocrx_word' id='word_1_441' title='bbox 263 5251 387 5326; x_wconf 89' lang='lat' dir='ltr'>Roiss</span> <span class='ocrx_word' id='word_1_442' title='bbox 423 5263 648 5325; x_wconf 90' lang='lat' dir='ltr'>Udalricus</span> <span class='ocrx_word' id='word_1_443' title='bbox 683 5262 866 5323; x_wconf 89' lang='lat' dir='ltr'>Mathias</span> <span class='ocrx_word' id='word_1_444' title='bbox 902 5259 1009 5342; x_wconf 84' lang='lat' dir='ltr'>(Sco-</span> 
     </span>
     <span class='ocr_line' id='line_1_68' title="bbox 180 5378 1009 5461; baseline -0.001 -20"><span class='ocrx_word' id='word_1_445' title='bbox 180 5379 337 5461; x_wconf 84' lang='lat' dir='ltr'>tensis),</span> <span class='ocrx_word' id='word_1_446' title='bbox 356 5391 460 5442; x_wconf 90' lang='lat' dir='ltr'>natus</span> <span class='ocrx_word' id='word_1_447' title='bbox 474 5381 530 5443; x_wconf 88' lang='lat' dir='ltr'>die</span> <span class='ocrx_word' id='word_1_448' title='bbox 545 5381 709 5445; x_wconf 88' lang='lat' dir='ltr'>21.Febr.</span> <span class='ocrx_word' id='word_1_449' title='bbox 725 5384 800 5441; x_wconf 84' lang='lat'>1801</span> <span class='ocrx_word' id='word_1_450' title='bbox 818 5378 1009 5460; x_wconf 91' lang='lat' dir='ltr'>Bergheim</span> 
     </span>
    </p>
   </div>
   <div class='ocr_carea' id='block_1_16' title="bbox 1046 4146 1919 4363">
    <p class='ocr_par' dir='ltr' id='par_1_16' title="bbox 1046 4146 1919 4363">
     <span class='ocr_line' id='line_1_69' title="bbox 1046 4146 1919 4236; baseline 0.002 -19"><span class='ocrx_word' id='word_1_451' title='bbox 1046 4146 1048 4157; x_wconf 76' lang='lat'>&#39;</span> <span class='ocrx_word' id='word_1_452' title='bbox 1086 4156 1170 4219; x_wconf 91' lang='lat' dir='ltr'>lium</span> <span class='ocrx_word' id='word_1_453' title='bbox 1187 4156 1318 4218; x_wconf 89' lang='lat' dir='ltr'>ibidem</span> <span class='ocrx_word' id='word_1_454' title='bbox 1332 4165 1461 4218; x_wconf 78' lang='lat' dir='ltr'>custos,</span> <span class='ocrx_word' id='word_1_455' title='bbox 1487 4156 1624 4236; x_wconf 75' lang='lat' dir='ltr'>Quibus</span> <span class='ocrx_word' id='word_1_456' title='bbox 1638 4157 1844 4219; x_wconf 90' lang='lat' dir='ltr'>muneribus</span> <span class='ocrx_word' id='word_1_457' title='bbox 1858 4156 1919 4219; x_wconf 89' lang='lat' dir='ltr'>im·</span> 
     </span>
     <span class='ocr_line' id='line_1_70' title="bbox 1046 4278 1669 4363; baseline -0.003 -22"><span class='ocrx_word' id='word_1_458' title='bbox 1046 4346 1048 4363; x_wconf 43' lang='grc'>1</span> <span class='ocrx_word' id='word_1_459' title='bbox 1086 4288 1244 4341; x_wconf 92' lang='lat' dir='ltr'>mortuus</span> <span class='ocrx_word' id='word_1_460' title='bbox 1261 4288 1316 4341; x_wconf 89' lang='lat' dir='ltr'>est</span> <span class='ocrx_word' id='word_1_461' title='bbox 1332 4280 1389 4340; x_wconf 89' lang='lat' dir='ltr'>die</span> <span class='ocrx_word' id='word_1_462' title='bbox 1410 4283 1457 4341; x_wconf 80' lang='lat'>16.</span> <span class='ocrx_word' id='word_1_463' title='bbox 1477 4278 1556 4340; x_wconf 88' lang='lat' dir='ltr'>Oct.</span> <span class='ocrx_word' id='word_1_464' title='bbox 1580 4284 1669 4341; x_wconf 75' lang='grc'>18111.</span> 
     </span>
    </p>
   </div>
   <div class='ocr_carea' id='block_1_17' title="bbox 1174 4410 1646 4491">
    <p class='ocr_par' dir='ltr' id='par_1_17' title="bbox 1174 4410 1646 4491">
     <span class='ocr_line' id='line_1_71' title="bbox 1174 4410 1646 4491; baseline 0.004 -20"><span class='ocrx_word' id='word_1_465' title='bbox 1174 4410 1456 4491; x_wconf 87' lang='lat' dir='ltr'>Manuscriptum</span> <span class='ocrx_word' id='word_1_466' title='bbox 1473 4410 1646 4491; x_wconf 72' lang='grc'>1011011111,</span> 
     </span>
    </p>
   </div>
   <div class='ocr_carea' id='block_1_18' title="bbox 1174 4544 1920 4620">
    <p class='ocr_par' dir='ltr' id='par_1_18' title="bbox 1174 4544 1920 4620">
     <span class='ocr_line' id='line_1_72' title="bbox 1174 4544 1920 4620; baseline 0.004 -22"><span class='ocrx_word' id='word_1_467' title='bbox 1174 4544 1403 4618; x_wconf 87' lang='lat' dir='ltr'>Erinnerungen</span> <span class='ocrx_word' id='word_1_468' title='bbox 1428 4564 1482 4600; x_wconf 87' lang='lat' dir='ltr'>aus</span> <span class='ocrx_word' id='word_1_469' title='bbox 1508 4546 1620 4601; x_wconf 84' lang='lat' dir='ltr'>meiner</span> <span class='ocrx_word' id='word_1_470' title='bbox 1636 4544 1920 4620; x_wconf 85' lang='lat' dir='ltr'>Pilgerreise.nach</span> 
     </span>
    </p>
   </div>
   <div class='ocr_carea' id='block_1_19' title="bbox 1047 4740 1868 4831">
    <p class='ocr_par' dir='ltr' id='par_1_19' title="bbox 1047 4740 1868 4831">
     <span class='ocr_line' id='line_1_73' title="bbox 1047 4740 1868 4831; baseline 0.009 -28"><span class='ocrx_word' id='word_1_471' title='bbox 1047 4740 1049 4803; x_wconf 95' lang='grc'>1</span> <span class='ocrx_word' id='word_1_472' title='bbox 1089 4768 1136 4809; x_wconf 90' lang='lat' dir='ltr'>tae</span> <span class='ocrx_word' id='word_1_473' title='bbox 1153 4756 1181 4808; x_wconf 87' lang='lat' dir='ltr'>in</span> <span class='ocrx_word' id='word_1_474' title='bbox 1199 4768 1307 4810; x_wconf 87' lang='lat' dir='ltr'>terram</span> <span class='ocrx_word' id='word_1_475' title='bbox 1325 4768 1459 4809; x_wconf 88' lang='lat' dir='ltr'>sanctam</span> <span class='ocrx_word' id='word_1_476' title='bbox 1476 4751 1749 4831; x_wconf 86' lang='lat' dir='ltr'>peregrinationis.)</span> <span class='ocrx_word' id='word_1_477' title='bbox 1776 4755 1868 4810; x_wconf 79' lang='lat' dir='ltr'>tvol.</span> 
     </span>
    </p>
   </div>
   <div class='ocr_carea' id='block_1_20' title="bbox 1088 4882 1921 5092">
    <p class='ocr_par' dir='ltr' id='par_1_20' title="bbox 1088 4882 1921 5092">
     <span class='ocr_line' id='line_1_74' title="bbox 1175 4882 1920 4975; baseline 0.003 -20"><span class='ocrx_word' id='word_1_478' title='bbox 1175 4882 1333 4956; x_wconf 73' lang='lat' dir='ltr'>Rdmer</span> <span class='ocrx_word' id='word_1_479' title='bbox 1348 4894 1570 4956; x_wconf 85' lang='lat' dir='ltr'>Florianus</span> <span class='ocrx_word' id='word_1_480' title='bbox 1584 4894 1842 4957; x_wconf 85' lang='lat' dir='ltr'>Franciscus</span> <span class='ocrx_word' id='word_1_481' title='bbox 1859 4896 1920 4975; x_wconf 85' lang='lat' dir='ltr'>(de</span> 
     </span>
     <span class='ocr_line' id='line_1_75' title="bbox 1088 5011 1921 5092; baseline 0.002 -19"><span class='ocrx_word' id='word_1_482' title='bbox 1088 5031 1115 5074; x_wconf 91' lang='lat' dir='ltr'>s.</span> <span class='ocrx_word' id='word_1_483' title='bbox 1140 5011 1281 5073; x_wconf 91' lang='lat' dir='ltr'>Monte</span> <span class='ocrx_word' id='word_1_484' title='bbox 1298 5012 1567 5092; x_wconf 83' lang='lat' dir='ltr'>Pannoniae),</span> <span class='ocrx_word' id='word_1_485' title='bbox 1593 5014 1705 5074; x_wconf 90' lang='lat' dir='ltr'>abbas</span> <span class='ocrx_word' id='word_1_486' title='bbox 1730 5033 1756 5074; x_wconf 90' lang='lat' dir='ltr'>s.</span> <span class='ocrx_word' id='word_1_487' title='bbox 1775 5013 1921 5075; x_wconf 90' lang='lat' dir='ltr'>Ioannis</span> 
     </span>
    </p>
   </div>
   <div class='ocr_carea' id='block_1_21' title="bbox 1088 5133 1922 5461">
    <p class='ocr_par' dir='ltr' id='par_1_21' title="bbox 1088 5133 1922 5461">
     <span class='ocr_line' id='line_1_76' title="bbox 1089 5133 1922 5217; baseline 0.004 -23"><span class='ocrx_word' id='word_1_488' title='bbox 1089 5133 1194 5214; x_wconf 89' lang='lat' dir='ltr'>Bapt.</span> <span class='ocrx_word' id='word_1_489' title='bbox 1215 5134 1259 5194; x_wconf 91' lang='lat' dir='ltr'>de</span> <span class='ocrx_word' id='word_1_490' title='bbox 1275 5134 1403 5215; x_wconf 77' lang='lat' dir='ltr'>lanosi,</span> <span class='ocrx_word' id='word_1_491' title='bbox 1425 5134 1616 5196; x_wconf 90' lang='lat' dir='ltr'>canonicus</span> <span class='ocrx_word' id='word_1_492' title='bbox 1640 5134 1751 5197; x_wconf 91' lang='lat' dir='ltr'>dioec.</span> <span class='ocrx_word' id='word_1_493' title='bbox 1769 5135 1922 5217; x_wconf 88' lang='lat' dir='ltr'>Magno·</span> 
     </span>
     <span class='ocr_line' id='line_1_77' title="bbox 1088 5255 1921 5339; baseline 0.001 -22"><span class='ocrx_word' id='word_1_494' title='bbox 1088 5255 1334 5318; x_wconf 91' lang='lat' dir='ltr'>varadinensis</span> <span class='ocrx_word' id='word_1_495' title='bbox 1350 5257 1371 5320; x_wconf 88' lang='lat' dir='ltr'>l.</span> <span class='ocrx_word' id='word_1_496' title='bbox 1387 5278 1424 5339; x_wconf 90' lang='lat' dir='ltr'>r.,</span> <span class='ocrx_word' id='word_1_497' title='bbox 1443 5277 1471 5318; x_wconf 90' lang='lat' dir='ltr'>c.</span> <span class='ocrx_word' id='word_1_498' title='bbox 1488 5277 1513 5319; x_wconf 93' lang='lat' dir='ltr'>r.</span> <span class='ocrx_word' id='word_1_499' title='bbox 1532 5267 1568 5318; x_wconf 89' lang='lat' dir='ltr'>et</span> <span class='ocrx_word' id='word_1_500' title='bbox 1584 5278 1640 5338; x_wconf 92' lang='lat' dir='ltr'>ap.</span> <span class='ocrx_word' id='word_1_501' title='bbox 1658 5257 1737 5318; x_wconf 91' lang='lat' dir='ltr'>mai.</span> <span class='ocrx_word' id='word_1_502' title='bbox 1757 5257 1921 5319; x_wconf 88' lang='lat' dir='ltr'>consilia-</span> 
     </span>
     <span class='ocr_line' id='line_1_78' title="bbox 1089 5378 1921 5461; baseline 0.001 -21"><span class='ocrx_word' id='word_1_503' title='bbox 1089 5378 1172 5459; x_wconf 88' lang='lat' dir='ltr'>rius,</span> <span class='ocrx_word' id='word_1_504' title='bbox 1189 5398 1241 5440; x_wconf 89' lang='lat' dir='ltr'>aa.</span> <span class='ocrx_word' id='word_1_505' title='bbox 1256 5378 1290 5441; x_wconf 92' lang='lat' dir='ltr'>ll.</span> <span class='ocrx_word' id='word_1_506' title='bbox 1308 5388 1344 5441; x_wconf 88' lang='lat' dir='ltr'>et</span> <span class='ocrx_word' id='word_1_507' title='bbox 1360 5378 1486 5459; x_wconf 89' lang='lat' dir='ltr'>philos.</span> <span class='ocrx_word' id='word_1_508' title='bbox 1501 5380 1635 5461; x_wconf 91' lang='lat' dir='ltr'>doctor,</span> <span class='ocrx_word' id='word_1_509' title='bbox 1653 5379 1717 5441; x_wconf 94' lang='lat' dir='ltr'>ins.</span> <span class='ocrx_word' id='word_1_510' title='bbox 1733 5381 1807 5441; x_wconf 89' lang='lat' dir='ltr'>ord.</span> <span class='ocrx_word' id='word_1_511' title='bbox 1821 5398 1921 5441; x_wconf 94' lang='lat' dir='ltr'>coro-</span> 
     </span>
    </p>
   </div>
   <div class='ocr_carea' id='block_1_22' title="bbox 0 0 2097 6196">
    <p class='ocr_par' dir='ltr' id='par_1_22' title="bbox 0 0 2097 6196">
     <span class='ocr_line' id='line_1_79' title="bbox 0 0 2097 6196; baseline 0 0"><span class='ocrx_word' id='word_1_512' title='bbox 0 0 2097 6196; x_wconf 95' lang='lat' dir='ltr'> </span> 
     </span>
    </p>
   </div>
  </div>
 </body>
</html>
