4178 6196
878 492 921 500 -
965 454 1122 517 LXVIII
1167 491 1209 500 —

176 685 259 746 anni
283 683 486 747 scholastici
511 682 728 745 sollemniter
752 683 1016 745 celebrabatur.
1063 679 1227 742 Praemio
1244 699 1314 743 non
1331 679 1398 742 nisi
1415 680 1599 762 medaliae,
1623 689 1696 743 tres
1713 682 1748 743 in
1764 681 1917 765 singulis

177 821 361 904 classibus,
387 824 574 885 dabantur.

307 961 379 1026 Sed
404 982 561 1043 campus,
586 962 620 1024 in
645 981 714 1043 quo
732 959 1046 1023 Benedictinorum
1070 960 1157 1021 ordo
1183 958 1367 1020 erudiendi
1392 967 1428 1020 et
1452 958 1602 1021 docendi
1627 959 1799 1022 industria
1822 980 1916 1022 sum-

176 1121 269 1164 mam
293 1103 433 1164 laudem
458 1111 652 1182 meruerat,
677 1100 839 1183 angustis
863 1098 992 1162 finibus
1017 1098 1306 1179 circumscriptus
1332 1108 1387 1162 est
1410 1118 1502 1161 anno
1531 1103 1626 1181 1778,
1658 1119 1728 1181 quo
1760 1099 1915 1163 edictum

177 1250 241 1323 est,
266 1260 309 1303 ne
333 1241 367 1303 in
392 1241 625 1321 monasteriis,
649 1240 717 1302 nisi
740 1240 869 1321 quibus
894 1257 1102 1301 concessum
1126 1248 1223 1301 esset
1248 1238 1379 1301 iustum
1403 1222 1628 1321 gymnasium
1657 1238 1912 1322 („fdrmliches“

176 1378 433 1462 Gymnasium),
458 1390 497 1443 ut
519 1379 734 1442 monasterio
758 1377 1026 1460 Cremifanensi,
1050 1377 1263 1459 Meranensi,
1288 1376 1558 1459 Braunaviensi,
1583 1379 1628 1440 ad
1644 1377 1802 1461 linguam
1818 1377 1915 1441 Lati-

176 1540 258 1581 nam
286 1520 492 1582 discendam
526 1517 797 1581 admitterentur
827 1519 928 1599 pueri
959 1517 1026 1580 nisi
1057 1517 1118 1599 qui
1150 1526 1274 1580 cantus
1307 1537 1415 1579 causa
1447 1517 1712 1598 susciperentur
1736 1517 1915 1602 („Singer-

176 1659 369 1740 knaben“):
400 1658 604 1740 gymnasia,
636 1678 728 1739 quae
757 1677 928 1720 concessa
952 1668 1089 1740 essent,
1122 1658 1167 1718 ad
1200 1658 1346 1719 decreta
1378 1655 1605 1739 imperatoria
1636 1657 1915 1720 instituerentur.

176 1798 252 1860 Nec
276 1798 398 1878 solum,
423 1817 515 1879 quae
538 1816 595 1859 res
620 1810 690 1878 qua
713 1796 850 1859 ratione
874 1797 1100 1877 docerentur,
1126 1795 1387 1877 praescriptum
1411 1804 1479 1876 est,
1508 1797 1572 1857 sed
1596 1795 1721 1877 etiam,
1753 1816 1844 1877 quae
1868 1797 1914 1858 ad

177 1956 293 1998 mores
329 1946 436 2018 atque
472 1935 695 2017 disciplinam
730 1936 963 2017 spectabant,
1000 1934 1153 1997 decretis
1190 1933 1429 2017 imperatoriis
1465 1935 1659 1997 constituta
1690 1944 1781 1998 sunt.
1827 1934 1915 1997 Cum

176 2075 374 2156 antiquitus
398 2077 548 2137 abbates
573 2073 608 2136 in
632 2073 704 2136 suis
728 2075 952 2136 monasteriis
976 2076 1084 2136 rebus
1109 2074 1332 2136 scholasticis
1357 2073 1620 2155 praesiderent,
1651 2094 1744 2137 anno
1776 2078 1857 2152 1780
1883 2074 1915 2136 is

176 2217 288 2277 honor
311 2213 503 2276 abbatibus
526 2215 689 2276 ademtus
710 2222 818 2294 atque
843 2213 885 2274 iis
909 2213 1049 2276 delatus
1073 2222 1138 2294 est,
1163 2212 1224 2294 qui
1248 2213 1375 2294 cuique
1399 2213 1537 2295 regioni
1560 2223 1760 2295 praeerant,
1785 2212 1819 2275 in
1844 2232 1916 2294 qua

177 2355 344 2435 quodque
368 2352 620 2415 monasterium
644 2352 750 2415 situm
774 2362 859 2415 erat.
906 2351 1000 2433 Quin
1030 2352 1136 2414 etiam
1165 2351 1299 2414 lactum
1330 2362 1402 2434 est,
1436 2363 1475 2416 ut
1503 2372 1522 2415 e
1552 2352 1764 2434 quibusdam
1795 2372 1915 2415 mona·

177 2493 295 2556 steriis
319 2494 460 2556 scholae
484 2492 807 2555 transmitterentur
829 2492 865 2554 in
888 2491 1024 2573 oppida
1047 2490 1164 2554 vicina
1193 2501 1230 2554 et
1259 2491 1390 2553 civium
1423 2511 1567 2554 numero
1595 2491 1846 2574 frequentIora,
1875 2501 1916 2554 ut

177 2634 299 2695 schola
322 2631 548 2712 MellicensiS,
572 2650 663 2713 quae
688 2650 780 2693 anno
808 2635 884 2709 1781
912 2631 948 2693 in
971 2631 1196 2713 gymnasium
1220 2640 1357 2694 mutata
1374 2642 1438 2713 est,
1463 2632 1498 2695 in
1514 2631 1671 2714 regionis
1688 2642 1797 2712 caput
1813 2630 1915 2696 Sam-

178 2773 375 2854 politanum
392 2772 424 2853 ¹),
449 2772 570 2834 schola
594 2769 860 2851 Admontensis,
894 2789 985 2850 quae
1020 2788 1097 2849 1777
1131 2769 1166 2832 in
1198 2770 1423 2853 gymnasium
1455 2781 1591 2834 mutata
1622 2780 1695 2852 est,
1726 2770 1914 2832 Liubinam

176 2912 351 2973 translata
375 2920 430 2973 est
454 2911 564 2992 (1786)
592 2912 613 2992 ).

308 3050 367 3113 Ad
392 3069 453 3112 eas
476 3068 534 3112 res
557 3069 635 3111 cum
660 3049 745 3111 illud
769 3050 966 3129 accederet,
991 3060 1030 3111 ut
1054 3049 1269 3112 monasteria
1294 3069 1400 3131 quam
1423 3050 1573 3131 plurima
1595 3059 1913 3132 exaugurarentur,

176 3188 256 3251 finis
291 3190 487 3251 advenerat
521 3198 681 3250 veterum
718 3188 917 3250 scholarum
952 3187 1263 3250 monasterialium.
1314 3189 1354 3251 In
1387 3189 1511 3270 paucis
1547 3189 1788 3270 monasteriis,
1821 3209 1914 3270 quae

177 3329 302 3391 relicta
326 3339 435 3408 erant,
460 3328 603 3390 scholae
627 3329 819 3390 manebant
842 3348 968 3410 parum
991 3326 1249 3410 frequentatae,
1274 3347 1353 3390 cum
1378 3327 1581 3390 testimonia
1605 3347 1726 3390 earum
1751 3338 1915 3391 carerent

178 3468 322 3548 publica
357 3465 580 3529 auctoritate.
625 3464 760 3528 Versus
796 3476 852 3529 est
886 3468 1030 3529 tandem
1065 3466 1122 3528 hic
1158 3485 1274 3529 rerum
1308 3476 1424 3529 status
1458 3466 1771 3530 Benedictinorum
1805 3468 1914 3529 rebus

178 3604 429 3687 iniquissimus,
454 3624 500 3666 ex
524 3624 594 3686 quo
618 3604 830 3668 Franciscus
854 3605 880 3668 I.
904 3615 1055 3668 nanctus
1079 3615 1134 3668 est
1158 3626 1330 3668 summum
1355 3606 1550 3687 imperium,
1576 3605 1635 3686 qui
1660 3614 1783 3668 contra
1807 3626 1913 3687 quam

176 3743 312 3806 fecerat
346 3754 493 3826 patruus
528 3743 701 3824 Iosephus
732 3743 775 3806 ΙΙ.
811 3744 988 3826 religiosis
1024 3744 1275 3807 sodalitatibus
1307 3764 1393 3827 prae
1425 3744 1554 3808 ceteris
1586 3745 1737 3806 docendi
1768 3763 1914 3806 munera

176 3883 211 3944 in
234 3881 431 3964 gymnasiis
455 3880 630 3944 commisit
653 3891 689 3945 et
712 3901 782 3944 non
806 3882 918 3944 solum
944 3882 1130 3964 concessit,
1156 3893 1194 3946 ut
1216 3882 1252 3945 in
1276 3883 1319 3945 iis
1343 3882 1578 3965 monasteriis,
1603 3903 1694 3964 quae
1711 3886 1913 3964 manebant,

175 4019 316 4099 privata
339 4020 526 4103 gymnasia
550 4022 794 4102 conderentur,
819 4032 927 4101 atque
951 4040 1003 4103 ea,
1029 4040 1120 4102 quae
1145 4031 1219 4083 tum
1243 4031 1354 4102 erant,
1380 4023 1592 4086 auctoritate
1614 4042 1678 4084 sua
1702 4021 1913 4104 interposita

176 4160 419 4240 conservavit,
451 4162 515 4222 sed
539 4160 645 4223 etiam
669 4160 711 4222 iis
735 4160 976 4241 monasteriis,
1008 4180 1099 4242 quae
1131 4164 1177 4223 ab
1208 4161 1286 4243 ipso
1319 4161 1487 4224 restituta
1519 4172 1618 4242 sunt,
1650 4180 1728 4223 eam
1759 4161 1914 4224 maxime

176 4299 304 4361 statuit
326 4300 453 4382 legem,
478 4309 516 4362 ut
539 4299 659 4380 pueris
684 4298 886 4361 erudiendis
911 4318 1055 4381 operam
1080 4301 1216 4362 darent.

304 4439 420 4501 Tanto
444 4438 567 4501 favore
591 4438 769 4501 sublevati
792 4438 1035 4520 Benedictini,
1061 4459 1273 4520 quamquam
1298 4440 1485 4522 Napoleon
1509 4441 1534 4502 Ι.
1565 4450 1724 4503 extremo
1748 4440 1914 4521 proximo

176 4579 319 4641 saeculo
343 4587 451 4659 atque
476 4579 543 4640 hoc
566 4577 710 4640 ineunte
734 4589 848 4640 terras
872 4577 1084 4641 Austriacas
1107 4578 1246 4641 infestis
1270 4579 1376 4641 armis
1401 4580 1633 4661 devastabat,
1667 4588 1787 4642 tamen
1816 4579 1912 4642 omni

172 4716 298 4779 virium
328 4717 553 4781 contentione
583 4719 698 4779 denuo
730 4717 765 4778 in
794 4736 867 4779 rem
900 4716 1015 4779 ordini
1048 4716 1370 4780 coniunctissimam
1404 4718 1649 4782 incubuerunt.
1695 4718 1801 4781 Anno
1830 4724 1912 4797 1804

173 4857 398 4939 gymnasium
415 4857 631 4937 Mellicense,
657 4857 752 4937 quod
776 4856 811 4919 in
829 4856 999 4938 oppidum
1016 4854 1300 4938 Sampolitanum
1323 4856 1441 4920 fuerat
1464 4858 1684 4940 translatum,
1708 4858 1912 4921 restitutum

173 5005 279 5077 atque
316 4996 579 5078 professoribus
615 4995 774 5058 eiusdem
808 4996 1014 5058 monasterii
1049 4996 1273 5059 commissum
1308 5007 1363 5061 est
1377 4999 1412 5078 ³).
1458 4997 1565 5060 Anno
1602 5001 1679 5077 1807
1717 4999 1913 5080 imperator

302 5188 324 5270 ¹)
349 5191 533 5248 Geschichte
557 5190 610 5246 des
635 5190 849 5264 Gymnasiums
873 5209 933 5246 von
957 5190 1047 5249 Melk.

302 5301 324 5383 2)
349 5305 458 5370 Fuchs,
483 5303 615 5359 Admont
639 5303 657 5359 l.
683 5324 708 5360 c.

299 5414 323 5494 ³)
348 5416 524 5491 Keiblinger
548 5415 566 5471 l.
591 5434 617 5471 c.
