4208 6194
943 487 985 497 —
1031 450 1154 514 XCVI
1199 489 1239 498 -

223 692 351 759 postea
384 677 525 759 singula
559 676 773 738 monasteria
804 675 1087 758 Cremifanense,
1118 677 1379 757 Lambacense,
1408 675 1599 759 Scotense,
1622 677 1759 740 Mariae
1784 677 1955 760 Cellense,

225 816 467 898 Gottvicense,
485 816 690 899 Garstense,
708 818 954 880 Admontense
977 817 1116 880 omissis
1140 817 1411 880 auctoritatibus
1433 819 1715 898 perseverabant
1731 819 1762 896 ¹).
1805 817 1856 879 At
1871 836 1957 879 vero

224 959 367 1021 nomina
389 958 566 1019 annalium
589 957 812 1038 scriptorum,
836 977 915 1020 cum
939 967 1082 1039 praeter
1097 956 1315 1019 Fridericum
1332 954 1564 1019 Garstensem
1587 956 1703 1018 nullus
1727 955 1958 1038 adscripserit

224 1116 362 1178 nomen,
385 1095 536 1178 proferri
558 1116 627 1158 non
651 1106 810 1178 possunt.

353 1235 467 1315 Quam
491 1235 782 1298 consuetudinem
805 1235 952 1297 annales
975 1234 1154 1297 scribendi
1177 1234 1285 1297 etiam
1307 1233 1368 1296 filii
1392 1255 1419 1298 s.
1443 1234 1631 1298 Benedicti
1659 1235 1695 1297 in
1719 1234 1891 1298 Bohemia
1920 1244 1955 1297 et

224 1374 386 1437 Moravia
408 1375 572 1437 viventes
602 1374 741 1437 ardenti
772 1374 890 1437 studio
922 1374 1079 1455 amplexi
1110 1384 1201 1437 sunt.
1248 1373 1470 1456 Quamquam
1494 1375 1590 1437 vitae
1614 1394 1641 1438 s.
1659 1373 1848 1436 Adalberti
1872 1374 1957 1436 Pra-

223 1515 345 1597 gensis
379 1514 540 1596 episcopi
574 1524 611 1576 et
642 1512 816 1577 Guntheri
850 1516 896 1576 ab
931 1513 1089 1576 externis
1125 1513 1359 1596 scriptoribus
1392 1513 1577 1594 profectae
1608 1523 1691 1575 sunt
1705 1515 1739 1594 ²),
1771 1524 1890 1575 tamen
1921 1513 1956 1575 in

224 1652 416 1716 Bohemiae
440 1653 663 1715 monasteriis
686 1672 795 1734 saepe
820 1652 1022 1735 descriptae
1053 1664 1089 1715 et
1117 1653 1225 1715 variis
1252 1673 1323 1715 non
1350 1673 1528 1734 nunquam
1555 1652 1661 1715 etiam
1690 1652 1790 1716 falsis
1819 1653 1957 1716 addita-

223 1792 351 1855 mentis
374 1804 501 1855 auctae
525 1802 616 1855 sunt.

353 1932 408 1995 Ibi
431 1932 635 1994 Herodotus
656 1931 758 2012 quasi
779 1931 950 1994 historiae
966 1931 1180 1994 Bohemicae
1197 1929 1355 2012 Cosmas,
1380 1931 1554 1994 ecclesiae
1570 1931 1765 2012 Pragensis
1788 1932 1956 2009 decanus

223 2071 340 2134 factus
371 2083 442 2145 est;
477 2070 750 2134 commentarios
782 2090 865 2133 suos
895 2071 1102 2153 plerumque
1133 2091 1179 2132 ex
1208 2070 1395 2133 annalibus
1417 2069 1697 2152 Pragensibus3)
1730 2071 1864 2151 hausit,
1897 2069 1958 2152 qui

224 2212 367 2273 saeculo
391 2210 458 2273 XI.
484 2210 648 2292 dispositi
672 2211 718 2271 ab
742 2230 834 2272 anno
859 2230 918 2289 997
944 2211 990 2271 ad
1013 2209 1182 2271 historiae
1204 2206 1311 2271 fidem
1335 2208 1527 2291 conscripti
1551 2219 1641 2271 sunt.
1677 2207 1782 2289 Quod
1807 2229 1959 2272 commo-

223 2359 324 2412 verat
341 2348 497 2431 CosmaS,
522 2369 592 2411 non
616 2349 855 2412 intermissum
879 2358 934 2411 est
957 2349 1128 2429 multique
1151 2368 1267 2410 rerum
1283 2358 1464 2430 gestarum
1481 2347 1722 2429 explicatores
1738 2348 1957 2429 prodierunt,

225 2488 259 2550 in
284 2508 430 2569 quorum
454 2489 662 2551 societatem
684 2486 748 2550 filii
771 2508 798 2552 s.
823 2488 1011 2551 Benedicti
1039 2506 1109 2550 non
1138 2488 1214 2550 sine
1240 2488 1346 2550 laude
1369 2497 1555 2550 venerunt.
1601 2485 1757 2567 Quorum
1786 2487 1821 2550 in
1849 2487 1959 2549 libros

224 2626 401 2690 referendi
424 2637 506 2690 sunt
528 2629 674 2690 annales
698 2625 954 2709 GradicenseS,
986 2627 1046 2709 qui
1073 2627 1254 2689 monachis
1282 2647 1309 2689 s.
1333 2626 1521 2689 Benedicti
1544 2628 1660 2690 locum
1685 2627 1852 2688 dantibus
1874 2625 1956 2688 filiis

224 2765 391 2829 Norberti
419 2765 625 2847 intermissi,
650 2786 671 2828 a
694 2767 866 2828 monacho
891 2764 1147 2847 Opatovicensi
1170 2785 1274 2846 porro
1297 2766 1441 2828 tractati
1464 2776 1546 2827 sunt
1560 2768 1594 2846 4).
1638 2765 1772 2828 Eodem
1797 2776 1958 2846 tempore

224 2905 416 2967 monachus
440 2905 583 2987 ignotus
608 2903 832 2968 Sazaviensis
857 2904 1005 2968 Cosmae
1029 2905 1128 2967 libris
1153 2906 1328 2986 quaedam
1356 2925 1403 2967 ex
1433 2904 1620 2967 annalibus
1642 2904 1957 2968 Hersfeldensibus

224 3053 269 3124 et,
293 3064 386 3125 quae
410 3043 505 3106 fama
529 3054 564 3106 et
587 3044 769 3106 auditione
793 3054 993 3127 acceperat,
1016 3043 1154 3106 addidit
1171 3063 1303 3126 eosque
1319 3045 1365 3106 ad
1381 3063 1511 3106 annum
1532 3047 1610 3105 1162
1630 3053 1684 3105 est
1704 3053 1915 3125 prosecutus
1924 3045 1958 3124 ⁵).

223 3182 348 3264 Neque
372 3183 488 3245 minus
516 3182 551 3244 in
579 3184 656 3245 aliis
684 3206 711 3248 s.
736 3183 923 3246 Benedicti
953 3182 1177 3246 monasteriis
1207 3183 1334 3246 litteris
1365 3183 1640 3263 mandabantur,
1673 3182 1702 3244 si
1735 3201 1825 3264 quae
1858 3191 1959 3245 erant

222 3320 365 3383 maioris
389 3323 558 3385 momenti
572 3322 607 3403 6).

350 3600 371 3681 ι)
395 3603 525 3660 Annales
550 3605 739 3662 Mellicenses
765 3605 938 3661 dividuntur
963 3606 992 3660 in
1015 3606 1048 3677 a)
1070 3604 1202 3660 Annales
1227 3603 1418 3659 Mellicenses
1442 3600 1491 3681 (ab
1516 3622 1594 3658 anno
1622 3599 1794 3681 1—1123)‚
1825 3603 1856 3676 b)
1879 3604 1960 3660 Con·

223 3716 415 3773 tinuationem
446 3716 648 3774 Mellicensem
682 3714 933 3795 (1124—1564),
969 3717 998 3788 c)
1024 3717 1199 3772 Auctarium
1230 3716 1404 3772 Mellicense
1434 3712 1659 3794 (508—1269).
1701 3715 1832 3772 Annales
1864 3719 1959 3793 ipsius

222 3831 393 3885 monasterii
410 3828 642 3886 Cremiianensis
666 3831 810 3905 incipiunt
833 3828 872 3886 ab
889 3847 967 3886 anno
990 3844 1070 3901 1139
1096 3841 1126 3884 et
1141 3827 1313 3883 dividuntur
1329 3830 1357 3883 in
1374 3829 1406 3901 a)
1423 3827 1683 3884 Continuati0nem
1700 3827 1957 3886 Cremisanensem

221 3937 467 4020 (1139-1216),
492 3941 523 4014 b)
538 3941 712 3998 Auctarium
730 3941 954 3999 Cremifanense
971 3937 1196 4018 (249—1217).
1229 3939 1361 3997 Annales
1385 3937 1610 3996 Lambacenses
1633 3943 1691 4016 ipsi
1716 3943 1894 4016 incipientes
1917 3940 1957 3998 ab

220 4071 298 4110 anno
320 4054 399 4111 1128
416 4053 586 4110 dividuntur
603 4057 631 4110 in
651 4056 683 4128 a)
699 4055 873 4111 Auctarium
888 4053 1098 4111 Lambacense
1114 4050 1362 4131 (1128-1197),
1386 4053 1418 4127 b)
1433 4053 1696 4110 Continuationem
1714 4052 1954 4111 Lambacensem

221 4163 468 4245 (1197—1348).
500 4167 632 4224 Annales
655 4167 826 4234 Scotorum,
852 4187 929 4225 nunc
953 4168 1147 4225 Continuatio
1171 4166 1333 4224 Scotorum
1357 4168 1508 4232 nominati,
1538 4169 1683 4242 incipiunt
1706 4167 1744 4223 ab
1768 4186 1845 4224 anno
1874 4181 1952 4240 1225

221 4292 250 4334 et
273 4280 441 4354 procedunt
464 4279 501 4336 ad
524 4299 631 4336 annum
661 4296 750 4354 1233.
790 4282 934 4338 Auctario
958 4282 1072 4337 Mariae
1098 4280 1238 4348 Cellensi‚
1267 4280 1349 4355 quod
1372 4294 1508 4346 vocatur,
1537 4281 1727 4336 continentur
1751 4283 1819 4335 anni
1844 4278 1951 4353 978—

224 4405 314 4464 1259.
340 4391 472 4448 Annales
488 4392 704 4451 Gottvicenses
728 4412 823 4450 annos
845 4392 1056 4466 1068—1230
1080 4395 1328 4469 complectuntur.
1354 4393 1536 4450 Garstenses
1552 4395 1580 4448 in
1597 4393 1770 4449 Auctarium
1788 4392 1955 4449 Garstense

219 4499 433 4582 (480-1139)
451 4518 481 4561 et
497 4507 757 4563 Continuationem
774 4507 971 4564 Garstensem
988 4505 1014 4585 (1
1026 4507 1168 4564 182-12
1173 4504 1235 4585 57),
1259 4507 1480 4564 Admontenses
1497 4508 1526 4562 in
1542 4506 1665 4563 annales
1682 4509 1765 4582 ipsos
1782 4503 1954 4584 (1-1139)

221 4629 251 4672 et
274 4617 533 4674 Continuationem
559 4619 793 4677 Admontensem
818 4617 1054 4699 (1182—1257)
1078 4620 1258 4676 dividuntur.
1290 4621 1379 4677 Plura
1401 4620 1470 4677 vide
1493 4618 1573 4695 apud
1595 4618 1795 4676 Wattenbach
1821 4620 1838 4676 l.
1865 4639 1890 4676 c.
1915 4620 1952 4675 11.

349 4727 370 4808 2)
394 4730 596 4788 Wattenbach
621 4733 638 4788 l.
665 4752 690 4789 c.
715 4733 751 4788 II.

348 4840 371 4921 ³)
396 4843 481 4899 Edid.
507 4844 542 4900 R.
569 4846 677 4921 deke
701 4847 730 4901 in
753 4847 839 4902 Pertz
864 4845 882 4902 l.
908 4865 933 4902 c.
959 4844 1015 4903 SS.
1040 4847 1091 4902 IX.

347 4953 369 5034 ⁴)
392 4954 479 5012 Edid.
497 4955 699 5014 Wattenbach
723 4961 752 5014 in
777 4960 863 5015 Pertz
889 4958 908 5016 l.
933 4976 958 5014 c.
983 4956 1040 5015 SS.
1064 4959 1160 5015 XVII.

347 5067 369 5145 ⁵)
394 5067 479 5124 Edid.
505 5069 540 5124 R.
566 5069 685 5145 Kripke.

346 5174 368 5257 ὁ)
392 5177 593 5237 Wattenbach
617 5182 635 5238 l.
653 5201 678 5238 c.
703 5183 740 5238 II.
766 5183 940 5240 Radimillus
963 5184 1012 5240 vel
1036 5184 1243 5241 Rothomanus
1266 5181 1372 5251 abbas,
1397 5202 1485 5259 quem
1502 5182 1700 5258 Ziegelbauer
1723 5184 1741 5240 l.
1759 5203 1784 5241 c.
1801 5184 1853 5240 III.
1872 5197 1949 5240 teste

218 5290 342 5348 Balbino
369 5294 531 5366 „Origines
555 5293 784 5352 Klatovienses“
812 5314 890 5353 saec.
913 5297 979 5352 XII.
1004 5298 1165 5371 scripsisse
1189 5295 1269 5364 dicit,
1302 5296 1452 5353 hocloco
1477 5298 1624 5352 numerari
1648 5315 1707 5353 non
1731 5310 1848 5372 potest,
1883 5316 1950 5353 cum

217 5404 348 5460 Klatovii
373 5402 475 5482 (Frind
500 5407 517 5462 l.
542 5425 568 5462 c.
592 5403 642 5484 ΙΙ.)
666 5410 879 5464 monasterium
904 5408 1019 5465 ordinis
1042 5428 1066 5464 s.
1085 5408 1238 5466 Benedicti
1262 5426 1412 5484 nunquam
1438 5407 1534 5465 suerit.
