4178 6196
871 431 1126 500 „31-

129 658 204 701 curn
220 638 327 699 laude
344 637 474 718 docuit,
492 636 657 717 privatim
671 654 756 698 vero
772 635 958 718 religiosos

129 759 353 822 convictores
376 758 536 839 aliosque
560 758 594 820 in
617 757 739 840 lingua
760 756 901 822 Graeca
924 767 960 821 et

130 881 267 946 Gallica
283 880 461 963 instruxit,
484 889 520 942 et
540 879 575 941 in
596 878 790 942 cathedrali
807 879 960 942 ecclesia

129 1006 173 1067 de
190 1014 365 1086 suggestu
378 1003 569 1065 vernacula
585 1002 717 1084 lingua,
734 1002 769 1064 in
786 1003 867 1065 aula
880 1021 960 1065 aca-

128 1127 266 1189 demica
289 1135 328 1188 ut
352 1143 499 1205 praeses
520 1123 810 1206 congregationis
830 1124 959 1186 Maria-

128 1268 194 1311 nae
210 1248 339 1311 Latina
362 1246 570 1329 saepissime
591 1267 670 1309 cum
690 1247 796 1308 laude
817 1266 960 1329 perora·

129 1371 190 1434 vit.
215 1369 437 1432 Consecutus
461 1380 516 1431 est
543 1370 694 1452 gradum
718 1369 960 1432 academicum

128 1515 154 1556 s.
172 1493 375 1575 theologiae
392 1492 558 1572 doctoris,
574 1490 865 1573 archiepiscopus
881 1509 961 1552 eum

129 1614 264 1694 recepit
279 1613 372 1676 inter
384 1632 467 1675 suos
481 1611 712 1705 consiliarios,
726 1623 762 1674 et
774 1631 866 1674 anno
879 1631 960 1690 1749

119 1734 205 1798 'erat
218 1738 375 1798 decanus
388 1734 570 1798 facultatis
582 1735 816 1817 theologicae.
832 1733 961 1795 Elabo-

128 1859 220 1921 ravit
232 1858 415 1921 historiam
425 1857 667 1920 universitatis
677 1854 961 1937 Salisburgensis

129 2001 221 2043 anno
243 1988 322 2059 1017
346 1981 529 2062 fundatae,
553 1990 589 2041 et
611 1979 645 2040 in
666 1977 827 2040 sollemni
849 1977 961 2039 mille-

129 2105 228 2166 nario
259 2103 519 2167 Lunaelacensi
552 2101 719 2163 festivam
755 2098 960 2162 concionem

129 2227 252 2289 habuit
269 2246 349 2289 cum
366 2225 444 2287 aliis
460 2225 558 2306 typis
579 2223 789 2303 impressam
809 2221 844 2283 in
860 2221 960 2283 Man·

130 2349 217 2410 tissa
241 2348 397 2410 chronici
412 2345 689 2410 Lunaelacensis
710 2364 801 2423 1749.
824 2342 890 2405 Vir
912 2343 961 2404 la-

130 2471 305 2552 boriosus,
322 2490 402 2532 cum
419 2470 540 2532 oblata
553 2468 620 2530 sibi
637 2467 756 2530 munia
769 2477 805 2528 et
820 2467 962 2528 labores

130 2613 295 2657 recusare
323 2613 393 2655 non
417 2591 540 2673 vellet,
568 2590 611 2652 iis
634 2589 778 2651 nimium
803 2590 962 2668 obrutus,

129 2714 422 2800 hypochondriae
439 2714 563 2776 morbo
579 2711 727 2774 multum
743 2710 867 2772 vexari
884 2729 963 2771 eoe-

130 2841 198 2922 pit,
227 2848 263 2901 et
290 2836 501 2918 Salisburgo
532 2835 673 2897 domum
704 2832 825 2913 rediit,
854 2832 962 2914 paulo

130 2971 212 3043 post
243 2957 517 3040 Wislighofensi
554 2955 825 3038 praepositurae
861 2973 963 3036 prae-

131 3082 246 3146 fectus
272 3092 346 3162 est,
374 3080 434 3142 ubi
458 3099 496 3141 se
525 3078 709 3161 egregium
734 3095 964 3139 oeconomum

130 3204 354 3286 monstravit,
379 3212 608 3265 accrescente
631 3218 717 3262 vero
740 3199 833 3261 malo
854 3197 963 3260 vitam

130 3327 313 3388 mortalem
328 3326 378 3387 ibi
396 3323 562 3403 deposuit
579 3322 636 3384 die
654 3342 704 3399 ²9·
721 3320 807 3383 Maii
829 3322 918 3398 1755.

217 3446 432 3529 Sequuntur,
455 3465 547 3527 quae
564 3445 661 3527 typis
678 3462 851 3524 expressa
867 3453 963 3505 sunt:

218 3576 239 3630 Ι.
257 3575 393 3631 Historia
410 3573 506 3629 almae
520 3555 551 3628 et
562 3571 833 3646 archiepiscopalis
845 3572 965 3626 univer·

131 3683 227 3736 sitatis
244 3678 487 3753 Salisburgensis
504 3676 559 3733 sub
576 3694 649 3732 cura
665 3688 782 3751 patrum
795 3673 964 3730 Benedicti-

131 3803 245 3840 norum.
263 3781 426 3847 Bondorsri‚
449 3781 539 3854 1728.

217 3906 255 3961 11.
277 3901 510 3977 'l‘ausendli'tltig
534 3915 701 3977 gesegnete
723 3900 874 3969 Rebecca,
900 3900 928 3956 d.
945 3903 963 3956 i.

131 4011 207 4067 Ehr·
223 4009 282 4065 und
299 4007 442 4065 Lobrede
464 4011 493 4064 in
519 4007 585 4063 dem
608 4005 870 4080 tausendjzihrigen
885 4003 966 4061 lubi·

130 4115 195 4172 laeo
223 4114 277 4170 des
306 4112 398 4169 uralt·
425 4113 486 4167 und
514 4110 744 4167 hoehloblichen
773 4108 878 4165 Stiftes
905 4107 965 4164 und

132 4219 270 4275 Klosters
282 4218 418 4282 Monsee‚
436 4216 550 4272 ordinis
563 4235 587 4271 s.
600 4214 764 4281 Benedicti,
782 4213 840 4269 den
857 4228 881 4269 1.
896 4212 965 4286 Tag

132 4323 276 4381 Octobris
300 4335 505 4395 vorgetragen
526 4339 586 4376 von
607 4319 764 4396 plurimum
785 4317 964 4383 reverendo,

131 4428 360 4502 religiosissimo
384 4444 420 4481 ac
445 4425 612 4482 clarissimo
638 4426 669 4481 P.
693 4424 831 4479 Romano
858 4423 964 4491 Endel,

132 4531 305 4609 principalis
323 4532 499 4587 monasterii
522 4529 559 4585 ad
581 4548 604 4584 s.
624 4528 753 4583 Blasium
770 4526 922 4604 professo,
940 4546 964 4583 s.

133 4636 304 4710 theologiae
333 4633 460 4691 doctore
488 4646 517 4689 et
545 4631 678 4688 eiusdem
709 4632 737 4686 in
768 4633 964 4687 universitate

133 4735 767 4814 Salisburgensi.scholastico-dogmaticas
787 4734 964 4812 professore

73 4914 77 4921 Δ
133 4845 294 4909 ordinario
321 4841 566 4898 reverendissimi
591 4841 737 4916 principis
761 4852 791 4896 et
815 4839 963 4915 archiepi-

132 4951 214 5025 scopi
224 4945 470 5021 Salisburgensis
481 4944 654 5001 consiliario
669 4943 888 5001 ecclesiastico.
899 4940 928 5020 (i.
936 4961 961 4999 e.

133 5053 238 5109 Oratio
260 5053 446 5129 panegyrica
465 5052 494 5105 in
511 5048 589 5104 sesto
606 5047 726 5105 iubilaei
748 5066 827 5105 mon.
844 5048 964 5103 Lunae·

132 5153 281 5233 lacensis.)

214 5268 960 5361 EnderleHenricus(Scotensis-Ex-

132 5394 462 5478 wiblingensis),
487 5406 591 5458 natus
612 5407 667 5459 est
688 5397 722 5458 in
738 5395 873 5476 oppido
888 5394 961 5457 Do-

1038 635 1232 698 naurieden
1268 634 1454 697 anterioris
1490 635 1668 716 quondam
1700 633 1871 696 Austriae

1039 781 1068 837 4.
1098 755 1176 820 Oct.
1210 761 1299 836 1782.
1336 756 1422 819 Erat
1452 756 1616 838 proxima
1642 756 1871 837 vico=patrio

1040 879 1186 943 abbatia
1213 877 1249 944 S.
1277 880 1316 942 P.
1344 879 1385 942 N.
1415 878 1621 960 Benedicti,
1648 878 1869 961 Wiblingen,

1039 1022 1152 1085 prope
1173 1003 1324 1086 Ulmam,
1350 1002 1385 1065 in
1406 1022 1477 1085 qua
1501 1023 1527 1065 1.
1545 999 1644 1083 Sept.
1670 1006 1746 1064 1801
1771 1001 1870 1063 habi·

1040 1135 1113 1188 tum
1137 1137 1299 1189 sanctum
1323 1125 1474 1206 accepit.
1498 1124 1686 1187 Professus
1712 1145 1758 1187 11.
1779 1124 1870 1186 Nov.

1045 1253 1135 1330 1804,
1160 1249 1328 1310 sacerdos
1353 1246 1536 1309 ordinatus
1561 1257 1616 1308 est
1639 1245 1870 1308 Constantiae

1042 1391 1092 1432 21.
1109 1374 1191 1432 Dec.
1213 1373 1302 1430 1805.
1323 1368 1492 1431 Proximo
1509 1388 1611 1449 anno,
1629 1388 1707 1431 cum
1725 1368 1872 1432 abbatia

1041 1502 1097 1554 sat
1113 1492 1283 1571 opulenta
1295 1490 1491 1554 victoribus
1503 1492 1638 1571 praeda
1655 1492 1833 1573 cessisset,
1850 1511 1872 1553 a

1041 1614 1213 1696 regimine
1230 1614 1408 1677 austriaco
1429 1613 1605 1697 religiosis
1627 1615 1785 1677 oblatum
1806 1624 1870 1696 est,

1041 1747 1089 1818 ut,
1104 1746 1278 1819 quotquot
1289 1738 1432 1818 vellent,
1446 1737 1481 1798 in
1494 1735 1668 1818 Galiciam
1681 1736 1872 1800 transirent

1041 1869 1078 1920 et
1094 1858 1286 1939 abbatiam,
1299 1857 1448 1941 Tynieci
1463 1858 1603 1920 nomine
1619 1877 1732 1939 prope
1745 1857 1871 1921 Craco·

1040 1980 1145 2062 viam,
1156 1980 1268 2042 amice
1281 2000 1360 2043 cum
1373 1978 1532 2061 pristinis
1545 1979 1722 2061 indigenis
1734 1978 1871 2042 habita·

1041 2103 1177 2165 toribus
1190 2103 1393 2166 incolerent.
1405 2103 1559 2164 Iuvenes
1568 2101 1766 2182 Alemanni,
1776 2103 1872 2183 quod

1042 2226 1200 2288 oblatum
1224 2236 1288 2307 est,
1312 2223 1471 2288 studiose
1494 2223 1651 2304 amplexi
1672 2233 1753 2285 sunt
1776 2233 1811 2286 et
1831 2224 1870 2286 P.
1904 2280 1909 2287 .

1042 2347 1218 2410 Henricus
1235 2367 1313 2410 cum
1331 2346 1448 2410 multis
1463 2346 1633 2409 fratribus
1650 2350 1730 2408 1800
1743 2346 1873 2428 Tynie-

1042 2469 1134 2550 cium
1147 2470 1330 2552 profectus
1342 2478 1408 2551 est,
1425 2472 1518 2532 unde
1531 2469 1651 2532 statim
1664 2468 1872 2532 Cracoviam

1043 2603 1098 2654 est
1114 2592 1252 2673 missuS,
1268 2592 1426 2674 linguam
1443 2591 1608 2653 Latinam
1630 2591 1664 2653 in
1685 2591 1873 2674 gymnasio

1043 2713 1248 2776 academico
1270 2713 1417 2775 iuvenes
1434 2714 1611 2776 docturus
1637 2712 1710 2776 Sed
1727 2733 1806 2776 cum
1823 2713 1873 2775 in-

1044 2836 1088 2896 de
1099 2854 1240 2916 quoque
1250 2834 1481 2897 bellofratres
1491 2835 1764 2916 expellerentur,
1774 2835 1874 2897 multi

1044 2977 1163 3020 eorum
1180 2957 1213 3019 in
1232 2957 1414 3020 Austriam
1430 2956 1574 3038 reversi,
1596 2976 1679 3037 pars
1700 2957 1892 3039 theologi.

1044 3078 1095 3142 cis
1108 3079 1143 3141 in
1157 3079 1249 3141 univ.
1260 3079 1415 3141 Vindob.
1429 3078 1645 3161 magisteriis
1657 3077 1769 3141 functi
1781 3089 1872 3160 sunt,

1044 3200 1104 3262 alii
1120 3200 1198 3263 aliis
1215 3201 1250 3263 in
1266 3200 1501 3284 monasteriis,
1522 3200 1699 3263 Henricus
1720 3201 1754 3262 in
1775 3220 1874 3262 asce-

1044 3322 1134 3385 terio
1151 3322 1192 3384 B.
1208 3323 1256 3385 M.
1273 3323 1317 3385 V.
1339 3325 1385 3385 ad
1402 3322 1531 3392 Scotos
1547 3322 1708 3385 Viennae
1731 3344 1781 3401 24.
1798 3323 1873 3384 Iun.

1049 3450 1125 3507 1811
1153 3446 1337 3528 professus
1361 3465 1515 3526 moxque
1539 3444 1574 3506 in
1597 3444 1802 3526 parochiam
1828 3445 1875 3506 ad

1045 3587 1071 3629 s.
1089 3567 1297 3630 Udalricum
1320 3569 1560 3631 suburbanam
1586 3575 1798 3649 cooperator
1821 3576 1875 3628 est

1044 3688 1182 3752 missus.
1206 3688 1275 3751 Die
1297 3711 1347 3767 29.
1365 3687 1444 3752 Oct.
1467 3692 1546 3750 1818
1568 3688 1607 3750 P.
1625 3688 1773 3751 Urbano
1793 3689 1876 3749 sub·

1045 3810 1141 3891 prior
1171 3821 1207 3873 et
1238 3809 1450 3873 novitiorum
1485 3810 1657 3893 magister
1692 3809 1874 3873 successit.

1044 3931 1183 4014 Quibus
1204 3933 1407 3995 muneribus
1425 3932 1602 3995 abdicatis
1618 3952 1711 3994 anno
1733 3937 1813 4010 1824
1829 3932 1875 3993 ad

1045 4055 1247 4135 parochiam
1257 4053 1549 4117 inWaitzendorf
1555 4052 1730 4136 migravit.
1741 4052 1874 4114 Verum

1045 4176 1208 4257 proximo
1224 4195 1317 4238 anno
1334 4175 1463 4238 seniori
1480 4175 1755 4238 administratori
1772 4193 1875 4254 paro-

1045 4298 1145 4361 chiae
1169 4300 1215 4360 ad
1237 4318 1263 4359 s.
1287 4297 1493 4359 Udalricum
1517 4296 1705 4359 adiunctus
1729 4306 1792 4375 est,
1818 4294 1874 4356 cui

1045 4419 1214 4483 defuncto
1243 4424 1322 4481 1828
1348 4419 1524 4500 parochus
1548 4417 1730 4481 successit.
1762 4416 1874 4478 Paulo

1044 4551 1127 4622 post
1139 4561 1225 4605 vero
1242 4546 1323 4616 1830
1339 4542 1515 4621 parochus
1532 4539 1741 4621 designatus
1758 4540 1874 4601 estad

1044 4684 1070 4726 s
1088 4663 1316 4726 Laurentium
1338 4663 1372 4725 in
1389 4661 1679 4723 Hoebersbrunn.
1704 4660 1873 4742 Ingrave-

1044 4796 1167 4848 scente
1188 4805 1257 4847 non
1282 4796 1355 4846 tam
1375 4793 1504 4863 aetate,
1530 4801 1635 4862 quam
1660 4780 1872 4862 infirmitate,

1043 4907 1236 4988 praecipue
1248 4906 1371 4969 auditu
1380 4904 1568 4968 deficiente
1578 4903 1613 4965 in
1622 4903 1874 4966 monasterium

1042 5031 1155 5103 redux
1172 5028 1221 5090 ibi
1236 5027 1413 5090 habitavit
1428 5029 1543 5089 laetus
1563 5037 1599 5088 et
1619 5024 1741 5087 hilaris
1757 5025 1873 5087 animo

1042 5172 1154 5234 usque
1182 5153 1227 5213 ad
1257 5156 1306 5214 28.
1335 5151 1424 5214 Nov.
1456 5153 1552 5231 1851,
1582 5168 1651 5231 quo
1681 5149 1737 5210 die
1764 5149 1873 5211 letum

1042 5274 1195 5356 oppetiit
1211 5293 1323 5337 annos
1339 5283 1443 5336 natus
1460 5278 1511 5352 69.

1128 5396 1363 5477 Conscripsit:
