4178 6196
900 409 1181 478 ,310-

173 588 383 653 sacrificium
392 592 471 654 Deo
480 592 617 656 obtulit.
635 591 831 656 Catecheta
842 593 888 655 ad
901 593 1001 655 66116-
1039 603 1043 703 l

172 714 243 776 lam
277 714 466 795 parochiae
504 713 761 797 Gottvicensis,
797 715 1001 796 capellanus

174 836 256 899 dein
271 837 394 900 localis
409 838 444 900 in
460 838 730 902 Brunnkirchen
747 848 783 901 et
794 838 1005 901 Ietzelsdorf

174 958 387 1021 constitutus
404 960 450 1022 ab
466 979 558 1022 anno
580 980 656 1040 1797
675 980 819 1023 1111111616
840 944 1001 1043 611117111οἷ

173 1080 221 1142 ris
242 1089 278 1143 et
298 1082 459 1163 magistri
475 1083 686 1146 novitiorum
708 1082 872 1166 fungens,
894 1084 1001 1147 intro·

175 1201 291 1264 ductis
311 1203 438 1265 studiis
462 1205 671 1286 theologicis
695 1206 899 1269 domesticis
922 1225 1002 1287 pro-

174 1323 386 1387 fessoratum
399 1325 600 1408 theologiae
614 1327 839 1409 dogmaticae
852 1328 1001 1409 accepit,

175 1465 278 1526 quem
292 1465 360 1528 per
380 1468 417 1509 10
434 1467 546 1510 annos
558 1450 719 1531 gerebat.
747 1452 827 1511 1805
845 1448 941 1529 prior
957 1449 1002 1511 si·

174 1568 245 1628 mul
266 1569 480 1632 constitutus
501 1569 608 1631 etiam
624 1569 877 1632 bibliothecam
893 1570 1002 1632 admi·

174 1688 346 1753 nistravit.
364 1690 423 1753 Ab
432 1693 564 1754 abbate
575 1691 768 1755 Altmanno
781 1693 1002 1756 administra·

174 1821 230 1873 tor
245 1811 280 1875 in
296 1812 430 1875 Kottes
454 1823 490 1876 et
513 1814 595 1876 dein
618 1814 654 1878 in
674 1815 768 1878 Nalb
789 1815 1002 1878 constitutus

175 1942 239 2015 est,
255 1935 315 1997 ubi
332 1935 386 1997 vir
401 1936 580 2017 piissimus
596 1937 654 2000 die
671 1943 717 2001 18.
732 1937 831 2019 Sept.
850 1942 924 2026 1821
941 1958 1003 2000 ex·

174 2066 324 2118 tremum
341 2056 433 2119 diem
450 2058 584 2121 clausit.
607 2059 770 2155 Reliquit
787 2079 890 2141 opus:

261 2199 357 2256 Biblia
384 2220 472 2258 sacra
500 2221 577 2278 quae
604 2216 663 2258 tam
691 2205 719 2258 in
748 2202 905 2260 codicibus
933 2203 1003 2259 olim

176 2321 262 2359 manu
279 2307 410 2361 exaratis
425 2325 514 2380 quam
531 2305 570 2362 ab
583 2305 769 2363 incunabulis
782 2309 1003 2384 typographiae

175 2408 324 2482 usquead
340 2422 445 2466 nostra
461 2422 598 2486 tempora
614 2410 694 2467 edita
713 2409 898 2468 bibliotheca
913 2412 1003 2469 Gott-

174 2514 304 2569 vicensis
318 2513 457 2571 custodit.
477 2513 566 2573 1808.
588 2531 599 2572 1
614 2508 685 2572 tom.
703 2517 758 2572 Ms.
773 2519 802 2572 in
814 2515 886 2574 bibl.
896 2516 1002 2574 Gottv.

177 2615 296 2674 adserv.
314 2618 370 2675 Νο.
388 2617 460 2691 964.

263 2783 413 2856 Μ111161·
449 2795 659 2859 Antonius
695 2797 1004 2880 (Mellicensis)‚

73 2940 84 2965 ··
176 2920 281 2974 natus
297 2911 441 2975 Mellicii
458 2935 487 2992 9.
504 2913 590 2976 Maii
610 2934 690 2993 1729
707 2917 887 2979 saeculum
904 2915 1004 2999 igno·

177 3054 259 3096 rans
279 3035 357 3097 Deo
380 3055 419 3098 se
444 3036 577 3100 dicavit
601 3047 685 3100 vota
706 3057 841 3101 vovens
866 3061 891 3103 1.
912 3039 1002 3103 Nov.

182 3177 271 3236 1747.
289 3158 547 3240 Philosophicis
564 3169 600 3223 et
615 3159 825 3242 theologicis
839 3162 1003 3224 excultus

177 3279 383 3362 disciplinis
397 3302 475 3344 cum
491 3286 540 3344 28.
555 3281 633 3347 Oct.
651 3287 729 3361 1753
748 3283 893 3345 calicem
910 3286 1002 3346 salu·

177 3401 264 3465 taris
286 3402 470 3466 Altissimo
495 3404 698 3486 obtulisset,
726 3424 764 3466 se
788 3425 853 3485 pro
877 3425 1001 3468 curan-

177 3524 232 3586 dis
248 3524 434 3612 animabus
450 3535 571 3608 aptum
587 3526 752 3608 reddidit,
775 3546 907 3608 easque
927 3537 1001 3589 tum

177 3646 213 3708 in
236 3645 421 3729 Getsdorf‚
449 3658 522 3711 tum
550 3649 585 3710 in
606 3649 859 3712 Draiskirchen
883 3650 1002 3712 multis

177 3768 278 3830 annis
295 3771 440 3834 curavit.
464 3771 615 3833 Domum
632 3791 795 3834 reversus
812 3783 931 3834 custos
948 3792 1002 3834 sa-

176 3912 257 3955 crae
278 3893 489 3974 supellectili
511 3893 723 3976 praefectus
745 3895 911 3977 religioso
928 3895 1003 3956 viro

176 4015 321 4098 dignam
338 4016 447 4079 vitam
464 4017 576 4099 duxit,
594 4018 705 4079 donec
723 4017 915 4099 apoplexia
929 4037 1004 4079 cor·

176 4148 309 4220 reptus,
326 4138 383 4200 die
405 4138 539 4203 1111111.
557 4158 635 4218 1772
653 4138 830 4201 hominem
847 4126 1003 4201 exueret.

263 4278 431 4361 Scripsit:

263 4423 370 4504 Derin
386 4425 486 4480 seiner
498 4423 627 4480 Demuth
642 4423 701 4479 und
715 4423 880 4497 Erhohung
896 4441 1005 4497 grosse
1034 4445 1037 4449 ⁴

176 4526 306 4584 lacobus
322 4527 478 4604 Philippus
493 4529 588 4584 Maria
604 4529 735 4596 Bertoni,
757 4545 810 4583 aus
826 4525 893 4583 dem
915 4527 1006 4600 heilig

177 4633 235 4689 und
259 4631 508 4690 weltberdhmten
532 4633 637 4690 Orden
664 4632 719 4690 der
742 4631 853 4688 Diener
880 4649 1006 4688 unserer

176 4736 274 4794 lieben
298 4738 430 4803 Franco,
455 4737 494 4794 da
520 4738 568 4795 die
592 4739 671 4796 hohe
694 4738 882 4814 Begangniss
906 4738 1006 4792 seiner

177 4841 455 4918 Seeligsprechung
471 4843 528 4901 den
546 4843 643 4901 2.Ι111.
661 4841 739 4916 1762
758 4845 786 4898 in
802 4842 868 4898 dem
882 4841 1005 4898 Kloster

177 4946 380 5016 Schonbtichl‚
393 4947 470 5004 eben
480 4949 579 5004 dieses
592 4948 721 5023 heiligen
731 4946 852 5005 Ordens
864 4946 913 5003 bei
925 4944 1005 5001 zahl·

177 5052 294 5108 reicher
309 5051 515 5127 Volksmenge
539 5052 682 5126 leyerlich
707 5051 866 5128 begangen
891 5049 1004 5107 wurde.

177 5150 206 5232 (i.
230 5173 257 5211 e.
282 5155 329 5212 De
351 5155 572 5213 beatificatione
599 5155 701 5214 lacobi
729 5156 857 5232 Philippi
881 5155 1005 5211 Bertoni

178 5262 285 5316 concio
302 5258 469 5338 festivalis.)
487 5262 520 5317 In
536 5262 619 5316 einer
630 5257 804 5316 Ehrenrede
817 5258 1005 5333 vorgestellt.

179 5363 317 5433 Krembs,
339 5362 490 5439 1762,14⁰,
507 5362 555 5421 bei
573 5364 675 5438 Ignatz
692 5363 794 5419 Anton
809 5362 908 5420 Praxl.

689 5509 703 5539 Ι

1170 585 1321 659 Mulier
1348 596 1643 659 Bonaventura
1664 595 1918 678 (Breunove

1083 712 1563 793 no÷Braunensis).Natus
1572 712 1733 777 Viennae
1742 713 1916 776 Austriae

1081 835 1139 898 die
1159 856 1206 898 12.
1223 835 1318 918 Aug.
1340 839 1430 917 1745,
1452 835 1606 898 novitius
1626 834 1827 899 tirocinium
1845 835 1915 897 Be·
1999 881 2003 891 .

1082 957 1297 1020 nedictinum
1311 958 1502 1020 Bievnovii
1518 958 1637 1039 subiit,
1653 968 1690 1021 et
1707 958 1765 1022 die
1777 963 1807 1023 8.
1821 957 1913 1021 Nov.

1087 1084 1165 1159 1767
1195 1080 1360 1143 Braunae
1387 1101 1414 1144 6.
1442 1081 1601 1163 regulam
1630 1079 1816 1162 professus
1847 1090 1913 1144 est.

1084 1201 1247 1265 Initiatus
1264 1203 1321 1265 die
1339 1224 1388 1281 29.
1405 1203 1480 1267 11111.
1501 1208 1580 1282 1773
1599 1222 1626 1267 6.
1639 1205 1913 1287 presbyteratus

1084 1325 1207 1387 ordine
1223 1324 1381 1406 suscepit
1397 1323 1551 1387 officium
1573 1325 1734 1407 magistri
1754 1325 1791 1387 in
1811 1345 1913 1409 gym-

1084 1446 1183 1508 nasio
1197 1446 1371 1527 Braunae,
1389 1457 1425 1509 et
1437 1447 1544 1528 paulo
1556 1456 1639 1528 post
1650 1446 1911 1529 philosophiam

1083 1578 1119 1632 et
1139 1569 1355 1652 theologiam
1380 1569 1415 1632 in
1438 1568 1601 1632 instituto
1625 1568 1831 1632 monasterii
1852 1572 1911 1633 do·

1084 1712 1163 1755 cere
1180 1692 1296 1754 iussus
1308 1701 1373 1756 est.
1390 1692 1536 1755 Exactis
1549 1692 1663 1755 hocin
1676 1710 1823 1754 munere
1836 1693 1912 1774 plu·

1084 1814 1182 1877 ribus
1198 1815 1299 1877 annis
1315 1815 1510 1897 subprioris
1526 1813 1651 1877 Policii
1668 1825 1704 1876 et
1720 1814 1802 1877 dein
1820 1814 1911 1906 prio·
1930 1885 1932 1887 g

1082 1936 1130 1998 ris
1147 1936 1338 1999 Bievnovii
1355 1956 1443 1999 onus
1456 1936 1631 1999 sustinuit.
1657 1935 1714 2000 Ob
1726 1937 1912 2018 praeclara

1084 2057 1118 2121 in
1134 2057 1261 2121 litteris
1285 2079 1326 2121 ac
1347 2060 1479 2121 tuenda
1497 2058 1691 2140 'disciplina
1714 2058 1911 2124 monastica

1084 2179 1210 2242 merita
1247 2180 1435 2242 consiliarii
1470 2180 1667 2243 consistorii
1702 2180 1910 2263 archiepisc.

1084 2303 1277 2386 Pragensis
1301 2313 1336 2366 et
1360 2304 1517 2366 eiusdem
1539 2304 1735 2366 adsessoris
1757 2304 1911 2368 obtinuit

1084 2426 1305 2508 dignitatem.
1330 2425 1438 2490 Senio
1458 2427 1601 2489 tandem
1625 2426 1811 2491 confectus
1827 2428 1912 2490 Bre-
1947 2508 1959 2519 ²

1083 2547 1204 2610 vnovii
1227 2548 1368 2629 placida
1391 2557 1503 2611 morte
1529 2549 1725 2632 exspiravit
1754 2570 1801 2613 10.
1823 2551 1911 2632 Apr.

1089 2673 1180 2732 1830.

1173 2793 1213 2855 In
1230 2793 1344 2855 lucem
1361 2792 1488 2855 edidit:

1172 2920 1193 2975 1.
1211 2918 1412 2994 Abhandlung
1427 2921 1543 2993 einiger
1559 2918 1787 2995 geoffenbarten
1801 2920 1911 2976 Wahr·

1082 3024 1191 3092 leiren,
1209 3024 1256 3081 die
1273 3043 1340 3080 man
1357 3026 1408 3080 itzt
1424 3026 1453 3080 in
1466 3023 1589 3081 Zweisel
1604 3024 1693 3081 zicht.
1717 3025 1791 3080 Zum
1805 3025 1914 3082 Unter·

1084 3128 1160 3184 richt
1173 3127 1231 3183 und
1243 3129 1357 3184 Nutzen
1370 3127 1423 3184 des
1436 3131 1593 3203 gemeinen
1603 3129 1738 3185 Mannes.
1751 3124 1781 3206 (i.
1792 3147 1818 3185 e.
1829 3126 1913 3204 Apo·

1084 3231 1165 3307 logia
1193 3232 1394 3288 doctrinarum
1422 3232 1628 3288 nonnullarum
1654 3232 1721 3288 fidei
1746 3232 1913 3290 catholicae

1083 3337 1240 3412 popularis
1261 3350 1290 3392 et
1311 3334 1503 3415 opportuna.)
1525 3336 1592 3393 Vol.
1611 3356 1709 3393 unum.
1735 3335 1778 3394 8⁰.
1807 3351 1865 3394 112
1883 3356 1912 3413 p.

1082 3441 1209 3516 Pragae‚
1227 3441 1306 3517 apud
1322 3441 1430 3498 Franc.
1448 3441 1618 3498 Gerzabek.
1640 3439 1730 3515 1798.

1173 3544 1210 3601 11.
1235 3545 1455 3620 Widerlegung
1480 3548 1563 3602 einer
1586 3542 1715 3614 Schrist,
1742 3547 1840 3602 worin
1867 3546 1915 3602 ein

1084 3651 1148 3705 sein
1172 3650 1323 3707 sollender
1349 3649 1717 3706 rdmisch·katholischer
1740 3648 1863 3706 Plarrer
1886 3651 1914 3706 111

1083 3750 1239 3811 Schlesien
1267 3768 1494 3811 unternommen
1518 3755 1569 3810 hat
1595 3773 1630 3809 zu
1654 3755 1819 3822 erweisen,
1843 3753 1915 3811 dass

1085 3860 1186 3916 weder
1201 3857 1249 3915 die
1265 3859 1436 3914 christliche
1452 3858 1592 3932 Religion
1608 3859 1686 3914 noch
1703 3857 1751 3914 die
1767 3859 1914 3915 romisch-

1085 3964 1272 4022 katholische
1289 3963 1400 4019 Kirche
1421 3962 1469 4018 die
1490 3963 1579 4018 allelu
1599 3961 1844 4037 seligmachende
1860 3964 1913 4019 sei.

1086 4067 1154 4148 (1.6.
1172 4067 1340 4142 Redarguit
1355 4067 1543 4123 sacerdotem
1563 4079 1732 4142 apostatam
1754 4078 1915 4141 negantem

1086 4174 1243 4230 ecclesiam
1260 4173 1355 4228 solam
1368 4167 1552 4249 salvificam.)
1562 4170 1629 4228 Vol.
1640 4189 1738 4228 unum.
1753 4169 1796 4228 8⁰.
1810 4185 1848 4244 33
1854 4185 1871 4244 5
1882 4190 1912 4247 p.

1087 4280 1213 4353 Pragae‚
1231 4275 1310 4353 apud
1326 4276 1375 4333 Fr.
1393 4274 1564 4332 Gerzabek.
1587 4289 1677 4349 1799.

1172 4401 1225 4456 111.
1242 4398 1394 4456 Summula
1412 4400 1488 4455 scitu
1505 4399 1746 4454 necessariorum
1762 4396 1801 4453 ad
1817 4397 1915 4473 legiti-

1085 4524 1162 4562 mam
1183 4504 1456 4561 ecclesiasticorum
1477 4503 1613 4559 ordinum
1637 4503 1862 4577 susceptionem
1885 4515 1917 4558 et

1086 4627 1240 4666 munerum
1253 4608 1539 4665 ecclesiasticorum.
1554 4606 1620 4663 Vol.
1636 4625 1734 4663 unum.
1748 4604 1791 4663 8⁰.
1810 4620 1871 4680 272
1885 4625 1914 4682 p.

1086 4716 1213 4788 Pragae‚
1230 4716 1259 4770 in
1275 4711 1397 4769 libraria
1413 4713 1535 4788 losephi
1552 4712 1678 4768 Krauss
1701 4710 1790 4768 1822.

1172 4862 1323 4935 Muller
1351 4872 1685 4935 Ferdinandus
1717 4871 1914 4955 (Raigra-

1086 4991 1272 5072 diensis).
1300 4991 1408 5054 Anno
1440 4995 1520 5070 1726
1549 5011 1577 5053 2.
1606 4991 1709 5052 Febr.
1738 4989 1913 5054 Olomucii

1084 5115 1234 5176 honesta
1250 5133 1297 5176 ex
1312 5112 1446 5176 familia
1460 5113 1669 5196 progenitus
1691 5133 1733 5176 ac
1754 5113 1814 5195 pie
1830 5114 1913 5176 edu·

1087 5246 1197 5317 catus,
1221 5235 1400 5317 propriam
1420 5235 1684 5298 inclinationem
1704 5246 1850 5298 secutus
1867 5234 1911 5297 ad

1087 5359 1204 5423 studia
1224 5359 1350 5421 altiora
1367 5379 1405 5421 se
1422 5359 1586 5422 accinxit.
1610 5358 1843 5422 Perlustratis
1863 5358 1912 5420 in·
