4178 6196
905 424 1186 511 -448-

176 629 305 701 —1814
332 624 551 706 Tyrnaviae,
586 631 766 704 1814-15
796 626 1006 691 Comaromii

177 746 293 808 officio
310 746 522 826 professoris
533 767 654 829 gymn.
667 748 824 832 functus,
840 751 956 813 redux
971 750 1006 811 in

177 888 203 929 s.
226 876 391 947 montem,
416 869 542 930 studiis
566 870 672 932 theol.
696 872 853 951 vacavit,
878 872 1007 953 quibus

177 989 349 1050 absolutis
366 989 491 1052 diedo.
510 990 605 1072 Aug.
624 996 703 1070 1819
721 993 921 1056 sacerdotio
943 994 1007 1056 ini-

176 1110 286 1172 tiatus
299 1119 363 1171 est.
392 1116 559 1190 1819-24
573 1114 690 1174 denuo
700 1114 913 1195 Tyrnaviae,
928 1120 1006 1193 1824

177 1236 305 1294 -1826
318 1233 459 1315 Iaurini,
481 1238 649 1314 1826-39
665 1235 791 1298 iterum
804 1236 1006 1318 Tyrnaviae

177 1354 367 1436 professor,
393 1361 561 1435 1839-50
581 1358 743 1438 superior
763 1360 888 1420 domus
904 1368 940 1421 et
956 1358 1008 1420 di-

177 1486 293 1537 rector
308 1477 496 1558 gymnasii,
519 1482 685 1541 1850-52
705 1480 866 1559 superior
881 1481 1006 1541 domus

176 1596 318 1679 ibidem,
347 1600 392 1660 ab
420 1619 512 1662 anno
545 1605 622 1662 1852
653 1601 847 1682 spiritualis
875 1600 1007 1663 Iaurini

178 1718 286 1800 degit,
308 1721 368 1781 ubi
385 1720 442 1781 die
460 1725 488 1784 o.
505 1721 594 1783 Nov.
617 1725 696 1799 1804
718 1722 776 1802 010
798 1722 833 1783 10
854 1722 1006 1783 Domino

178 1841 400 1904 obdormivit.
426 1841 591 1924 Scripsit:

265 1966 332 2023 Ode
364 1966 530 2023 honoribus
561 1987 623 2024 rev.
652 1987 688 2023 ac
716 1968 864 2042 magnifici
896 1968 1006 2024 domini

176 2069 331 2125 Michaelis
356 2071 571 2138 Adamkovits‚
600 2071 720 2128 abbatis
749 2091 772 2127 5.
798 2073 953 2128 Michaelis
978 2075 1007 2128 in

175 2173 273 2228 insula
289 2174 321 2229 B.
339 2175 377 2230 M.
391 2175 426 2230 V.
446 2177 526 2231 iuxta
544 2176 667 2244 Budam,
684 2175 752 2231 dum
770 2194 825 2251 per
840 2176 1006 2239 districtum

177 2276 352 2333 litterarium
370 2279 586 2335 Posoniensem
607 2283 774 2356 superioris
796 2283 871 2354 regii
892 2279 1006 2336 studio-

177 2399 239 2434 rum
265 2394 294 2436 et
318 2382 487 2439 scholarum
509 2384 669 2441 directoris
693 2404 799 2441 munus
822 2385 1007 2441 sollemniter

176 2488 393 2560 auspicaretur.
419 2489 470 2543 Pie
492 2487 593 2544 oblata
614 2508 669 2564 per
685 2491 870 2546 Clementem
887 2488 1005 2564 Skutyil

175 2606 254 2644 anno
275 2588 365 2660 1831.
383 2591 565 2665 Tyrnaviae.
582 2593 679 2668 Typis
696 2594 817 2649 Ioannis
834 2595 921 2670 Bapt.
939 2594 1006 2649 leli·

175 2694 243 2749 nek.
265 2699 306 2765 4⁰.
328 2707 343 2766 7
361 2715 390 2770 p.

263 2839 473 2913 Slemenik
513 2853 766 2916 Valentinus
810 2818 1005 2935 (Admon-

176 2968 336 3050 tensis),
361 2968 489 3052 Styrus
514 2991 581 3033 es
607 2969 755 3053 Georgii
779 2991 893 3053 prope
919 2972 1006 3034 Rei-

175 3091 334 3152 cheneck
355 3112 379 3153 1.
396 3092 491 3174 Aug.
513 3096 603 3173 1843,
621 3092 747 3155 studiis
764 3093 798 3155 in
816 3113 844 3157 c.
860 3114 887 3157 r.
904 3115 1006 3177 gym-

175 3211 275 3273 nasio
285 3211 474 3275 Celleiensi
486 3233 622 3276 summa
637 3235 715 3276 cum
727 3216 834 3277 laude
850 3218 1005 3296 peractis

175 3333 374 3397 Admontes
391 3334 489 3397 venit
506 3345 542 3398 et
558 3356 650 3398 anno
671 3341 748 3399 1865
771 3338 896 3400 habitu
916 3360 942 3400 s.
964 3339 1004 3401 P.

175 3454 362 3518 Benedicti
392 3457 535 3519 indutus
560 3468 633 3531 est;
661 3459 852 3541 theologici
881 3479 1005 3521 cursus

175 3595 286 3636 annos
302 3576 377 3637 fere
394 3579 543 3659 explens
561 3599 607 3641 ex
623 3579 746 3642 ordine
767 3600 933 3663 egressus
950 3591 1004 3643 est

180 3717 225 3758 10.
244 3698 347 3759 Mart
370 3704 450 3776 1870
465 3701 566 3762 brevi
582 3712 743 3783 tempore
764 3713 847 3764 ante
869 3702 1004 3784 profes-

175 3818 310 3880 sionem
326 3821 528 3902 religiosam
545 3824 761 3885 sollemnem.

262 3958 392 4041 Opera,
418 3961 618 4024 Admontes
643 3964 791 4045 scripta,
818 3975 854 4026 et
877 3973 1004 4045 postea

173 4080 270 4164 typis
287 4084 455 4144 mandata
472 4094 568 4145 sunt:

261 4227 282 4282 Ι.
310 4226 477 4301 Isdajavec.
506 4227 722 4301 Zgodovinska
750 4242 869 4303 povest.
902 4229 1004 4305 Spisal

174 4330 207 4385 F.
218 4331 252 4386 V.
270 4329 433 4387 Slemenik.
459 4308 559 4387 lzdala
575 4331 688 4388 druiba
704 4352 748 4388 sv.
767 4333 894 4389 Mohora
911 4353 928 4390 v
946 4335 1003 4390 Ce-

175 4432 252 4489 locu.
276 4433 458 4492 Slovenskih
482 4438 622 4493 vedernic
639 4438 748 4493 XXIX.
766 4439 886 4494 zvezek.
913 4438 1002 4512 1873.

174 4539 319 4593 Natisnila
332 4540 494 4596 tiskarnica
507 4541 1002 4599 1110111051’.Μο1101011.Οο10100.

175 4640 217 4698 8⁰.
246 4644 309 4697 Der
337 4643 511 4701 Verrather.
550 4645 794 4703 Geschichtlichc
822 4648 1002 4722 Erziihlung.

174 4743 346 4822 (Enarratio
363 4748 528 4828 historica.)
546 4751 735 4824 Klagenlurt,
756 4750 845 4824 1873.

261 4852 298 4907 ll.
317 4853 434 4908 Kriiem
452 4867 546 4909 51010.
568 4855 785 4929 Zgodovinska
797 4869 915 4931 povest.
932 4855 1002 4931 Spi-

174 4955 217 5011 sal
239 4956 275 5012 V.
301 4956 463 5014 Slemenik.
496 4958 595 5015 lzdala
622 4962 650 5014 in
674 4960 798 5016 zalolila
822 4960 934 5016 druiba
958 4979 1001 5016 sv.

135 5068 138 5076 '
173 5061 300 5116 Mohora
327 5081 345 5117 v
373 5062 515 5119 Celoucu.
549 5063 639 5136 1877.
667 5065 812 5120 Natisnila
839 5065 1002 5121 tiskarnica

173 5162 284 5219 druibe
301 5185 345 5221 sv.
360 5167 487 5222 Mohora
500 5188 517 5223 v
531 5168 673 5225 Celovcu.
692 5168 733 5225 8⁰.
752 5170 837 5238 Quer
848 5169 942 5225 durch
955 5168 1002 5224 die

174 5267 266 5322 Welt.
280 5268 713 5347 GcschichtlicheErzahlung.
723 5268 917 5350 (Enarratio.)
931 5273 1002 5328 Kla-

174 5371 303 5443 gensum,
326 5373 415 5447 1877.

1173 618 1300 691 Slouk
1326 629 1587 691 Adalbertus
1612 631 1918 715 (Raigradien-

1087 747 1178 828 sis),
1215 746 1375 809 honestis
1407 766 1452 807 ex
1483 748 1693 828 parentibus
1729 749 1919 812 rusticanis

1088 855 1241 930 Zabcicii
1262 869 1297 929 in
1318 888 1414 949 pago
1430 869 1621 949 parochiae
1637 869 1918 952 Magno-Seelo-
1990 903 1996 916 ·

1087 990 1240 1051 vicensis
1261 994 1307 1054 15.
1325 989 1411 1051 Maii
1432 994 1511 1052 1825
1529 999 1738 1072 procreatus
1755 1000 1792 1053 et
1809 991 1917 1054 sacris

1088 1112 1296 1174 Christianis
1309 1112 1468 1175 initiatus
1480 1112 1632 1175 lacobus
1646 1122 1806 1178 vocatur.
1824 1114 1917 1176 Puer

1088 1235 1220 1316 ingenii
1252 1236 1395 1298 dotibus
1423 1235 1643 1316 praecellens
1670 1235 1830 1297 scholam
1858 1256 1917 1318 pa·

1087 1357 1199 1438 triam,
1224 1357 1259 1418 in
1286 1377 1356 1437 qua
1380 1356 1576 1418 litterarum
1600 1357 1778 1418 elementa
1801 1359 1916 1419 trade·

1086 1480 1225 1559 bantur,
1235 1477 1370 1558 optimo
1380 1497 1459 1539 cum
1470 1497 1638 1540 successu
1652 1478 1822 1559 visitavit,
1832 1489 1914 1561 tum,

1087 1610 1125 1661 ut
1135 1600 1359 1680 paupertatis
1371 1619 1459 1660 onus
1471 1600 1677 1679 parentibus
1689 1601 1837 1683 levaret,
1846 1612 1915 1664 stu-

1088 1721 1146 1782 dio
1162 1721 1212 1782 rei
1230 1721 1464 1783 scholasticae
1482 1723 1609 1783 ductus
1631 1741 1772 1785 cursum
1787 1744 1852 1806 pro
1867 1725 1914 1786 lu-

1088 1842 1304 1923 dimagistris
1317 1843 1576 1924 praescriptum
1590 1843 1733 1905 Brunae
1746 1844 1913 1925 visitavit,

1088 1984 1157 2044 quo
1174 1975 1320 2045 peracto
1337 1963 1504 2026 Calendis
1518 1963 1740 2045 Septembris
1758 1971 1837 2043 1843
1854 1967 1913 2048 hy·

1086 2085 1338 2166 podidascalus
1352 2086 1563 2167 Augezdum
1576 2095 1631 2148 est
1644 2087 1783 2168 missus,
1800 2096 1839 2149 ut
1854 2087 1914 2150 ibi·

1088 2207 1167 2268 dem
1184 2226 1310 2268 munus
1327 2228 1427 2269 suum
1445 2210 1677 2289 excurrend0,
1691 2229 1826 2290 pagum
1838 2229 1913 2291 pro

1087 2328 1257 2409 pinquum
1269 2329 1456 2391 Zadanium
1470 2330 1691 2411 adimpleret,
1705 2334 1801 2412 quod
1815 2351 1913 2394 cunc·

1087 2450 1132 2511 tis
1149 2450 1433 2530 approbantibus
1449 2472 1514 2532 per
1525 2452 1713 2514 triennium
1727 2453 1913 2533 praestitit.

1086 2572 1304 2634 Testimonia
1329 2574 1413 2634 data
1437 2573 1486 2634 illi
1506 2584 1580 2634 tum
1601 2595 1623 2635 a
1643 2576 1786 2636 domino
1805 2575 1914 2638 Anto·

1086 2695 1144 2757 nio
1161 2665 1310 2776 Spitzak
1327 2696 1628 2777 protodydascalo
1650 2715 1725 2778 suo,
1751 2707 1826 2759 tum
1841 2717 1875 2779 p.
1891 2706 1913 2759 t.

1087 2817 1245 2878 Antonio
1262 2817 1306 2877 de
1322 2816 1513 2879 Hoffmann
1531 2819 1730 2880 scholarum
1750 2820 1913 2900 praeside

1086 2939 1305 3018 custodeque
1333 2958 1397 3018 per
1424 2939 1604 3001 dioecesin
1633 2941 1853 3003 Brunensem
1881 2950 1914 3003 et

1085 3060 1268 3139 hucusque
1290 3061 1480 3122 adservata
1501 3060 1646 3142 faciunt,
1673 3071 1711 3124 ut
1735 3082 1819 3124 vere
1845 3063 1914 3125 dic·

1085 3191 1158 3243 tum
1175 3181 1350 3243 videatur.
1374 3181 1480 3243 Vitae
1499 3182 1679 3244 solitariae
1695 3202 1815 3244 amore
1832 3203 1915 3245 vero

1086 3303 1213 3363 ductus
1229 3303 1429 3383 plenusque
1446 3302 1696 3384 persuasionis,
1711 3306 1807 3384 quod
1823 3304 1915 3366 vires

1085 3423 1243 3502 corporis
1261 3424 1314 3485 sui
1330 3424 1484 3505 impares
1502 3433 1621 3487 essent
1647 3426 1692 3486 ad
1716 3444 1825 3487 onera
1845 3435 1915 3487 sta-

1083 3555 1140 3605 tus
1164 3544 1296 3607 diutius
1321 3545 1548 3628 perferenda,
1574 3546 1673 3608 cuius
1695 3546 1915 3610 conditiones

1083 3666 1306 3747 repudiabat,
1332 3665 1445 3729 Slouk
1469 3669 1515 3728 ad
1538 3667 1643 3730 finem
1668 3669 1750 3730 anni
1777 3670 1915 3746 1841110

1084 3799 1241 3852 nostrum
1262 3789 1395 3870 suscipi
1408 3790 1511 3871 petiit
1528 3791 1779 3853 monasterium
1797 3803 1834 3854 et
1850 3812 1915 3873 per

1085 3915 1252 3975 abbatem
1276 3913 1458 3974 Victorem
1486 3913 1579 3974 datis
1606 3915 1734 3976 litteris
1767 3937 1815 3978 11.
1842 3916 1915 3978 Ian.

1089 4039 1167 4113 1847
1182 4035 1256 4097 voti
1269 4054 1414 4115 compos
1428 4034 1590 4097 efficitur.
1615 4037 1774 4099 Ductore
1790 4046 1828 4100 et
1844 4058 1915 4100 ma-

1084 4158 1196 4239 gistro
1220 4157 1451 4218 celeberrimo
1477 4158 1661 4219 Moraviae
1689 4162 1914 4242 topographo

1085 4278 1258 4360 Gregorio
1290 4279 1424 4358 Wolny
1459 4299 1523 4360 per
1560 4281 1753 4343 novitiatus
1784 4302 1914 4344 annum

1084 4409 1249 4481 prompto
1274 4400 1390 4461 animo
1416 4402 1544 4461 collum
1568 4401 1726 4463 subdidit
1751 4402 1835 4484 iugo
1860 4424 1914 4465 sa·

1084 4542 1165 4583 crae
1193 4522 1418 4583 obedientiae
1446 4532 1482 4584 et
1510 4525 1605 4603 quod
1635 4524 1809 4604 reliquum
1837 4535 1914 4587 erat

1083 4643 1263 4724 temporis,
1286 4643 1438 4725 negotiis
1455 4644 1562 4706 variis
1579 4645 1669 4709 laico
1689 4644 1790 4707 fratri
1812 4665 1914 4727 prae·

1083 4765 1236 4846 scriptis,
1251 4775 1346 4827 totus
1360 4776 1513 4846 quantus
1527 4766 1696 4827 discendo
1709 4777 1745 4828 et
1758 4766 1914 4829 scriben-

1084 4889 1129 4948 do
1151 4887 1352 4950 dedicabat.
1377 4887 1483 4948 Anno
1504 4891 1583 4949 1853
1608 4910 1635 4965 o.
1653 4887 1757 4952 Mart.
1779 4890 1826 4950 ad
1846 4889 1913 4949 sol-

1082 5011 1233 5070 lemnem
1250 5010 1426 5070 admissus
1443 5018 1497 5070 est
1514 5008 1774 5088 professionem
1796 5019 1832 5070 et
1853 5029 1913 5070 ex-

1083 5131 1164 5192 inde
1181 5130 1348 5211 aequiore
1365 5130 1481 5191 animo
1498 5132 1544 5191 ad
1561 5129 1679 5191 officia
1700 5151 1764 5192 sua
1781 5130 1913 5193 disces·

1083 5252 1129 5314 sit
1145 5272 1208 5334 spe
1225 5253 1293 5313 sibi
1310 5252 1504 5334 affulgente
1521 5252 1596 5313 fore
1618 5262 1667 5332 ut,
1694 5252 1789 5314 datis
1811 5272 1913 5333 prae-

1083 5374 1210 5455 missiS,
1228 5375 1428 5437 sacerdotio
1445 5374 1652 5437 initiaretur.
1678 5373 1778 5454 Quae
1787 5373 1913 5437 Victor
