4178 6196
904 465 1051 534 „41
1113 485 1162 494 ..

159 672 279 710 carmen
289 649 608 728 Latinum'elegiacum
620 653 809 729 inscriptum:
820 652 989 710 Valedictio

158 759 251 815 monti
268 757 460 825 Bezdezensi,
482 756 565 832 quod
582 774 702 813 carmen
727 759 756 813 in
778 759 843 814 eius
863 758 990 815 historia

159 863 319 919 Emautina
335 862 519 939 descriptum
536 861 724 918 adservatur.

245 996 326 1060 Non
342 998 432 1060 satis
447 998 651 1060 adumbrari
663 1007 794 1080 potest,
810 1018 916 1079 quam
933 1017 990 1061 co·

158 1119 271 1203 piosa,
288 1129 428 1183 atvero
445 1120 551 1182 etiam
568 1139 675 1201 quam
691 1119 871 1201 exquisita
891 1118 991 1182 inde-

158 1241 276 1305 fessus
299 1240 461 1305 Cechner
483 1241 519 1304 in
543 1241 686 1323 scriptis
715 1241 789 1304 suis
817 1242 990 1324 exegerit.

159 1361 302 1447 Omnia,
327 1383 420 1444 quae
443 1364 596 1446 scripsit,
624 1364 804 1426 volumina
830 1363 932 1426 brevi
955 1364 992 1426 in

160 1495 356 1567 conspectu
387 1485 471 1567 poni
499 1484 604 1548 facile
635 1495 826 1567 nequeunt.
865 1483 991 1567 Quoad

159 1606 237 1669 eius
248 1606 325 1670 fieri
337 1617 467 1690 potest,
481 1607 621 1671 omissis
633 1607 803 1690 plurimis,
813 1627 871 1671 res
885 1629 992 1690 quae·

159 1730 293 1793 damin
310 1729 512 1812 exemplum
530 1729 770 1793 subiciuntur:

246 1874 376 1955 Enarrat
401 1875 506 1930 merita
531 1887 562 1931 et
586 1873 686 1949 elogia
706 1874 821 1931 ordinis
848 1874 992 1932 Benedic-

160 1980 213 2035 tini
230 1980 258 2033 in
274 1978 427 2035 Bohemia.

246 2082 348 2139 Habet
373 2083 530 2140 historiam
557 2096 587 2139 et
614 2084 715 2158 elogia
743 2077 906 2160 primorum
938 2102 992 2140 sex

158 2186 420 2244 Benedictinorum
441 2190 655 2265 episcoporum
676 2190 873 2264 Pragensium
894 2200 925 2244 et
944 2206 992 2244 ar-

160 2292 345 2368 chiepiscopi
362 2292 489 2349 Zoubek
505 2292 543 2348 de
558 2293 729 2368 Bilenberg,
745 2294 940 2350 Benedictini.

246 2414 411 2471 Enumerat
434 2432 539 2472 omnes
567 2417 822 2491 congregationes
846 2414 992 2472 Benedic-

159 2519 248 2575 tinas.

246 2623 361 2680 Omnes
388 2623 588 2680 miraculosas
612 2638 642 2681 et
664 2626 818 2700 gratiosas
845 2626 991 2700 imagines

158 2741 279 2784 sanctas
295 2727 376 2804 apud
392 2728 605 2785 Benedictinos
623 2742 753 2786 enarrat.

246 2830 333 2888 Ordo
364 2832 577 2889 Benedictinus
607 2847 683 2908 quot
715 2832 827 2890 habeat
857 2833 991 2889 thauma-

160 2947 276 3009 turgos

244 3038 347 3096 Habet
374 3040 544 3116 catalogum
569 3042 753 3117 scriptorum
777 3054 808 3098 et
831 3040 990 3097 doctorum

161 3143 276 3200 ordinis
292 3163 317 3200 s.
334 3144 498 3200 Benedicti.

244 3247 411 3304 Enumerat
432 3249 648 3324 imperatores,
672 3267 775 3324 reges,
796 3251 918 3325 reginas
941 3268 992 3305 or-

159 3351 258 3408 dinem
279 3370 304 3407 s.
324 3350 479 3408 Benedicti
500 3351 669 3428 professos,
693 3355 890 3430 principissas
910 3353 992 3410 ordi·

162 3473 228 3511 nem
245 3456 323 3512 hunc
340 3458 506 3530 ingressas.

246 3558 348 3616 Habet
384 3560 555 3635 catalogum
591 3578 775 3617 summorum
806 3561 990 3639 pontificum,

160 3676 332 3720 sanctorum
363 3664 587 3741 apostolorum,
625 3677 797 3722 sanctorum
829 3679 991 3741 martyrum

160 3766 274 3823 ordinis
290 3769 397 3824 nostri.

247 3871 348 3928 Habet
374 3874 565 3929 summarium
594 3873 843 3949 indulgentiarum
870 3894 990 3932 crucum

160 3993 185 4032 s.
202 3977 297 4050 patris
312 3975 478 4033 Benedicti.

247 4078 348 4136 Habet
363 4093 394 4135 et
409 4094 549 4137 recenset
561 4082 741 4149 academias,
758 4101 833 4157 quas
850 4097 992 4140 rexerunt

163 4183 356 4240 Benedictini.

248 4287 399 4344 Recenset
414 4290 514 4345 omnia
530 4292 713 4346 monasteria
728 4289 842 4348 ordinis
858 4311 883 4348 s.
896 4293 991 4348 Bene·

163 4390 243 4460 dicti,
259 4391 392 4467 quando,
409 4392 461 4449 ubi
477 4405 508 4449 et
522 4411 541 4448 a
557 4411 618 4469 quo
634 4390 776 4451 lundata?

247 4513 307 4570 Dat
322 4512 419 4570 lusam
436 4517 572 4572 notitiam
589 4514 777 4574 celeberrimi
793 4519 903 4574 montis
919 4516 991 4575 Ser·

164 4619 219 4673 rati
237 4620 266 4674 in
282 4618 440 4695 Hispania.

247 4741 356 4797 Narrat
383 4741 421 4797 dc
448 4743 566 4817 origine
594 4743 690 4799 cultus
717 4742 841 4802 beatiss.
866 4746 992 4821 virginis

163 4843 429 4902 MontserratensIs
445 4847 475 4902 in
490 4844 664 4904 Germania.

248 4966 349 5023 Habet
363 4967 519 5024 historiam
536 4971 670 5044 separati
685 4970 865 5028 Viennensis
881 4975 991 5031 montis

162 5068 277 5128 Serrati
304 5089 322 5126 a
349 5071 495 5146 Pragensi
522 5085 553 5128 et
579 5074 731 5148 prioratus
752 5075 933 5133 Viennensis
960 5079 989 5134 in

162 5173 313 5233 abbatiam
330 5174 449 5232 elevati.

248 5296 400 5354 Recenset
423 5299 523 5354 omnia
549 5316 645 5375 opera
671 5318 780 5358 novem
807 5302 948 5361 classium
971 5323 989 5360 a

162 5399 359 5458 celeberrimo
389 5419 445 5478 per
474 5401 579 5460 orbem
609 5415 683 5462 noto
714 5406 847 5464 secundo
878 5406 989 5466 abbate

1069 652 1317 708 Montserratensi
1342 653 1503 708 Emautino
1526 652 1640 708 Ioanne
1664 652 1842 708 Caramuele
1865 651 1903 708 de

1069 755 1230 813 Lobhovic
1246 756 1335 813 edita.

1156 861 1265 917 Omnia
1290 879 1385 936 opera
1406 861 1571 918 doctissimi
1596 863 1695 937 quarti
1716 863 1901 918 Montserra-

1071 966 1165 1021 tensis
1185 965 1337 1021 Emautini
1357 965 1477 1022 abbatis
1498 965 1605 1022 Didaci
1627 985 1645 1022 a
1666 967 1821 1033 Canver0,
1845 964 1902 1022 sub

1071 1088 1132 1144 quo
1153 1070 1423 1146 archiepiscopalis
1439 1071 1642 1147 typographia
1662 1083 1728 1127 erat
1748 1073 1777 1126 in
1799 1088 1902 1126 mona·

1071 1175 1166 1230 sterio
1182 1174 1355 1231 Emautino.

1158 1279 1322 1335 Enumerat
1337 1298 1432 1355 opera
1444 1279 1626 1337 Vercmundi
1643 1279 1769 1345 Proche,
1786 1281 1902 1354 egregii

1072 1385 1231 1459 scriptoris
1244 1384 1393 1439 Emautini
1407 1383 1503 1439 altero
1520 1385 1656 1459 proxime
1672 1403 1751 1440 anno
1767 1397 1837 1440 ante
1850 1403 1902 1439 an·

1072 1507 1140 1545 num
1161 1502 1241 1561 1750
1258 1490 1376 1544 mortui.

1157 1592 1356 1666 Consignavit
1368 1611 1472 1648 omnes
1487 1595 1601 1667 gratias
1614 1592 1761 1650 exhibitas
1774 1613 1792 1649 a
1804 1595 1902 1650 Matre

1072 1696 1172 1754 divina
1188 1699 1217 1752 in
1234 1711 1335 1753 monte
1351 1697 1488 1753 Mariano
1506 1697 1628 1753 Bezddz.

1158 1800 1258 1857 Habet
1271 1803 1370 1856 omnia
1381 1800 1481 1875 elogia
1493 1803 1622 1876 poetica,
1634 1801 1901 1876 adgratulationes,

1071 1918 1295 1980 anagrammata
1326 1905 1488 1962 abbatibus
1514 1906 1681 1962 Emautinis
1711 1906 1803 1974 lacta;
1836 1910 1901 1983 ipse

1072 2028 1195 2085 quoque
1212 2010 1312 2084 elogia
1328 2012 1586 2086 praestantissima
1604 2010 1683 2067 lecit.

1158 2114 1259 2171 Habet
1279 2115 1435 2171 historiam
1455 2115 1499 2171 IX
1518 2112 1793 2190 pseudo-abbatum
1820 2135 1902 2173 com·
1934 2168 2004 2196 ...-

1072 2218 1326 2275 mendatoriorum
1343 2222 1372 2275 in
1388 2222 1572 2275 monasterio
1588 2220 1749 2277 Emautino
1766 2235 1902 2297 tempore

1071 2324 1263 2380 hussitarum.

1158 2427 1259 2484 Habet
1267 2428 1421 2484 historiam
1432 2428 1531 2485 XVIII
1540 2428 1815 2486 administratorum
1829 2446 1901 2485 con·

1071 2533 1184 2589 sistorii
1208 2533 1442 2607 utraquistarum
1468 2534 1497 2587 in
1520 2535 1704 2589 monasterio
1727 2533 1901 2590 Emautino-

1071 2635 1263 2693 Slovanensi.

1157 2740 1259 2797 Habet
1275 2739 1372 2796 bullas
1388 2758 1581 2797 romanorum
1598 2740 1788 2817 pontificum:

1156 2863 1278 2919 Ioannis
1287 2862 1367 2920 VIII.
1377 2861 1475 2919 dantis
1488 2863 1638 2918 licentiam
1647 2864 1788 2921 Bohemis
1801 2865 1902 2940 lingua

1072 2966 1193 3024 Slavica
1200 2985 1306 3024 sacras
1315 2970 1423 3023 missas
1435 2981 1466 3023 et
1477 2967 1578 3024 ollicia
1588 2968 1687 3024 divina
1697 2968 1900 3043 persolvendi.
1961 2989 1966 3005 ·

1158 3089 1279 3145 loannis
1295 3089 1376 3145 XIII.
1393 3089 1452 3145 hoc
1467 3089 1656 3164 privilegium
1673 3093 1856 3148 revocantis.

1158 3211 1321 3268 Clementis
1345 3211 1395 3268 VI.
1423 3211 1462 3267 ad
1489 3229 1597 3287 preces
1625 3215 1817 3288 imperatoris
1842 3213 1900 3270 Ca·

1072 3316 1129 3375 roli
1145 3316 1196 3373 IV.
1212 3315 1361 3372 licentiam
1378 3315 1455 3371 hanc
1475 3318 1581 3372 iterum
1602 3316 1794 3391 indulgentis,
1820 3331 1852 3374 ut
1871 3320 1901 3374 in

1071 3421 1185 3477 Emaus
1209 3420 1308 3476 omnia
1329 3419 1429 3475 oflicia
1453 3420 1553 3476 divina
1574 3421 1675 3494 lingua
1690 3419 1812 3478 Slavica
1832 3440 1901 3498 per·

1071 3525 1237 3582 solvantur.

1159 3628 1321 3685 Alexandri
1338 3629 1403 3686 VII.
1426 3630 1629 3705 dispensantis
1650 3648 1668 3685 a
1688 3644 1837 3707 perpetuo
1858 3632 1900 3687 ie·

1071 3735 1152 3791 iunio
1169 3735 1198 3789 in
1214 3734 1338 3801 Emaus,
1354 3747 1528 3790 remanente
1541 3736 1660 3790 nominc
1671 3737 1832 3792 strictioris
1845 3735 1900 3792 ob·

1071 3840 1243 3896 servantiae
1258 3839 1536 3895 Montserratensis.

1157 3943 1320 4001 Clementis
1337 3944 1374 3998 X.
1395 3961 1488 4018 super
1508 3942 1709 4018 indulgentias
1726 3946 1899 4000 monasterii

1071 4062 1102 4105 et
1117 4050 1248 4104 creantis
1264 4048 1315 4104 III.
1332 4048 1620 4104 Montserratensem
1636 4048 1826 4104 Emautinum
1846 4047 1900 4104 ab·

1071 4153 1171 4210 batem
1195 4152 1357 4209 Antonium
1381 4151 1418 4207 de
1442 4149 1531 4207 Sotto
1551 4152 1698 4207 Maiorem
1721 4155 1898 4228 episcopum

1070 4256 1290 4332 suffraganeum
1318 4257 1481 4330 Pragensis
1508 4254 1729 4330 archiepiscopi
1756 4256 1898 4312 Matthaei

1071 4361 1197 4418 Zoubek
1214 4361 1252 4418 de
1267 4360 1429 4434 Bilenberg
1445 4377 1481 4415 ex
1498 4359 1604 4416 ordine
1620 4378 1645 4416 s.
1662 4360 1826 4416 Benedicti.

1157 4466 1324 4522 Innocentii
1350 4464 1432 4521 XIII.
1461 4464 1559 4522 dantis
1586 4462 1785 4538 indulgentias
1812 4464 1898 4521 altari

1071 4571 1262 4647 privilegiato
1286 4572 1450 4626 animarum
1478 4567 1685 4625 defunctorum
1712 4571 1741 4625 in
1769 4569 1899 4626 ecclesia

1072 4676 1239 4732 Emautina.

1158 4778 1313 4836 Describit
1333 4780 1548 4835 coronationes
1571 4796 1675 4852 regum
1699 4777 1860 4835 Bohemiae
1880 4798 1898 4835 a

1071 4885 1183 4940 Ioanne
1206 4883 1467 4957 Luxemburgensi
1490 4880 1647 4958 usquead
1670 4881 1833 4960 Iosephum
1848 4884 1897 4952 11.

1071 4990 1156 5045 cuius
1171 4990 1329 5046 coronatio
1346 5006 1406 5044 non
1422 4987 1484 5043 luit.

1157 5091 1258 5151 Habet
1280 5092 1444 5168 diplomata
1467 5092 1680 5166 imperatorum
1701 5105 1732 5148 et
1751 5111 1856 5169 regum
1880 5112 1898 5149 a

1069 5198 1181 5255 Carolo
1197 5197 1248 5256 IV.
1264 5214 1361 5272 usque
1376 5195 1415 5251 ad
1431 5196 1555 5250 Mariam
1571 5193 1760 5252 Theresiam.

1154 5300 1263 5358 Adfert
1277 5299 1498 5357 adlocutionem
1510 5299 1615 5355 summi
1628 5299 1780 5376 pontificis
1793 5301 1835 5357 Pii
1845 5301 1896 5359 VI.

1068 5407 1107 5464 ad
1124 5409 1337 5481 imperatorem
1353 5403 1514 5480 Iosephum
1531 5402 1569 5459 II.

1639 5505 1656 5554 6

1919 2493 1969 2514 ἐ

1899 3692 1994 3714 -11
