4178 6196
904 457 1186 505 -221—

938 596 950 623 Ι

175 660 342 704 successu
351 640 493 702 functus
504 650 568 721 est,
579 650 617 702 ut
626 640 671 701 ad
681 640 877 701 docendam
887 659 1003 720 gram-

174 762 349 844 maticam,
365 762 645 844 religionemque
662 762 803 823 domum
819 780 1003 822 revocare·

174 897 240 968 tur,
257 885 432 966 simulque
454 885 489 946 in
510 885 676 966 convictu
692 883 890 946 Mellicensi
909 883 1004 946 vice·

174 1008 359 1070 directoris
390 1027 515 1069 munus
543 1006 642 1068 obire
671 1005 861 1069 iuberetur.
897 1006 1003 1068 Anno

179 1134 258 1191 1836
282 1129 318 1191 111
342 1127 555 1210 Zvverndorf,
585 1133 664 1207 1837
692 1128 728 1189 in
752 1126 1005 1191 Grossmeisel-

177 1250 270 1332 dorf,
299 1255 377 1328 1843
403 1250 439 1312 in
462 1249 735 1312 Matzleinsdorf
753 1269 867 1332 prope
890 1250 1005 1312 Melli-

175 1373 266 1435 cium
287 1371 474 1453 parochias
497 1372 675 1453 regendas
699 1373 866 1453 suscepit.
895 1371 1004 1454 Gym-

174 1495 272 1557 nasio
303 1494 503 1556 Mellicensi
538 1515 584 1556 ex
619 1493 871 1576 augustissimo
903 1514 1004 1576 prae-

174 1618 308 1698 scripto
326 1615 361 1677 in
378 1625 459 1678 octo
477 1616 610 1678 classes
630 1615 801 1697 ampliato
822 1616 856 1678 in
878 1617 1003 1678 eodem

173 1738 355 1802 historiam
365 1737 602 1799 universalem
614 1737 743 1818 docuit,
753 1747 861 1819 atque
871 1737 1003 1799 archivi

172 1860 359 1923 monastici
378 1858 651 1942 praefecturam,
672 1859 922 1942 hospitumque
943 1877 1004 1920 ex-

174 1983 330 2065 ceptoris
346 2002 473 2044 munus
493 1984 687 2063 adgressus
708 1993 772 2046 est.
797 1982 904 2044 Anno
924 1985 1000 2044 1851

173 2105 357 2167 Pestinum
374 2112 534 2184 vocatus,
559 2103 593 2165 in
619 2103 851 2166 universitate
872 2103 1004 2165 ibidem

173 2226 356 2289 historiam
378 2225 615 2287 universalem
637 2235 672 2287 et
688 2225 914 2287 Austriacam
935 2235 1004 2287 tra-

174 2349 321 2429 diturus,
354 2350 476 2410 morbo
508 2348 785 2428 impediebatur,
818 2347 1005 2429 quominus

173 2469 387 2533 honorificae
404 2468 606 2531 invitationi
622 2489 754 2531 morem
770 2478 922 2552 gereret.
940 2468 1005 2533 Sa-

172 2593 276 2656 nitati
292 2593 553 2674 quodammodo
569 2592 763 2673 restitutus,
781 2590 925 2654 Mellicii
941 2592 1004 2653 ite-

172 2736 248 2777 rum
268 2715 452 2778 historiam
472 2714 604 2795 docuit,
629 2725 665 2777 et
690 2735 715 2778 1.
734 2714 812 2778 Oct.
829 2715 1004 2776 Viennam

172 2841 217 2901 ad
234 2838 351 2900 fontes
373 2837 541 2900 historiae
558 2837 770 2900 Austriacae
790 2837 1004 2900 hauriendos

172 2982 211 3024 se
228 2960 387 3040 contulit,
405 2960 526 3040 ibique
544 2969 616 3023 tres
632 2960 706 3023 fere
723 2979 835 3023 annos
852 2980 1004 3023 commo·

170 3095 270 3145 ratus
282 3081 474 3144 Mellicium
487 3102 651 3144 reversus
666 3093 730 3164 est,
745 3083 805 3145 ubi
815 3104 897 3146 mox
910 3084 1004 3146 lecto

172 3205 302 3268 affixus
318 3224 441 3266 omnes
455 3205 613 3286 corporis
631 3206 771 3268 dolores
787 3224 918 3288 magno
934 3205 1004 3267 for-

170 3329 269 3409 tique
291 3327 407 3388 animo
430 3342 559 3407 passus
583 3336 647 3407 est,
673 3327 785 3389 donec
808 3328 864 3389 die
887 3332 915 3389 3.
937 3328 1001 3390 Iul.

176 3455 256 3528 18119
274 3469 319 3511 ex
336 3449 499 3530 atrophia
515 3450 656 3530 hepatis
673 3459 708 3512 et
721 3469 896 3512 marasmo
913 3470 1003 3512 mor-

171 3585 243 3635 tem
259 3573 499 3634 occumberet.
524 3571 688 3633 Ceterum
706 3581 782 3633 erat
798 3570 951 3633 affabilis
968 3571 1003 3632 in

172 3714 344 3775 sermone,
366 3695 595 3775 perblandus,
617 3693 766 3775 lepidus,
793 3714 907 3775 eaque
931 3712 1003 3754 mo-

170 3838 248 3880 rum
264 3817 447 3897 facilitate,
470 3826 509 3877 ut
525 3814 679 3878 retinere
696 3815 842 3896 animas
864 3815 1003 3897 sibique

172 3939 361 4002 conciliare
388 3946 511 4020 posset
539 3956 670 3999 omnes.
705 3936 909 4018 Insignibus
937 3936 1003 3998 viri

171 4058 600 4139 meritishonorpublicus
612 4079 683 4121 non
694 4058 914 4133 defuit3nam
924 4078 1003 4121 cae-

172 4204 275 4246 sarea
306 4182 532 4245 scientiarum
565 4181 749 4244 academia
777 4182 1001 4264 Viennensis,

172 4287 363 4389 pluresque
373 4304 565 4367 societates
575 4303 1002 4386 adlitteraspertinentes,

172 4429 334 4492 nimirum
362 4427 531 4490 historica
555 4425 697 4509 Styriae
726 4436 761 4488 et
789 4425 1002 4507 Carinthiae,

172 4550 384 4632 antiquaria,
401 4560 437 4611 et
450 4550 496 4610 ad
510 4548 679 4611 Austriae
695 4548 869 4611 inferioris
883 4549 1003 4632 cogni-

173 4675 305 4736 tionem
329 4671 625 4752 promovendam,
650 4671 865 4734 eruditorum
890 4671 1002 4734 musei

173 4794 376 4858 Germanici
391 4793 660 4875 Norimbergae,
678 4794 836 4855 sodalem
853 4814 932 4855 eum
948 4814 1002 4856 re·

172 4928 359 4999 ceperunt,
387 4917 479 4977 sicut
503 4925 539 4976 et
561 4925 866 4979 monumentorum
890 4916 1003 4978 archi-

173 5052 333 5104 tecturae
355 5038 522 5119 antiquae
548 5036 598 5100 cis
621 5037 746 5100 silvam
761 5038 1001 5101 Viennensem

172 5172 412 5243 conservator,
435 5171 471 5223 et
494 5161 651 5223 caesarei
668 5162 849 5225 Austriaci
869 5161 1002 5224 ordinis

172 5286 352 5349 Francisci
365 5284 508 5366 Iosephi
520 5284 546 5347 Ι.
565 5304 674 5366 eques
690 5285 861 5347 nominari
879 5285 1002 5367 digna·

172 5419 229 5472 tus
246 5420 311 5474 est.
336 5408 499 5490 Scripsit:

827 5572 844 5627 1

1170 645 1192 700 Ι.
1214 643 1400 701 Geschichte
1411 645 1469 701 des
1486 644 1817 703 Benedictincr-Stiftes
1833 646 1915 702 Meli

1083 752 1111 806 in
1129 750 1334 814 Oesterreich.
1352 752 1451 807 seiher
1461 751 1660 826 Besitzungen
1673 749 1913 825 undUmgebun·

1083 873 1152 929 gen.
1169 850 1198 930 (i.
1213 873 1238 910 e.
1257 855 1391 911 Historia
1408 857 1581 911 monasterii
1594 852 1796 933 Mellicensis.)
1814 855 1912 921 wien,

1088 958 1178 1031 1851.
1196 959 1351 1016 Friedrich
1361 960 1459 1015 Becks
1469 959 1911 1035 Universittrtsbuchhandlung.

1085 1062 1126 1120 8⁰.
1149 1064 1207 1118 Xll
1231 1077 1261 1119 et
1286 1062 1365 1120 1166
1387 1083 1427 1139 p.‚
1452 1067 1503 1120 mit
1525 1064 1669 1121 8Tafeln
1691 1060 1912 1139 Abbildungen.

1084 1168 1121 1223 ll.
1139 1167 1192 1223 Btl.
1210 1169 1232 1224 l.
1250 1166 1356 1224 Abthz
1378 1169 1578 1243 Besitzungen
1599 1170 1627 1224 in
1648 1169 1706 1224 den
1722 1169 1855 1226 Vicrteln
1872 1167 1912 1225 ob

1084 1272 1144 1328 und
1168 1287 1255 1328 unter
1278 1272 1343 1328 dem
1368 1273 1600 1330 Wienertvalde.
1624 1275 1677 1329 Illit
1701 1273 1912 1348 Abbildungen

1084 1396 1144 1433 von
1161 1377 1358 1434 Bauwerken.
1383 1378 1437 1433 Mit
1459 1378 1695 1453 Unterstt'itzung
1715 1379 1769 1435 der
1790 1359 1910 1435 kaiserl.

1083 1481 1246 1539 Academie
1270 1482 1324 1537 der
1349 1482 1610 1539 wissenschaften
1634 1485 1662 1538 in
1686 1483 1785 1539 Wien.
1812 1483 1911 1549 wien,

1083 1586 1237 1642 Friedrich
1253 1587 1352 1642 Becks
1364 1588 1390 1644 V
1393 1587 1738 1662 erlagsbuchhandlung.
1760 1587 1850 1661 1869.
1869 1587 1909 1644 8⁰.
1962 1606 1965 1609 ·

1084 1687 1146 1763 819
1163 1710 1193 1767 p.
1218 1691 1254 1746 ll.
1268 1690 1375 1748 Abthz
1392 1694 1591 1766 Besitzungen
1607 1694 1636 1748 in
1652 1692 1710 1747 den
1722 1693 1748 1749 V
1751 1691 1855 1747 ierteln
1872 1691 1911 1748 ob

1084 1793 1143 1849 und
1159 1809 1245 1852 unter
1262 1796 1328 1852 dem
1345 1795 1606 1871 hlanhartsberge.
1631 1798 1684 1852 Mit
1700 1794 1911 1871 Abbildungen

1084 1919 1143 1956 von
1160 1901 1347 1958 Bauwerken
1370 1900 1429 1956 und
1451 1899 1582 1975 Siegeln.
1607 1902 1661 1974 Mit
1678 1875 1912 1981 Unterstiitzung

1084 2005 1137 2062 der
1146 2005 1267 2062 kaiserl.
1277 2005 1502 2061 Academieder
1511 2005 1768 2062 wissenschaften
1777 2005 1910 2061 inWien.
1934 2071 1937 2077 ,

1084 2110 1184 2176 Wiem
1205 2109 1296 2183 1869.
1317 2109 1471 2165 Friedrich
1492 2111 1590 2166 Becks
1607 2108 1911 2183 Verlagsbuchhand·
1936 2107 1940 2115 ’

1085 2213 1165 2288 lung.
1183 2212 1225 2270 8⁰.
1243 2228 1301 2288 991
1322 2233 1351 2289 p.
1376 2213 1432 2269 Am
1453 2214 1552 2271 Ende:
1576 2215 1747 2288 Nachtri'tge
1771 2232 1830 2270 von
1855 2215 1911 2268 Zu-

1085 2326 1187 2375 satzen
1203 2319 1262 2375 und
1279 2319 1532 2392 Berichtigungen
1554 2338 1606 2374 zur
1627 2320 1752 2374 zweiten
1768 2316 1911 2392 Ausgabc

1085 2424 1138 2480 des
1160 2425 1182 2480 l.
1203 2424 1330 2480 BandeS.
1354 2423 1393 2480 26
1415 2444 1444 2500 p.
1470 2425 1596 2479 Materia
1621 2426 1692 2479 tomi
1717 2425 1795 2479 tertii
1820 2422 1911 2478 const-

1084 2529 1179 2584 ciendi
1197 2531 1224 2584 in
1240 2529 1363 2585 archivo
1377 2531 1550 2584 monasterii
1562 2529 1745 2584 Mellicensis
1758 2546 1845 2583 mser.
1859 2526 1911 2582 ad-

1084 2646 1230 2689 servatur.

1170 2738 1207 2793 ll.
1225 2739 1345 2812 Beitrag
1361 2757 1425 2792 zum
1443 2738 1693 2813 Diplomatarium
1710 2737 1910 2793 Austriacum.

1084 2841 1113 2922 (i.
1140 2863 1165 2901 e.
1190 2843 1337 2900 Accessio
1361 2843 1398 2898 ad
1422 2843 1673 2917 Diplomatarium
1698 2838 1910 2917 Austriacum.)

1085 2950 1183 3015 Wien,
1205 2947 1294 3021 1851.
1313 2947 1354 3005 8⁰.
1377 2949 1428 3004 Bei
1449 2947 1519 3003 Carl
1536 2945 1747 3004 Ueberreuter.
1770 2948 1910 3004 Continet

1083 3055 1232 3111 anecdota
1262 3054 1375 3111 archivi
1406 3053 1597 3110 Mellicensis
1634 3054 1709 3110 Eine
1740 3050 1910 3127 511195191-
1992 3046 1995 3052 ’

1083 3144 1383 3236 599111192111111191.
1407 3161 1470 3215 Nur
1490 3175 1531 3232 50
1550 3159 1730 3234 Exemplare
1751 3156 1908 3231 gedruckt.

1169 3284 1222 3339 Ill.
1240 3283 1330 3349 Melk,
1347 3301 1407 3338 von
1424 3282 1564 3358 Leopold
1581 3282 1647 3338 dem
1664 3280 1845 3336 Erlauchten
1863 3297 1909 3333 er-

1082 3387 1181 3456 obert,
1195 3387 1242 3442 die
1251 3387 1358 3442 11119519
1368 3389 1448 3459 Burg
1458 3384 1734 3460 derBabenbergcr
1747 3387 1775 3439 in
1784 3384 1910 3439 Oester·

1083 3491 1174 3547 reich.
1202 3488 1231 3568 (i.
1257 3510 1282 3547 9.
1311 3491 1469 3547 Mellicium
1497 3508 1514 3545 a
1537 3489 1698 3565 Leopoldo
1723 3489 1831 3545 Illustri
1859 3506 1910 3543 ex-

1073 3611 1229 3672 pugnata,
1253 3597 1461 3671 antiquissima
1484 3597 1587 3670 stirpis
1611 3593 1858 3668 Babenbergicae
1882 3595 1910 3648 in

1082 3701 1205 3758 Austria
1226 3698 1300 3780 arx.)
1324 3701 1358 3756 In
1380 3702 1547 3776 Hormayrs
1568 3700 1681 3756 Archiv
1704 3699 1910 3772 1816909111-

1084 3807 1162 3882 phie,
1176 3808 1312 3862 Historie
1325 3820 1382 3862 etc.
1398 3806 1501 3882 Jahrg.
1516 3804 1605 3878 1827.
1623 3825 1653 3881 p.
1664 3818 1757 3877 2-7‚
1773 3819 1788 3859 2
1794 3802 1909 3876 5-28,

1083 3927 1220 3986 tto-52·
1239 3909 1376 3984 81-85·
1445 3934 1446 3937 ¹

1169 4018 1220 4075 IV.
1246 4017 1302 4073 Die
1326 4017 1441 4072 Ruinen
1468 4035 1528 4072 von
1552 4015 1701 4090 Aggstein
1729 4017 1758 4070 in
1785 4013 1909 4068 Nieder·

1083 4123 1259 4178 osterreich.
1276 4120 1305 4199 (i.
1320 4141 1346 4178 e.
1360 4122 1475 4177 Ruinae
1491 4123 1570 4176 arcis
1583 4121 1730 4195 Aggstein
1748 4121 1775 4174 in
1788 4117 1910 4173 Austria

1082 4223 1237 4305 inferiori.)
1254 4228 1329 4283 Loc.
1348 4228 1396 4283 cit.
1413 4227 1515 4302 Jahrg.
1537 4224 1628 4298 1827.
1647 4245 1675 4300 p.
1698 4238 1830 4298 17-23.

1168 4349 1203 4405 V.
1221 4348 1380 4405 Loosdors
1392 4351 1421 4404 in
1435 4348 1630 4404 Oesterrcich
1648 4360 1734 4402 unter
1750 4347 1803 4401 der
1817 4345 1908 4410 Emis,

1082 4452 1141 4508 und
1165 4454 1218 4510 das
1241 4456 1318 4509 einst
1338 4452 1523 4508 bestandene
1544 4450 1799 4527 protestantische
1816 4448 1909 4523 Gym-

1082 4560 1196 4615 nasium
1212 4556 1356 4613 daselbst.
1380 4553 1408 4634 (i.
1426 4575 1452 4612 9.
1473 4555 1625 4612 Loostorf
1643 4557 1671 4610 in
1691 4555 1813 4610 Austria
1833 4552 1909 4609 infra

1081 4664 1222 4728 Amisum,
1241 4676 1270 4719 et
1286 4663 1472 4737 gymnasium
1487 4662 1727 4737 protestantium,
1744 4658 1826 4734 quod
1839 4658 1908 4714 olim

1081 4766 1121 4823 ibi
1140 4765 1273 4843 exstitit.)
1290 4767 1365 4822 Loc.
1384 4768 1432 4823 cit.
1448 4767 1550 4842 Jahrg.
1573 4764 1663 4839 1827.
1680 4783 1709 4839 p.
1727 4777 1908 4835 530-533,
1955 4739 1958 4754 ’

1082 4885 1263 4944 537-541·

1167 4975 1218 5031 Vl.
1236 4974 1371 5031 Chronik
1385 4995 1445 5031 von
1457 4975 1548 5031 llelk.
1565 4972 1594 5050 (i.
1608 4993 1634 5030 e.
1649 4974 1821 5030 Chronicon
1834 4973 1909 5028 Mel·

1082 5077 1214 5156 license.)
1243 5079 1317 5135 Loc.
1346 5081 1395 5134 cit.
1423 5079 1524 5154 Jahrg.
1554 5077 1643 5135 1828.
1672 5097 1701 5153 p.
1726 5076 1908 5151 481—483‚

1082 5198 1262 5260 493-495‚
1280 5198 1460 5257 509—511,
1477 5198 1658 5257 513-519·

1168 5307 1234 5363 VII.
1252 5307 1488 5382 Diplomatische
1505 5309 1644 5382 Beitrage
1661 5328 1713 5364 zur
1725 5308 1908 5365 Geschichte

1082 5410 1135 5466 der
1151 5410 1376 5485 Babenberger.
1394 5409 1423 5489 (i.
1438 5431 1463 5468 e.
1478 5412 1681 5469 Accessiones
1698 5413 1909 5489 diplomaticae
