4178 6196
877 425 1161 512 ..165-

144 631 352 687 Historemata
375 629 411 686 de
435 642 537 686 monte
557 627 720 705 Spielberg
740 626 823 688 dicto
841 626 979 708 Brunae.)

146 734 204 792 sub
219 734 260 792 H.
276 733 304 792 d.
327 749 373 791 11.
390 734 456 791 Fol.
473 736 539 792 sine
555 753 625 810 pag.

232 838 374 894 XXXIII.
402 836 589 895 Geschichte
616 838 670 896 des
697 840 831 897 Marktes
860 841 978 898 Husaud

145 943 205 1000 und
219 942 329 1000 dessen
340 943 476 999 Besitzer
492 944 530 999 im
552 958 599 1022 14.
617 943 676 999 und
693 958 739 1017 15.
749 944 976 1020 Jahrhunderte.

146 1048 176 1126 (i.
200 1066 227 1105 e.
256 1047 392 1104 Historia
423 1046 479 1103 lori
508 1048 704 1108 Busoviensis
731 1063 762 1106 et
787 1049 977 1107 dominorum

146 1171 228 1209 saec.
249 1152 319 1209 XIV
341 1166 371 1208 et
392 1148 469 1230 XV.)
492 1152 635 1210 Fascsm
658 1152 709 1211 101.
734 1153 789 1211 sub
810 1155 849 1211 H.
873 1155 901 1211 d.
927 1170 977 1228 23.

147 1256 224 1313 duae
240 1257 390 1333 plagulae.
567 1247 577 1255 ”

54 1341 56 1347 .
232 1360 371 1417 XXXIV.
396 1360 586 1436 Genealogia
610 1364 750 1420 comitum
774 1363 812 1420 de
834 1364 978 1431 Gaschin‚

147 1463 205 1523 sub
221 1466 260 1522 H.
277 1484 303 1522 e.
325 1480 350 1521 1.
367 1466 423 1522 No.
442 1481 471 1522 2.
489 1467 518 1521 in
535 1465 585 1523 fol.
604 1466 664 1524 duo
682 1468 764 1544 plag.
895 1449 897 1452 Α

233 1570 358 1627 XXXV.
375 1568 589 1645 Abhandlung‚
606 1574 663 1629 wie
679 1591 747 1629 man
762 1573 810 1630 die
827 1574 907 1631 alten
923 1574 979 1632 Ur·

148 1674 268 1731 kunden
289 1676 341 1731 mit
361 1674 529 1732 Rdcksicht
551 1675 605 1731 aul
624 1678 841 1735 verschiedene
858 1680 980 1755 Zweige

100 1844 104 1853 ¹
149 1780 203 1836 der
229 1780 492 1837 vaterlandischen
521 1779 706 1839 Geschichte
732 1782 882 1842 beutitzen
911 1784 979 1841 soll.

148 1885 206 1942 Ein
221 1885 359 1943 Versuch
382 1883 457 1942 tiber
477 1885 535 1942 den
555 1888 731 1944 Bievnover
751 1887 985 1964 Stiftungsbriel

147 1989 289 2047 Boleslav
305 1989 359 2047 des
376 1991 412 2047 11.
431 1991 507 2048 nach
522 1989 610 2068 Josel
624 1991 820 2069 Dobrovsky.
837 1989 867 2071 (i.
885 2013 911 2050 e.
929 1991 981 2051 lsi·

148 2092 246 2152 bellus
262 2094 299 2151 de
317 2114 372 2152 usu
388 2094 583 2172 diplomatum
600 2099 630 2154 in
645 2097 836 2174 compilanda
856 2098 982 2155 historia

149 2197 451 2277 patriae.)Ms.inl0l.
462 2200 518 2257 sub
529 2203 596 2258 H.i.
613 2203 768 2259 11.N0.V.
780 2222 808 2279 p.
821 2202 981 2276 85-101.

236 2322 375 2379 XXXVI.
397 2323 550 2381 Kritische
567 2324 808 2399 Untersuchung‚
825 2344 912 2381 wann
928 2325 983 2382 das

150 2426 235 2483 Land
263 2427 389 2483 Mahren
416 2429 464 2484 ein
487 2428 705 2503 Markgrastum
732 2429 897 2503 geworden
923 2429 983 2486 und

150 2550 213 2588 wer
233 2531 342 2587 dessen
365 2544 463 2588 erster
483 2531 644 2607 Markgral
663 2550 805 2607 gewesen
829 2537 882 2590 sei.
909 2532 938 2612 (i.
956 2553 982 2591 e.

150 2636 331 2711 Disquisitio
352 2638 457 2693 critica
479 2636 516 2692 de
537 2639 656 2712 origine
676 2638 902 2696 marchionatus
917 2640 984 2696 Mo·

150 2743 253 2798 raviae
278 2741 367 2797 etde
392 2743 489 2817 primo
516 2739 711 2821 marchione.)
737 2743 821 2800 Nach
842 2742 984 2802 Gelasius

151 2846 278 2904 Dobner
309 2865 376 2902 cum
403 2849 483 2904 notis
512 2847 787 2906 historico-critIcis
814 2849 847 2905 P.
874 2848 983 2907 Alexii.

152 2951 208 3008 Ms.
227 2950 284 3008 sub
300 2951 339 3007 H.
357 2953 375 3007 i.
399 2966 445 3008 12.
462 2952 519 3007 Nu.
537 2953 559 3008 I.
577 2955 606 3008 iu
623 2952 674 3009 fol.
692 2973 721 3029 p.
740 2951 790 3010 80.

238 3072 393 3129 XXXVII.
410 3074 554 3149 Auszt‘ige
569 3094 623 3132 aus
640 3074 698 3132 den
714 3074 780 3132 funs
793 3076 915 3133 Banden
931 3076 985 3134 des

151 3175 271 3233 Adauct
287 3176 379 3251 Voigt
403 3175 631 3253 Beschreibung
651 3178 705 3235 der
728 3178 830 3237 bisher
851 3179 986 3238 bekann-

151 3293 202 3337 ten
213 3279 315 3337 bohm.
329 3283 456 3338 Mlinzen
474 3283 533 3338 und
546 3302 614 3340 vom
628 3283 788 3359 Bergbaue
801 3287 829 3342 in
841 3287 984 3344 Bdhmen.

153 3381 182 3462 (i.
205 3405 232 3443 e.
257 3385 422 3442 Extractus
446 3406 482 3443 ex
507 3385 592 3444 libris
618 3391 751 3464 quinque
775 3390 928 3448 historicis
953 3393 984 3449 P.

154 3489 284 3547 Adaucti
304 3490 407 3565 Voigt,
430 3490 466 3547 de
488 3493 583 3548 numis
596 3492 766 3550 Bohemicis
782 3507 812 3551 et
828 3495 987 3553 metallicis

153 3598 314 3652 structuris
331 3597 360 3651 in
375 3594 542 3675 Bohemia.)
559 3597 646 3666 Quae
659 3601 759 3655 omnia
770 3599 889 3674 quidem
907 3603 987 3677 typis

154 3700 341 3776 prodierunt,
358 3714 406 3756 ast
423 3703 487 3757 sine
504 3703 583 3758 notis
599 3702 708 3759 Alexii.
733 3705 789 3761 Ms.
812 3707 840 3760 in
857 3704 908 3762 101.
930 3705 986 3763 sub

154 3805 191 3862 H.
210 3808 228 3861 i.
251 3819 296 3877 13.
315 3806 371 3862 Νο.
388 3806 439 3862 IV.
456 3825 483 3862 a.
501 3825 530 3882 p.
551 3806 709 3881 79—156.

240 3910 409 3967 XXXVIII.
427 3908 528 3968 Ueber
540 3911 597 3968 deu
610 3913 769 3989 Ursprung
781 3914 839 3971 und
852 3915 900 3972 die
912 3915 987 3972 Aus-

155 4015 262 4070 nahme
279 4013 333 4070 der
345 4013 516 4072 Bibliothek
533 4015 587 4072 des
600 4016 873 4075 Clementiriischen
888 4019 988 4077 Colle·
1034 4006 1038 4011 ⁵

155 4121 251 4192 giums
268 4138 304 4175 zu
320 4120 402 4193 Prag
417 4137 478 4175 von
495 4120 634 4196 Leopold
649 4120 716 4196 Joh.
730 4120 888 4191 Schernik,
902 4123 988 4180 welt-

155 4222 261 4279 lichem
279 4224 423 4279 Priester.
446 4221 475 4301 (i.
494 4243 520 4280 e.
542 4224 589 4281 De
611 4227 727 4300 origine
745 4241 775 4283 et
789 4227 988 4285 adornatione

155 4326 361 4384 bibliothecae
383 4327 504 4403 collegii
521 4329 698 4386 Clementini
715 4329 855 4412 Pragae.)
878 4334 934 4390 Ms.
960 4335 989 4389 iu

156 4430 206 4489 fol.
223 4430 280 4488 sub
297 4432 336 4488 H.
354 4434 372 4488 i.
394 4448 441 4505 14.
458 4433 514 4489 No.
532 4434 585 4490 111.
603 4453 632 4510 p.
650 4435 788 4508 41—61.

241 4555 382 4611 XXXIX.
406 4555 453 4611 De
469 4558 586 4631 origine
602 4571 632 4613 et
649 4556 716 4614 satis
732 4556 935 4617 bibliothecae
951 4559 988 4616 ad

156 4678 180 4716 s.
197 4658 342 4717 Iacobum
359 4661 477 4716 Brunae
494 4679 634 4718 unacum
651 4663 794 4738 catalogo
811 4677 869 4721 tam
887 4684 989 4722 manu·

156 4766 337 4841 scriptorum
355 4765 492 4822 codicum
509 4784 597 4841 quam
619 4769 834 4842 impressorum
856 4769 989 4827 eiusdem

158 4867 369 4938 bibliothecae,
387 4889 482 4946 opera
498 4884 528 4927 et
544 4871 644 4928 studio
658 4874 689 4929 P.
701 4873 808 4930 Alexii.
825 4875 881 4930 Ms.
895 4873 989 4932 insol.

157 4972 213 5030 sub
230 4973 268 5030 H.
290 4993 328 5030 m.
350 4989 374 5030 1.
395 4988 432 5046 23
451 4989 526 5032 tern.

244 5079 310 5135 XL.
329 5079 528 5153 Consignatio
541 5078 685 5138 librorum
699 5095 757 5138 tam
771 5084 992 5159 manuscripto·

157 5200 222 5238 rum
248 5199 337 5256 quam
364 5185 580 5259 impressorum
608 5187 637 5241 in
664 5188 862 5260 registratura
889 5190 992 5262 regiae

160 5287 293 5343 civitatis
311 5288 476 5344 Brunensis
492 5288 732 5347 adservatorum.
756 5290 812 5346 Ms.
831 5290 888 5348 sub
900 5291 939 5349 H.
954 5311 992 5349 m.

160 5404 190 5462 3.
208 5393 237 5447 in
255 5390 307 5448 101.
324 5408 343 5464 4
361 5392 443 5468 plag.

1145 630 1227 686 XLI.
1251 630 1450 706 Antiquarum
1471 627 1723 688 bibliothecarum
1744 632 1773 687 in
1790 632 1891 688 Mora·

1060 737 1109 791 via
1125 735 1257 792 cultores
1274 749 1304 792 et
1321 735 1506 792 fundatores.
1528 736 1584 791 Ms.
1602 737 1630 791 in
1647 734 1699 791 101.
1720 732 1778 792 sub
1794 735 1833 791 H.
1851 755 1888 793 m.

1059 856 1088 913 4.
1111 855 1121 896 1
1142 839 1222 915 plag.

1144 943 1239 999 XLII.
1256 942 1490 1000 Vocabularium
1507 945 1662 1020 antiquum
1678 942 1891 1000 Latino-Teu-

1059 1048 1370 1105 tonico-Bohemicum
1382 1062 1500 1105 erutum
1513 1067 1550 1105 ex
1563 1048 1630 1106 cod.
1647 1050 1704 1105 Ms.
1715 1067 1796 1106 saec.
1808 1050 1889 1106 XIV.

1057 1150 1261 1209 bibliothecae
1277 1152 1427 1210 ecclesiae
1443 1153 1627 1229 parochialIs
1649 1153 1686 1210 ad
1703 1172 1728 1210 s.
1746 1151 1889 1211 iacobum

1058 1257 1175 1314 Brunae
1195 1257 1400 1329 „Katholikon
1413 1261 1572 1332 magnum“
1588 1258 1747 1315 intitulato.
1765 1260 1821 1315 Ms.
1835 1256 1891 1315 sub

1050 1361 1097 1417 ·H.
1114 1381 1152 1418 m.
1173 1377 1199 1436 7.
1216 1362 1305 1419 Fasc.
1322 1364 1352 1418 iu
1369 1361 1420 1419 fol.
1439 1361 1457 1418 b
1475 1362 1557 1438 plag.

1145 1467 1255 1524 XLIII.
1283 1465 1518 1524 Vocabularium
1545 1468 1890 1527 Latino-Teutonicum

1060 1583 1165 1627 autore
1186 1589 1336 1647 anonymo
1359 1591 1439 1629 saec.
1457 1573 1536 1630 XIV.
1553 1573 1738 1649 descriptum
1762 1593 1798 1630 ex
1823 1573 1891 1631 cod.

1061 1694 1115 1732 ms.
1136 1674 1341 1733 bibliothecae
1363 1676 1591 1751 Raigradiensis
1614 1696 1632 1734 a
1655 1678 1687 1735 P.
1704 1677 1813 1735 Alexio
1829 1679 1892 1734 Ha·

1060 1778 1147 1836 brich
1160 1794 1297 1857 tempore
1310 1781 1487 1838 infirmitatis
1499 1782 1579 1857 stylo
1593 1782 1692 1839 ferreo
1704 1801 1783 1849 anno
1801 1782 1890 1856 1788.

1062 1884 1151 1940 Item:
1178 1884 1258 1940 aliud
1285 1884 1511 1942 vocabularium
1537 1886 1891 1955 Latino-Teutonicum,

1061 2021 1104 2030 -
1119 1989 1267 2064 quaedam
1283 1989 1322 2046 ad
1342 1990 1523 2064 glossarium
1536 1990 1740 2047 Bohemicum.
1757 1992 1846 2048 Fasc.
1863 1995 1892 2048 in

1062 2091 1113 2149 101.
1130 2092 1187 2150 sub
1204 2093 1242 2149 H.
1259 2114 1297 2150 m.
1315 2093 1344 2151 8.
1361 2108 1378 2167 3
1398 2093 1478 2170 plag.

1148 2197 1256 2255 XLIV.
1278 2197 1489 2255 Calendarium
1505 2211 1690 2275 assumptum
1712 2219 1749 2256 ex
1769 2203 1893 2276 antiquo

1062 2299 1214 2357 breviario
1237 2299 1429 2359 benedictino
1453 2321 1508 2359 ms.
1532 2302 1570 2359 de
1593 2321 1672 2360 anno
1699 2318 1776 2378 1342
1799 2307 1829 2361 in
1849 2303 1895 2361 bi·

1062 2402 1216 2462 bliotheca
1241 2406 1344 2479 RaIgr.
1368 2406 1540 2464 adservato
1568 2409 1624 2465 Ms.
1653 2406 1711 2464 sub
1738 2409 1776 2465 H.
1802 2429 1839 2466 m.
1864 2426 1893 2484 9.

1064 2508 1082 2566 8
1100 2510 1181 2585 plag.
1199 2508 1295 2566 insol.

1149 2614 1243 2672 XLV.
1271 2613 1460 2688 Allgemeiue
1486 2613 1699 2691 Grundregeln
1729 2616 1784 2673 der
1810 2619 1895 2675 Frei-

1065 2738 1191 2787 maurer‚
1213 2717 1369 2793 aulgelegt
1390 2717 1444 2774 auf
1456 2718 1644 2794 Anordnuug
1660 2720 1714 2776 der
1729 2721 1894 2795 gerechten

1065 2823 1123 2881 und
1135 2822 1376 2880 vollkommenen
1392 2823 1599 2879 schottischen
1612 2824 1700 2899 Loge
1712 2845 1749 2881 zu
1761 2825 1818 2881 den
1831 2825 1893 2883 drei

1064 2929 1234 3005 gekronten
1251 2926 1379 2984 Sternen
1396 2929 1434 2984 im
1450 2926 1541 3002 Jahre
1562 2941 1652 3003 1774.
1670 2924 1699 3006 (i.
1715 2948 1741 2985 e.
1760 2929 1894 3004 Regulae

1066 3033 1252 3090 universales
1261 3034 1417 3089 societatis
1429 3031 1588 3100 inferioris,
1599 3033 1698 3090 editae
1706 3035 1789 3090 iussu
1799 3036 1895 3092 iustae

1066 3152 1096 3195 et
1118 3137 1273 3214 perlectae
1296 3136 1466 3194 sodalitatis
1493 3139 1628 3195 scoticae
1652 3138 1829 3196 latomorum
1857 3140 1895 3196 ad

1066 3256 1129 3299 tres
1152 3243 1254 3299 stellas
1280 3239 1464 3320 coronatas.)
1491 3243 1547 3298 Ms.
1571 3241 1610 3298 de
1632 3261 1711 3299 anuo
1738 3256 1817 3317 1744
1838 3244 1895 3302 sub

1067 3347 1104 3404 H.
1122 3367 1160 3403 m.
1181 3363 1228 3404 12.
1246 3354 1288 3420 4⁰.
1306 3361 1323 3418 3
1343 3347 1423 3422 plag.

1153 3451 1262 3509 XLVI.
1288 3449 1424 3507 Rhabani
1446 3451 1543 3506 Mauri
1567 3451 1691 3526 glossae
1714 3471 1807 3529 super
1831 3466 1896 3510 toto

1068 3556 1213 3633 psalterio
1238 3554 1292 3635 (sic
1304 3552 1322 3634 l)
1349 3568 1524 3631 excerptum
1551 3575 1630 3632 opus
1653 3576 1691 3614 ex
1714 3555 1898 3615 bibliotheca

1067 3660 1215 3717 ecclesiae
1231 3659 1413 3736 parochialis
1434 3659 1471 3716 ad
1487 3679 1512 3716 s.
1530 3659 1675 3717 Iacobum
1692 3661 1819 3718 Brunae.
1841 3664 1897 3719 Ms.

1067 3762 1124 3821 sub
1139 3765 1178 3820 H.
1196 3784 1233 3820 m.
1256 3779 1302 3836 14.
1320 3765 1407 3821 Fasc.
1425 3782 1504 3839 mag.
1521 3767 1549 3820 in
1567 3763 1617 3821 fol.
1634 3767 1698 3820 sine
1715 3783 1786 3841 pag.

1154 3899 1292 3981 Quibus
1308 3899 1487 3962 texendae
1500 3898 1603 3962 seriei
1617 3919 1764 3982 operum
1778 3902 1898 3965 Alexii

1067 4023 1227 4086 Habrich
1235 4021 1510 4105 Raigradiensis
1523 4021 1716 4103 imponitur
1722 4021 1813 4086 finis.
1823 4024 1898 4086 Ma-

1067 4145 1258 4229 nuscriptis
1276 4145 1362 4226 eius,
1380 4164 1471 4226 quae
1483 4144 1667 4208 historiam
1683 4145 1899 4209 ecclesiasti·

1069 4291 1147 4333 cam
1170 4278 1206 4332 et
1230 4266 1506 4351 topographiam
1527 4266 1711 4330 Moraviae
1735 4267 1897 4349 attinent,

1069 4393 1201 4476 optime
1211 4411 1296 4454 usus
1307 4400 1362 4453 est
1370 4400 1492 4453 noster
1501 4390 1562 4452 Dr.
1574 4387 1769 4473 Gregorius
1778 4389 1898 4472 Volny

1070 4517 1104 4579 in
1121 4515 1193 4578 suis
1210 4513 1379 4597 operibus
1400 4513 1498 4595 typis
1513 4512 1680 4595 vulgatis
1702 4513 1746 4574 de
1768 4511 1898 4593 quibus

1070 4638 1194 4701 videas
1211 4646 1247 4699 et
1263 4635 1432 4719 inspicias
1447 4634 1552 4697 huius
1567 4633 1826 4717 biographiam.

1155 4769 1325 4843 Hacker
1359 4778 1600 4860 Leopoldus
1639 4775 1901 4859 (Gottvicen

1071 4899 1155 4981 sis),
1181 4895 1340 4961 Gottvici
1364 4896 1422 4959 die
1451 4902 1497 4960 13.
1515 4897 1603 4978 Apr.
1633 4898 1712 4974 1843
1737 4905 1841 4959 natus
1865 4905 1901 4958 et

1071 5020 1245 5085 absolutis
1272 5018 1400 5083 studiis
1426 5017 1707 5102 gymnasialibus
1740 5016 1775 5080 in
1806 5017 1901 5081 dIcto

1072 5142 1287 5208 monasterio
1305 5151 1341 5205 et
1353 5140 1500 5204 Cremsii
1513 5160 1540 5204 s.
1552 5138 1677 5202 habitu
1690 5139 1835 5202 indutus
1847 5151 1903 5202 est

1073 5267 1131 5330 die
1159 5286 1206 5344 14.
1229 5262 1329 5345 Sept.
1355 5267 1446 5345 1862,
1469 5272 1555 5326 vota
1578 5262 1763 5348 sollemnia
1786 5261 1903 5326 emisit

1075 5390 1131 5453 die
1153 5394 1199 5451 10.
1216 5387 1303 5451 Dec.
1326 5390 1405 5450 1866
1427 5396 1463 5450 et
1483 5385 1634 5467 primum
1650 5385 1780 5449 missae
1797 5384 1904 5448 sacri·
1963 5460 1966 5466 Ι
