4178 6196
299 1648 366 1731 DE
400 1645 661 1730 ORDlNlS
698 1645 1007 1750 EXORDllS,
1047 1644 1470 1748 lNCREMENTlS,
1509 1644 1688 1728 FATlS.

914 1926 1020 2013 cnr.
1043 1950 1070 2012 1.

252 2141 301 2243 Si
328 2176 538 2239 latissimum
563 2196 727 2258 campum
756 2175 925 2238 historiae
954 2195 1203 2258 peragramus,
1232 2175 1294 2237 vix
1322 2175 1457 2238 tristius
1486 2175 1677 2256 quidquam
1706 2175 1861 2254 reperire

119 2336 311 2399 possumus
335 2337 439 2397 quam
464 2326 605 2396 tempus
629 2316 731 2397 illud,
761 2334 831 2395 quo
855 2335 912 2376 res
936 2314 1122 2376 Romanae
1147 2315 1326 2395 quondam
1355 2324 1455 2376 tanto
1486 2332 1594 2394 opere
1618 2312 1785 2374 florentes
1814 2313 1859 2374 ad

120 2456 303 2518 interitum
327 2474 476 2536 vergere
501 2462 705 2534 coeperunt.
745 2454 878 2534 Roma,
907 2456 992 2515 urbs
1015 2456 1185 2535 superba,
1219 2454 1318 2516 cuius
1346 2456 1413 2515 sub
1438 2453 1521 2534 iugo
1545 2463 1642 2516 totus
1665 2452 1739 2513 fere
1764 2453 1860 2514 orbis

119 2608 295 2657 terrarum
319 2604 514 2675 gemuerat,
537 2593 651 2655 fracta
675 2602 711 2655 et
735 2602 915 2674 prostrata
939 2592 1089 2656 iacebat.
1124 2593 1307 2654 Barbarus
1331 2593 1423 2673 pede
1448 2594 1535 2654 duro
1560 2591 1782 2654 conculcavit
1805 2610 1860 2652 se-

121 2736 185 2795 des
210 2744 353 2795 veteres
377 2733 492 2795 cultus
516 2741 623 2813 atque
639 2733 880 2814 humanitatis
905 2731 1117 2794 manuforti
1141 2731 1272 2793 occidit
1295 2731 1428 2791 incolas
1452 2731 1588 2811 inopes
1628 2729 1732 2810 Quod
1756 2739 1859 2791 vates

121 2871 244 2933 divino
268 2870 394 2951 spiritu
417 2870 585 2931 incitatus
610 2870 803 2932 cecinerat:
838 2870 997 2951 „Palatia
1021 2870 1164 2931 deserta
1188 2877 1285 2950 sunt,
1310 2870 1496 2931 multitudo
1524 2869 1620 2930 urbis
1648 2868 1770 2930 relicta
1795 2877 1859 2948 est,

120 3023 239 3071 turres
262 3018 299 3070 et
321 3008 538 3070 munimenta
565 3007 660 3070 facta
688 3019 769 3070 sunt
796 3009 1003 3088 speluncae,
1035 3008 1205 3089 gaudium
1235 3007 1380 3069 bestiis“
1416 3007 1540 3087 (Isaias
1564 3012 1615 3087 32,
1645 3008 1693 3086 14)
1722 3017 1796 3067 tum
1824 3006 1860 3067 in

120 3146 273 3228 imperio
296 3147 461 3208 Romano
486 3156 652 3207 eventum
675 3147 807 3208 habere
831 3147 1030 3209 videbatur.

254 3286 352 3366 Quas
375 3306 432 3347 res
455 3286 545 3347 adeo
569 3287 732 3346 turbatas
755 3285 881 3367 religio
899 3284 1099 3347 Christiana
1122 3286 1228 3347 modo
1252 3303 1465 3366 componere
1490 3294 1641 3365 poterat.
1673 3284 1718 3345 Et
1738 3303 1799 3345 eas
1825 3283 1859 3345 in

121 3424 285 3485 ordinem
312 3423 451 3505 redegit
480 3423 640 3485 adiutore
669 3443 727 3504 e0,
760 3422 819 3504 qui
843 3422 1029 3503 Apostolis
1059 3422 1216 3485 dixerat:
1250 3424 1362 3506 ,Ecce
1386 3422 1571 3484 vobiscum
1596 3441 1671 3484 sum
1696 3421 1860 3482 omnibus

123 3563 254 3624 diebus
277 3582 391 3643 usque
414 3563 460 3624 ad
483 3563 821 3624 consummationem
839 3561 1003 3623 saeculi“.
1036 3560 1112 3622 Viri
1130 3560 1319 3623 Christiani
1343 3561 1407 3623 soli
1424 3562 1502 3623 Deo
1519 3560 1652 3622 servire
1676 3559 1862 3641 cupientes

121 3703 168 3763 ad
193 3710 323 3783 gentes
346 3703 517 3763 barbaras
541 3711 777 3781 pervaserunt
800 3709 1006 3780 contempto
1023 3699 1149 3780 quovis
1166 3699 1324 3780 periculo
1342 3698 1519 3762 Christum
1536 3698 1741 3761 crucifixum
1759 3718 1861 3780 prae-

121 3840 348 3920 dicaverunt,
372 3859 512 3901 suarum
536 3859 701 3901 manuum
724 3839 846 3901 labore
871 3859 1005 3920 suoque
1031 3840 1196 3919 exemplo
1219 3838 1379 3901 homines
1403 3850 1565 3921 agrestes
1595 3841 1639 3901 ad
1663 3838 1860 3901 humanita-

121 3992 195 4041 tem
219 3987 256 4039 et
279 3978 445 4040 virtutem
468 3977 656 4042 finxerunt.
696 3978 775 4060 Quo
799 3979 834 4040 in
858 3998 1005 4040 numero
1030 3977 1199 4059 imprimis
1226 3975 1288 4039 filii
1318 3977 1410 4039 illius
1434 3976 1499 4039 viri
1529 3979 1643 4040 sancti
1672 3987 1768 4058 sunt,
1799 3975 1858 4057 qui

122 4117 282 4178 condens
306 4116 475 4197 ordinem,
505 4117 561 4178 cui
591 4117 675 4178 illud
699 4118 811 4198 patris
839 4118 893 4179 sui
925 4137 1005 4201 „ora
1030 4128 1065 4179 et
1088 4116 1231 4178 labora“
1264 4137 1406 4197 semper
1434 4126 1516 4178 ante
1545 4118 1666 4179 oculos
1694 4119 1861 4179 obversa-

120 4259 240 4333 batur,
264 4273 329 4335 pro
352 4255 492 4317 nomine
517 4275 580 4317 suo
604 4256 890 4318 benedictionem
914 4255 1042 4318 adtulit
1066 4256 1205 4319 mundo

255 4395 378 4476 Atque
401 4394 436 4456 in
459 4395 674 4457 monasterio
698 4395 831 4457 Montis
855 4394 1089 4476 Cassinensis,
1112 4394 1174 4456 ubi
1198 4393 1399 4474 patriarcha
1422 4395 1674 4456 monachorum
1698 4393 1861 4456 occiden-

122 4533 246 4596 talium
269 4551 414 4594 auream
437 4552 536 4594 suam
560 4534 720 4615 regulam
744 4533 900 4614 scripsit,
926 4553 1018 4614 quae
1041 4542 1139 4595 recte
1166 4541 1449 4615 „monumentum
1477 4552 1547 4594 non
1575 4532 1662 4594 satis
1686 4532 1861 4593 admiran-

119 4674 203 4734 dum
229 4670 428 4751 sapientiae
453 4670 695 4733 Christianae“
721 4672 951 4761 nominatur,¹
965 4671 1101 4734 initium
1125 4671 1192 4733 fuit
1215 4689 1346 4751 operae
1370 4671 1549 4752 salutaria,
1575 4690 1666 4751 quae
1689 4669 1790 4731 brevi
1814 4669 1860 4730 ad

117 4811 299 4873 orientem
323 4808 555 4890 occidentem,
580 4810 855 4890 septemtriones
879 4811 1062 4874 meridiem
1086 4809 1298 4890 pertinebat.

252 4947 371 5010 Etiam
396 4947 431 5010 in
454 4948 523 5009 illis
546 4948 649 5011 terris
658 4998 666 5030 ,
695 4969 786 5031 quae
819 4950 925 5012 hodie
957 4948 1105 5031 imperio
1136 4948 1301 5010 clementi
1328 4947 1661 5030 Habsburgensium
1689 4960 1817 5030 parent
1828 4949 1860 5033 ¹),

109 5092 201 5155 ordo
229 5088 453 5150 incrementa
482 5087 578 5167 cepit
606 5097 642 5150 et
671 5087 803 5151 auxilio
831 5088 952 5151 divino
981 5098 1018 5151 et
1044 5096 1258 5169 protegente
1286 5081 1421 5148 sur'nmo
1449 5085 1616 5167 pontifice
1640 5088 1797 5150 adolevit
1825 5099 1860 5150 et

119 5247 439 5262 --.--—-—---—-———-

247 5334 271 5416 1)
299 5333 368 5389 Hae
396 5348 481 5390 sunt:
512 5332 636 5390 Austria
666 5352 758 5409 supra
789 5345 820 5389 et
851 5333 927 5389 inira
953 5333 1111 5401 Annesim,
1144 5332 1367 5406 Salisburgum,
1399 5331 1505 5402 Stiria,
1538 5336 1706 5401 Carinthia‚
1739 5335 1857 5400 Carnia,

99 5457 239 5517 cornia,
271 5445 436 5515 Gradisca,
462 5447 559 5512 Istria‚
584 5447 778 5520 Tergestum,
802 5446 1200 5520 'l‘irolis‚V0rarlbergium‚
1222 5447 1374 5515 Bohemia‚
1399 5447 1547 5514 Moravia,
1571 5447 1690 5513 Silesia‚
1715 5447 1857 5519 Ungaria‚
