4178 6196
899 461 1178 533 -12,.,

173 665 248 708 rum
264 662 501 725 possessores,
523 644 675 706 ademtis
696 643 853 724 ipsorum
869 645 1004 708 iuribus

173 780 208 831 et
227 768 333 831 valde
354 767 547 830 imminutis
568 767 753 849 reditibuS,
777 770 823 831 ad
848 769 1004 850 inopiam

171 890 245 953 fere
257 890 467 972 redegisset,
485 910 506 951 a
518 890 668 972 singulis
681 890 757 953 fere
769 891 929 954 ordinum
943 913 1004 955 an·

172 1011 309 1074 terioris
330 993 500 1074 Austriae
522 1013 689 1074 membris
705 1023 862 1096 rogatuS,
880 1024 919 1077 ut
935 1015 1003 1077 sibi

172 1133 303 1195 auxilio
317 1144 413 1196 esset
426 1145 462 1197 et
474 1136 590 1197 denuo
607 1137 652 1197 ad
670 1137 786 1198 aulam
800 1156 1003 1200 caesaream

172 1276 348 1346 pergeret,
363 1266 508 1347 cognita
519 1266 570 1328 rei
584 1265 793 1330 difficultate
807 1287 924 1349 aegre,
939 1288 1003 1349 pro

174 1405 237 1448 suo
252 1396 373 1450 tamen
389 1388 572 1470 religionis
588 1398 624 1451 et
636 1389 776 1470 patriae
792 1409 910 1453 amore
927 1399 1003 1452 tan-

174 1511 253 1571 dem
267 1510 448 1572 consensit
458 1520 494 1573 et
502 1511 679 1574 Viennam
688 1511 776 1573 abiit
788 1513 901 1573 abbas
910 1511 1004 1573 Mar-

172 1632 275 1695 tinus,
303 1631 456 1695 Multum
484 1632 627 1714 quidem
654 1634 756 1696 aulae
785 1643 821 1696 et
849 1632 1003 1695 civitatis

171 1754 299 1817 faciem
315 1764 352 1818 et
367 1774 437 1817 non
459 1755 496 1816 in
517 1755 640 1818 melius
664 1756 883 1818 immutatam
906 1756 1004 1819 inve-

170 1877 232 1958 nit,
255 1897 321 1940 nec
338 1888 457 1940 tamen
473 1877 664 1941 frustranei
685 1888 786 1942 erant
805 1879 881 1941 eius
905 1880 1003 1941 labo·

172 2019 239 2080 reS,
265 2020 344 2063 cum
369 2019 535 2081 proceres
560 2010 596 2063 et
619 2001 804 2082 praesides
827 2001 1003 2063 variorum

172 2131 374 2204 senatuum,
409 2125 455 2184 ab
491 2122 570 2203 ipso
607 2135 643 2186 et
673 2124 839 2204 praeside
871 2124 1004 2187 ordinis

171 2244 347 2325 equestris
362 2244 401 2308 L.
415 2245 455 2307 B.
474 2246 518 2307 de
530 2246 656 2308 Baden
672 2266 795 2308 verum
811 2266 927 2308 rerum
943 2267 1004 2308 an-

171 2366 309 2428 terioris
326 2366 494 2428 Austriae
511 2376 642 2429 statum
659 2368 787 2449 edocti,
803 2370 849 2429 ad
865 2367 1004 2429 mitiora

171 2488 319 2551 consilia
330 2490 1005 2571 commoverentimperatorem;etpost

174 2621 325 2691 quatuor
341 2632 481 2674 menses
497 2612 660 2674 Viennae
677 2622 824 2675 exactos
844 2611 1003 2674 libentis-

172 2733 260 2794 sime
277 2734 323 2795 ad
339 2753 423 2796 suos
439 2735 554 2798 rediit.
573 2734 741 2814 Quintum
759 2734 826 2797 iter
841 2733 927 2797 fecit
943 2755 1003 2796 an-

174 2874 220 2917 no
246 2875 337 2934 1790.
362 2856 561 2937 Imperator
583 2856 786 2936 Leopoldus
806 2856 861 2938 IL,
883 2856 1003 2920 verbis

172 2987 209 3039 et
240 2997 350 3059 opere
378 2977 599 3059 significans,
633 2998 670 3039 se
703 2980 813 3040 multa
844 2999 865 3040 a
892 2978 1002 3041 fratre

173 3119 345 3181 germano
360 3100 514 3180 Iosepho
534 3100 577 3162 II.
595 3109 699 3182 gesta
714 3100 857 3162 minime
874 3120 1002 3182 appro-

172 3225 267 3303 bare,
285 3243 306 3283 a
322 3222 474 3285 subditis
495 3222 564 3284 sibi
580 3223 699 3285 delata
716 3223 925 3305 gravamina
941 3225 1003 3285 be-

171 3344 280 3425 nigne
296 3345 474 3424 audiebat,
493 3354 528 3407 et
545 3345 707 3407 omnibus
723 3346 885 3408 levamen
901 3346 1003 3426 polli-

173 3467 329 3529 cebatur.
354 3465 433 3547 Quo
449 3466 593 3549 factum,
610 3477 659 3548 ut,
682 3488 761 3530 cum
777 3467 851 3530 fere
869 3488 914 3529 ex
931 3488 1003 3548 om-

172 3588 277 3650 nibus
294 3589 487 3669 provinciis
501 3591 661 3671 deputati
678 3589 929 3652 Vindobonam
943 3593 1002 3653 de-

175 3710 352 3792 venirent,
377 3712 563 3773 anterioris
588 3732 728 3793 quoque
752 3713 921 3774 Austriae
950 3732 1003 3774 or-

176 3831 288 3913 dines,
305 3833 339 3894 in
356 3833 478 3913 primis
496 3833 760 3896 ecclesiasticus
781 3856 881 3898 suum
903 3855 1004 3916 prae·

174 3954 295 4035 sidem,
328 3954 525 4036 principem
553 3956 744 4019 Martinum
775 3957 1005 4019 vehementer

175 4086 345 4159 urgerent
361 4079 406 4139 ad
422 4078 490 4140 iter
506 4098 571 4158 pro
588 4079 703 4141 salute
719 4079 857 4161 patriae
874 4078 1005 4141 facien-

173 4200 266 4280 dum,
284 4201 379 4279 quod
396 4209 584 4262 etsumma
600 4221 678 4262 cum
689 4200 821 4263 fiducia
830 4201 1004 4263 Viennam

173 4320 267 4384 fecit.
292 4321 339 4384 Et
354 4342 479 4384 revera
496 4323 542 4383 ab
559 4322 772 4403 imperatore
790 4324 1004 4407 impetravit,

173 4456 212 4507 ut
233 4443 350 4507 omnia
371 4444 560 4526 privilegia
577 4445 682 4507 etiam
703 4445 763 4507 illa
784 4447 830 4508 ab
851 4456 1005 4528 augusta

172 4566 221 4629 M.
236 4566 407 4628 Theresia
420 4586 544 4629 recens
558 4587 737 4650 concessa,
751 4589 777 4632 s
787 4569 909 4632 Blasio
922 4590 1004 4632 con-

172 4688 338 4752 firmaret.
363 4689 404 4751 In
428 4709 529 4752 suum
552 4691 667 4753 locum
687 4691 849 4754 Viennae
873 4692 1003 4755 substi·
1041 4718 1043 4745 =

174 4813 242 4874 tuit
257 4811 356 4876 vices
369 4823 553 4895 gerentem
566 4814 606 4876 P.
620 4814 823 4878 Mauritium
835 4815 1002 4897 Ribbele,

174 4933 234 5014 qui
255 4944 374 4996 cetera
395 4935 599 4997 monasterii
621 4938 766 5019 negotia
786 4946 823 5000 et
842 4937 1003 5000 ordinum

173 5056 360 5118 anterioris
370 5057 539 5120 Austriae
552 5059 762 5140 praesertim
771 5060 1004 5123 ecclesiastici

174 5188 322 5260 curaret,
341 5200 432 5260 quae
449 5190 485 5242 et
502 5181 612 5241 multa
629 5181 801 5243 industria
822 5192 858 5245 et
879 5183 1003 5245 dexte·

1083 656 1189 731 tasse,
1218 659 1254 711 et
1276 650 1414 712 aerario
1436 670 1463 715 s.
1488 651 1599 714 Blasii
1627 653 1793 715 damnum
1817 654 1913 716 haud

1084 769 1253 852 exiguum
1273 770 1412 855 fecisse,
1437 772 1521 835 licet
1541 773 1709 855 princeps
1732 795 1913 857 nunquam

1083 912 1153 954 non
1176 912 1310 955 memor
1332 894 1520 976 religiosae
1545 897 1767 978 paupertatis
1791 916 1914 979 super·

1083 1012 1153 1075 flua
1174 1034 1335 1095 expensa
1351 1016 1510 1079 studiose
1527 1018 1679 1083 evitarit.
1699 1019 1780 1082 Non
1799 1021 1914 1084 minus

1083 1136 1204 1218 liquet,
1233 1139 1401 1200 abbatem
1428 1139 1564 1201 muneri
1591 1141 1755 1221 perpetui
1782 1142 1914 1204 ordinis

1084 1260 1318 1323 ecclesiastici
1341 1261 1528 1324 anterioris
1550 1262 1719 1325 Austriae
1739 1264 1913 1344 praesidis

1084 1384 1225 1445 abunde
1260 1382 1390 1445 fecisse
1421 1385 1526 1458 satis;
1562 1405 1684 1448 verum
1719 1386 1913 1468 gratiarum

1084 1505 1234 1567 actionis
1250 1506 1340 1588 locu,
1357 1508 1403 1568 ab
1420 1507 1463 1568 iis
1480 1506 1577 1589 ipsiS,
1596 1528 1744 1589 quorum
1761 1528 1914 1571 commo-

1084 1627 1138 1689 dis
1152 1627 1344 1710 diligentur
1356 1629 1562 1711 serviverat,
1571 1629 1722 1713 invidiis,
1734 1630 1913 1712 conviciiS,

1083 1750 1188 1811 immo
1198 1750 1381 1815 calumniis
1395 1751 1578 1832 impetitus
1592 1762 1628 1815 et
1642 1753 1834 1815 honoratus
1848 1763 1912 1816 est.

1170 1874 1303 1936 Verum
1312 1893 1377 1936 nec
1386 1875 1562 1937 recensita
1575 1875 1711 1957 itinera,
1729 1895 1793 1939 nec
1808 1896 1914 1939 curae

1085 2006 1120 2056 et
1136 1995 1402 2078 sollicitudines
1420 2018 1509 2078 quas
1525 1997 1594 2078 ipsi
1610 1997 1845 2080 congregatio
1860 2017 1914 2060 re-

1083 2117 1289 2199 ligiosorum
1306 2119 1373 2181 sibi
1390 2120 1587 2203 commissa,
1609 2121 1743 2183 subditi
1764 2131 1800 2184 et
1816 2131 1914 2185 ante·

1083 2239 1184 2300 rioris
1197 2239 1365 2302 Austriae
1382 2242 1523 2304 ordines
1542 2242 1775 2305 ecclesiastici
1790 2241 1914 2306 affere-

1078 2363 1179 2443 bant,
1196 2382 1261 2424 nec
1279 2364 1477 2443 quotidiani
1492 2365 1599 2427 officii
1615 2366 1757 2429 labores
1773 2366 1914 2448 aliaque

1083 2485 1228 2566 negotia
1252 2506 1357 2566 quam
1377 2487 1528 2567 plurima
1551 2490 1719 2551 abbatem
1740 2509 1761 2550 a
1782 2489 1915 2551 teneris

1082 2606 1279 2669 litterarum
1289 2616 1466 2669 amantem
1476 2610 1635 2672 detinere
1645 2620 1820 2693 poterant,
1830 2611 1914 2693 quin

1084 2731 1190 2793 etiam
1208 2751 1299 2792 nunc
1316 2731 1475 2793 adsuetis
1496 2731 1623 2794 studiis
1643 2731 1718 2795 sere
1741 2743 1836 2796 totus
1852 2754 1914 2798 va-

1084 2863 1191 2934 caret,
1213 2855 1386 2934 pluraque
1403 2874 1513 2935 opera
1533 2854 1569 2915 in
1589 2855 1703 2917 lucem
1726 2856 1913 2937 emitteret,

1083 2982 1212 3038 annum
1223 2976 1423 3057 perdidisse
1435 2976 1652 3058 existimans
1662 2997 1732 3058 quo
1745 2997 1814 3039 non
1827 2997 1914 3059 opu-

1083 3100 1217 3161 sculum
1233 3099 1387 3180 aliquod,
1404 3100 1462 3162 vel
1479 3099 1596 3179 operis
1612 3098 1754 3161 maioris
1775 3107 1913 3179 partem

1083 3222 1302 3284 elaboratam
1333 3222 1433 3303 prelo
1468 3222 1711 3284 commisisset.
1750 3222 1791 3286 P.
1819 3222 1913 3284 Mar-

1083 3347 1239 3425 quardus
1266 3344 1441 3427 Herrgott
1468 3353 1504 3406 et
1530 3345 1570 3408 P.
1594 3345 1781 3408 Rustenus
1805 3344 1912 3426 Heer,

1082 3466 1824 3530 ultimammonumentorumAustriacorum
1834 3486 1914 3549 par-

1084 3599 1166 3669 tem,
1187 3588 1484 3670 taphographiam
1509 3589 1642 3670 quippe
1669 3588 1913 3669 imperfectam
1987 3616 1992 3621 ·

1083 3711 1314 3792 reliquerant;
1336 3730 1486 3792 cumque
1502 3711 1594 3773 inter
1610 3731 1693 3773 suos
1709 3713 1822 3774 abbas
1838 3721 1912 3774 tum

1084 3833 1259 3895 neminem
1290 3834 1453 3915 haberet,
1485 3833 1541 3895 cui
1570 3835 1661 3896 hanc
1693 3834 1913 3915 provinciam

1084 3966 1161 4018 tuto
1186 3956 1436 4037 committeret,
1465 3956 1541 4038 ipse
1565 3955 1664 4037 operi
1688 3977 1829 4019 manum
1853 3959 1914 4019 ad-

1042 4074 1045 4149 l
1085 4078 1205 4160 movit,
1223 4089 1259 4140 et
1282 4078 1480 4159 perfectum
1503 4078 1538 4140 in
1561 4079 1675 4159 primo
1700 4099 1764 4141 suo
1788 4080 1913 4141 itinere

1085 4201 1355 4263 Vindobonensi
1384 4201 1598 4282 imperatrici
1622 4201 1758 4264 Mariae
1784 4201 1914 4264 There·

1085 4323 1159 4385 siae
1180 4322 1322 4403 obtulit,
1344 4325 1389 4384 ab
1411 4322 1471 4385 illa
1493 4323 1766 4386 clementissime
1787 4342 1914 4403 accep·

1084 4455 1206 4525 tatum,
1220 4455 1258 4507 ut
1267 4464 1358 4526 quae
1368 4464 1455 4528 erga
1464 4445 1615 4508 maiores
1628 4466 1712 4509 suos
1726 4443 1913 4508 tenerrime

1084 4568 1236 4648 adfecta,
1244 4568 1397 4630 honores
1410 4569 1487 4630 istis
1499 4569 1649 4650 habitoS,
1663 4589 1705 4632 ac
1718 4569 1786 4631 sibi
1798 4569 1913 4631 factos

1083 4692 1263 4753 censebat.
1288 4690 1455 4754 Codicem
1479 4693 1561 4754 dein
1585 4691 1816 4772 epistularum
1835 4691 1913 4754 Ru-

1083 4814 1204 4896 dolphi
1220 4815 1246 4877 Ι.
1263 4814 1515 4897 Habsburgici,
1532 4817 1578 4876 ab
1595 4815 1673 4878 aliis
1690 4815 1758 4878 iam
1775 4817 1912 4897 pridem

1083 4937 1233 5018 editum,
1270 4941 1334 5000 sed
1369 4938 1488 5001 multis
1518 4937 1787 5002 adcessionibus
1818 4961 1911 5004 nunc

1083 5058 1235 5140 auctum,
1249 5070 1285 5122 et
1293 5061 1676 5144 ordinechronologico
1689 5061 1911 5146 dispositum,

1082 5182 1247 5263 notisque
1275 5183 1406 5246 criticis
1435 5194 1658 5268 exornatum,
1690 5187 1843 5269 Iosepho
1867 5187 1912 5251 ΙΙ.

1083 5304 1287 5385 imperatori
1309 5307 1487 5388 inscripsit
1509 5307 1613 5389 eique
1630 5308 1664 5371 in
1681 5311 1838 5372 secundo
1858 5310 1913 5372 iti-

173 5297 278 5363 ritate
307 5301 465 5382 perfecit.
498 5302 663 5364 Ceterum
691 5301 796 5365 facile
829 5313 884 5367 est
915 5304 1003 5367 iudi·
1040 5348 1043 5423 ,

174 5440 265 5503 care,
289 5432 343 5486 tot
367 5424 493 5487 itinera
517 5442 667 5506 magnos
687 5434 849 5507 sumptus
873 5425 1001 5506 impor-
1040 5429 1059 5510 l,
1082 5446 1168 5489 nere
1183 5426 1452 5493 Vindobonensi
1468 5431 1514 5493 ad
1530 5451 1671 5495 manum
1687 5433 1825 5515 obtulit,
1843 5452 1913 5498 non
