4178 6196
907 404 1186 492 -484-

172 631 295 669 armena
311 625 341 668 et
357 631 423 667 cum
441 609 556 667 crebris
579 613 658 668 notis
675 613 886 686 grammaticis
911 613 1003 669 Vien-

175 736 240 785 nae,
259 719 339 792 typis
354 716 496 772 Mecbith.
519 713 609 772 1866.

259 862 464 956 Toupalt'k
489 875 682 937 Maurus
709 873 1004 956 (Emautinus

172 993 576 1073 Montserratensis),
604 992 783 1055 Bohemus
812 992 1004 1055 Taborien·

173 1116 230 1196 sis,
254 1125 358 1177 natus
380 1120 471 1196 1789,
494 1114 678 1196 professus
698 1119 789 1196 1815,
813 1116 1004 1197 presbyter

173 1237 357 1300 ordinatus
379 1242 468 1318 1819,
494 1237 676 1318 professor
696 1236 862 1299 classium
882 1238 1003 1298 huma-

172 1361 294 1423 nitatis
312 1372 347 1422 et
364 1359 567 1441 praefectus
584 1360 761 1443 gymnasii
778 1359 1003 1422 Benedictini

173 1483 351 1545 Emautini
373 1484 407 1544 in
430 1483 574 1545 civitate
591 1482 801 1545 Klattoviae
827 1481 1003 1562 emerituS,

173 1606 270 1685 prior
294 1603 498 1666 monasterii
520 1603 707 1685 Emautini,
732 1612 891 1666 mortuus
912 1607 1002 1666 1860.

172 1728 389 1810 Linguarum
403 1726 561 1806 Latinae,
576 1725 747 1807 Graecae,
758 1723 1002 1805 Germanicae,

172 1849 387 1912 Bohemicae
418 1848 672 1930 peritissimus,
704 1849 810 1929 poeta
842 1846 1002 1928 insignis,

173 1972 329 2034 carmina
353 1972 536 2052 praeclara
560 1970 703 2050 Latina,
728 1969 940 2032 Germanica
968 1980 1003 2030 et

173 2094 366 2156 Bohemica
375 2092 574 2173 composuit
588 2091 681 2153 datis
692 2092 937 2153 occasionibus
945 2092 1004 2152 vel

173 2216 402 2276 sollemnibus
419 2215 476 2276 vel
492 2234 556 2295 pro
578 2214 717 2275 circulis
739 2212 930 2275 amicorum
952 2211 1003 2274 fa-

173 2336 376 2399 miliaribus.

259 2459 441 2521 Mentione
457 2458 493 2519 in
509 2457 632 2538 primis
649 2456 773 2538 digna:

259 2586 281 2640 Ι.
307 2583 455 2641 Salutatio
476 2583 673 2657 aggratulans
694 2585 825 2657 supremi
843 2583 927 2655 regni
945 2581 1003 2636 Bo·

173 2691 288 2745 hemiae
305 2689 471 2763 landgravii
490 2690 607 2743 comitis
621 2687 740 2744 Chotek
754 2687 936 2742 Klattoviam
951 2684 1003 2740 ad-

172 2796 320 2850 venientis
344 2812 423 2848 anno
450 2792 544 2864 1841:
568 2791 712 2847 Pfivitani
738 2789 909 2864 nejvyiiiho
933 2809 1004 2864 pur·

172 2896 301 2954 krabiho
323 2896 448 2953 hrabdte
469 2897 588 2953 Chotka
608 2895 646 2950 do
666 2896 794 2950 Klatova
817 2893 906 2965 1841.
928 2892 1002 2948 Eibl.

173 3005 291 3059 Emaut.
309 3005 406 3058 minor
422 3002 488 3057 XII.
511 3016 535 3056 1.
553 3015 582 3071 3.

259 3109 297 3163 ΙΙ.
320 3108 448 3163 Carmen
470 3105 593 3179 lyricum
618 3106 647 3160 in
668 3101 788 3179 publica
812 3115 841 3157 et
866 3101 1002 3156 sollemni

173 3212 312 3267 classium
327 3211 534 3286 praelectione
548 3209 631 3264 finito
644 3226 722 3263 anno
735 3207 927 3272 scholastica
942 3223 1002 3279 quo

172 3318 275 3372 Musas
293 3316 465 3371 Klattoviae
482 3312 633 3370 celebravi
651 3308 812 3389 (Musarum
831 3311 1003 3366 Klattoviae

172 3417 304 3497 laudes),
331 3422 409 3495 typis
439 3419 548 3475 editum
576 3418 748 3473 Klattoviae
780 3414 874 3488 1839;
902 3416 1003 3488 lingua

172 3524 350 3580 Bohemica:
385 3524 492 3597 Elegie
518 3523 540 3577 k
566 3522 746 3598 piedneieni
777 3522 822 3596 pri
850 3501 1002 3593 velejnein

173 3628 368 3684 oznamovrini
393 3628 566 3703 prospdchu
594 3626 726 3682 mladeie
751 3645 789 3681 na
815 3626 1002 3699 gymnasium

174 3732 371 3787 Klatovskem
389 3732 428 3786 ku
442 3732 531 3787 konci
546 3732 684 3787 1110111110
697 3731 776 3788 roku
790 3728 880 3801 1839.
894 3728 1003 3784 VKla-

177 3836 287 3891 touech
308 3834 397 3907 1839.
416 3837 448 3890 11
465 3834 537 3891 bibl.
552 3837 711 3891 Emautina
728 3836 834 3889 minori
851 3834 918 3888 XII.
934 3848 958 3888 1.
972 3847 1001 3904 4.

259 3959 311 4013 Ill.
338 3959 467 4013 Carmen
485 3957 678 4013 Bohemicum
699 3960 835 4013 iocosum
857 3958 885 4010 in
907 3954 1003 4030 poda·

174 4082 269 4136 gram,
292 4082 358 4118 cum
377 4062 454 4117 idem
476 4064 541 4136 ipse
555 4061 692 4136 podagra
708 4060 901 4116 vehementer
917 4057 1003 4114 labo·

173 4180 263 4234 taret,
277 4169 460 4243 composuit,
475 4165 556 4240 quod
571 4184 690 4222 carmen
703 4164 822 4240 quidam
836 4165 900 4219 cius
913 4163 1003 4219 disci·

173 4272 321 4348 pulorum‚
339 4290 427 4345 quem
442 4273 469 4326 in
484 4272 586 4346 primis
604 4289 704 4325 carum
721 4267 833 4336 habuit,
851 4268 1002 4342 parochus

173 4376 279 4442 sactus,
297 4379 365 4450 ipso
381 4377 477 4431 inscio
494 4377 522 4430 in
536 4372 694 4429 novalibus
712 4374 810 4446 Kvety
827 4367 939 4448 (flores)
957 4384 1002 4445 ty·

174 4483 220 4556 pis
238 4499 414 4556 expressum
432 4478 583 4555 publicum
601 4478 680 4534 sccit.

259 4625 490 4700 Treuinfels
506 4638 588 4700 Leo
605 4639 652 4701 M.
673 4638 1003 4719 (Mariaemonta-

126 4773 128 4778 ’
172 4757 269 4835 115),
294 4765 398 4816 11115
422 4755 596 4837 Tergeste
615 4755 755 4837 (Triest)
780 4779 809 4833 4.
826 4756 901 4819 Iun.
923 4760 1002 4834 1848

174 4876 300 4939 studiis
327 4876 505 4958 gymnasii
534 4876 717 4939 Meraniae
746 4878 893 4960 egregia
924 4897 1002 4939 cum

172 5001 278 5091 laude
294 4998 469 5060 absolutis
489 5000 648 5062 ordinem
671 5000 854 5082 ingressus
875 5011 929 5062 est
952 5021 1001 5062 20.

174 5118 273 5200 Sept.
295 5124 386 5200 1865,
404 5131 491 5183 vota
507 5122 691 5184 sollemnia
713 5122 829 5184 emisit
850 5142 896 5185 11.
912 5121 1002 5184 Nov.

178 5248 272 5324 1869,
301 5264 327 5307 5.
355 5245 627 5326 presbyteratus
655 5244 814 5306 ordinem
846 5243 1004 5325 suscepit

174 5364 343 5426 Brixinae
366 5387 415 5429 22.
433 5366 506 5428 lan.
530 5372 605 5444 1871
634 5377 669 5428 et
693 5366 727 5427 in
751 5365 882 5427 sacello
903 5386 1003 5448 gym-

1084 607 1175 669 nasii
1191 607 1414 670 Meranensis
1433 629 1460 669 2.
1475 607 1579 670 Febr.
1597 627 1627 671 6.
1644 629 1675 670 a.
1692 608 1849 690 primum
1865 628 1920 671 sa·

1084 749 1181 791 crum
1193 731 1272 791 Deo
1284 729 1504 791 sollemniter
1515 729 1653 793 obtulit.
1677 730 1713 792 Is
1725 738 1918 812 postquam

1083 871 1148 932 per
1163 851 1344 914 biennium
1360 851 1554 937 (1872-74)
1575 853 1610 915 in
1626 852 1720 916 univ.
1735 852 1917 935 Oenipon·

1083 985 1168 1036 tana
1194 973 1363 1036 historiae
1392 975 1543 1037 naturali
1572 975 1706 1056 optimo
1734 995 1815 1037 cum
1840 995 1916 1038 suc-

1084 1116 1188 1159 cessu
1204 1116 1349 1178 operam
1363 1097 1519 1178 navavit,
1536 1097 1742 1178 praedictae
1760 1098 1916 1179 discipli-

1083 1240 1150 1282 nae
1179 1219 1435 1300 professionem
1464 1217 1498 1280 in
1525 1218 1714 1302 gymnasio
1742 1220 1917 1301 superiori

1084 1341 1290 1422 auspicatus
1317 1340 1492 1421 simulque
1521 1360 1651 1422 pueros
1682 1340 1717 1403 in
1749 1341 1914 1404 convictu

1084 1473 1206 1525 nostro
1223 1482 1287 1544 per
1302 1461 1482 1524 biennium
1500 1463 1705 1524 moderatus
1722 1473 1787 1525 651.

1170 1582 1286 1648 Studii
1309 1604 1416 1646 causa
1431 1603 1497 1665 per
1511 1584 1590 1646 loca
1606 1594 1818 1666 montesque
1835 1605 1913 1666 pro·

1083 1707 1199 1769 fectus
1213 1715 1321 1787 atque
1332 1707 1461 1768 herbas
1475 1714 1653 1768 scrutatus
1666 1707 1822 1768 maxima
1837 1728 1913 1769 cum

1083 1828 1257 1890 industria
1286 1828 1443 1890 libellum
1470 1826 1623 1889 confecit
1654 1838 1690 1889 et
1722 1829 1834 1891 edidit
1864 1829 1913 1890 in·

1084 1950 1269 2031 scriptum:

1171 2076 1227 2130 Die
1244 2075 1360 2130 Cirsien
1376 2074 1489 2129 Tirols.
1511 2070 1541 2151 (i.
1559 2092 1585 2130 e.
1604 2074 1702 2131 Cirsia
1717 2074 1913 2154 Tirolensia.)

1085 2179 1126 2236 8⁰.
1144 2178 1322 2246 Innsbruck‚
1339 2177 1388 2235 bei
1405 2178 1550 2251 Wagner.
1572 2178 1662 2252 1875.
1685 2194 1742 2252 119
1761 2198 1791 2254 p.

1170 2308 1332 2401 Troger
1353 2318 1595 2381 Meinradus
1617 2319 1829 2402 (princeps
1852 2323 1914 2383 ab·

1083 2437 1158 2497 bas
1176 2433 1539 2517 San-Blasianus).
1562 2436 1675 2499 Natus
1698 2448 1754 2501 est
1775 2450 1913 2520 speeta-

1083 2558 1146 2620 bili
1159 2559 1396 2640 Trogerorum
1409 2559 1579 2640 prosapia
1591 2560 1648 2621 die
1662 2565 1713 2623 31.
1725 2562 1821 2645 Aug.
1835 2568 1912 2642 1696

1084 2679 1334 2742 Rhenofeldae
1361 2681 1396 2741 in
1425 2701 1553 2762 magno
1580 2684 1711 2744 ducatu
1740 2684 1912 2758 Badensi;

1083 2805 1293 2865 monachum
1310 2803 1516 2865 Blasianum
1537 2803 1652 2865 induit
1676 2825 1772 2884 1717;
1799 2826 1912 2869 sacer-

1084 2927 1148 2987 dos
1160 2934 1301 2986 creatus
1314 2934 1368 2987 est
1381 2944 1471 3003 1722.
1489 2925 1530 2986 In
1545 2925 1638 2988 univ.
1649 2924 1913 3010 Salisburgensi

1084 3047 1227 3128 optimis
1239 3047 1366 3109 litteris
1380 3046 1544 3128 imbutus,
1557 3047 1689 3108 ibidem
1698 3060 1827 3129 postea
1839 3051 1913 3131 phi-

1083 3169 1281 3250 losophiam
1302 3169 1459 3250 tradidit,
1484 3169 1590 3232 editis
1614 3171 1749 3252 aliquot
1775 3172 1913 3254 stagiri-

1083 3293 1195 3354 sticae
1212 3291 1383 3354 scientiae
1406 3292 1660 3373 speciminibus
1684 3314 1763 3355 cum
1787 3295 1914 3376 plausu

1084 3415 1258 3495 exceptis,
1297 3415 1337 3476 ln
1368 3413 1583 3476 monasterio
1615 3413 1913 3497 Gengenbacensi

1085 3520 1191 3598 etiam
1205 3536 1450 3616 philosophiae
1463 3537 1644 3617 professor
1657 3546 1743 3599 erat.
1761 3539 1913 3600 Domum

1083 3660 1197 3721 redux
1211 3666 1288 3719 erat
1300 3658 1442 3718 abbatis
1455 3657 1636 3720 Francisci
1650 3659 1862 3739 sacellanuS,
1879 3670 1913 3721 et

1084 3781 1258 3844 rationum
1278 3799 1343 3861 per
1364 3799 1475 3841 annos
1499 3780 1619 3860 plures
1635 3780 1782 3843 revisor.
1807 3781 1914 3843 Prae-

1083 3902 1221 3985 positus
1245 3914 1373 3983 postea
1397 3900 1683 3983 Clingnoviensis
1711 3922 1777 3982 per
1804 3922 1914 3965 annos

1083 4037 1166 4106 1165,
1183 4034 1219 4087 61
1236 4023 1331 4106 prior
1347 4044 1374 4085 5.
1393 4023 1515 4103 Blasii,
1537 4023 1683 4104 primuS,
1706 4025 1765 4105 qui
1787 4045 1914 4087 nomen

1084 4145 1210 4209 decani
1222 4144 1404 4225 adsumsit,
1418 4164 1483 4225 pro
1497 4163 1593 4205 more
1609 4145 1644 4206 in
1657 4145 1914 4226 principalibus

1083 4248 1305 4330 monasteriis
1329 4266 1462 4328 ordinis
1490 4286 1516 4328 s.
1542 4266 1728 4328 Benedicti
1758 4266 1913 4348 inducto,

1083 4391 1151 4452 etsi
1166 4391 1267 4452 iuxta
1283 4382 1443 4470 regulam
1467 4387 1563 4449 aliud
1584 4397 1679 4450 esset
1701 4390 1913 4452 decanorum

1084 4512 1248 4593 officium,
1265 4511 1413 4573 inferius
1429 4511 1489 4572 illo
1505 4511 1661 4592 priorum
1679 4523 1714 4572 et
1730 4513 1914 4594 praeposi-

1083 4644 1207 4697 torum.
1233 4634 1265 4696 A
1283 4632 1485 4696 Coelestino
1506 4641 1733 4695 antecessore
1757 4634 1837 4696 loco
1862 4635 1914 4696 sui

1083 4755 1180 4837 prior
1210 4755 1245 4816 in
1274 4755 1464 4819 Oberriedt
1496 4755 1722 4836 constitutus,
1756 4755 1914 4818 defuncti

1084 4878 1190 4941 etiam
1206 4879 1323 4940 locum
1339 4865 1538 4958 occupavit,
1560 4878 1673 4939 abbas
1697 4877 1835 4939 electus
1859 4877 1915 4939 die

1085 5005 1134 5062 28.
1152 5000 1239 5081 Apr.
1258 5019 1350 5062 anno
1371 5019 1462 5080 1749,
1484 5000 1612 5062 aetatis
1629 5019 1715 5062 suae
1733 4996 1817 5062 535⁰.
1844 4999 1915 5082 Op·

1084 5121 1160 5183 timi
1183 5121 1367 5185 oeconomi
1388 5132 1510 5203 partes
1536 5120 1707 5202 implevit,
1732 5122 1915 5204 dispositis

1087 5253 1122 5306 et
1138 5244 1293 5326 mutatiS,
1316 5265 1407 5325 quae
1429 5246 1475 5306 ad
1491 5244 1747 5306 incrementum
1763 5264 1915 5325 proven·

1084 5375 1182 5428 tuum
1205 5368 1402 5428 conducere
1423 5365 1647 5428 videbantur.
1671 5365 1850 5430 Aedificia
1866 5367 1915 5429 in-
