4208 6194
838 476 880 484 -
925 436 1100 499 XXXIII
1145 474 1186 482 —

142 665 338 728 Maximam
360 677 480 728 autem
503 664 574 726 vim
596 663 722 726 habuit
751 664 867 747 bulla,
899 684 1005 746 quam
1038 684 1147 746 supra
1178 662 1545 742 commemoravimus,
1578 660 1766 724 Benedicti
1790 659 1887 741 XII,

143 802 206 885 qui
228 803 265 865 in
288 802 497 865 Bohemiam
523 803 612 864 duos
636 802 774 883 priores
798 803 992 884 ablegavit,
1017 813 1056 864 ut
1079 803 1315 868 eumabbate
1340 800 1599 863 Btevnoviensi
1624 809 1659 863 et
1680 799 1888 862 Trebicensi

142 943 235 1004 hanc
259 941 391 1003 bullam
416 948 726 1021 persequerentur.
772 940 848 1002 Iam
883 945 960 1018 1337
995 941 1188 1021 capitulum
1221 940 1324 1002 huius
1357 938 1562 1022 provinciae
1592 939 1751 1002 habitum
1785 949 1840 1000 est
1855 940 1889 1017 ¹).

143 1080 223 1143 Hac
252 1080 362 1163 igitur
388 1099 473 1142 cura
500 1098 716 1141 summorum
751 1077 974 1160 pontificum,
1006 1098 1098 1160 quae
1130 1100 1151 1140 a
1181 1078 1309 1141 Carolo
1335 1078 1412 1158 IV.,
1445 1078 1544 1139 cuius
1575 1077 1743 1139 memoria
1774 1077 1889 1139 adhuc

145 1219 181 1280 in
213 1218 339 1281 animis
371 1218 609 1280 Bohemorum
639 1217 761 1299 viget,
793 1219 1048 1298 adiuvabatur,
1080 1218 1174 1280 vires
1208 1217 1340 1279 ordinis
1376 1225 1567 1279 revocatae
1603 1225 1694 1279 sunt.
1741 1216 1795 1278 Ita
1825 1215 1890 1277 Ca·

145 1358 211 1420 roli
248 1358 309 1421 IV.
345 1377 455 1438 opera
489 1356 744 1419 monasterium
779 1356 1005 1421 Emautinum
1041 1357 1220 1419 conditum
1258 1367 1328 1435 est,
1365 1375 1391 1416 s.
1424 1355 1642 1438 Hieronymo
1674 1355 1887 1435 dedicatum,

146 1496 181 1557 In
206 1496 301 1576 quod
324 1494 470 1577 liturgia
486 1493 640 1575 Slavica,
665 1515 757 1576 quae
774 1495 809 1556 in
826 1493 946 1558 Slavis
969 1495 1184 1557 australibus
1207 1505 1435 1575 remanserat,
1460 1494 1672 1557 auctoritate
1689 1495 1889 1575 apostolica

147 1635 293 1697 inducta
321 1644 387 1696 est.
430 1638 509 1712 1357
541 1632 786 1696 Benedictinis
814 1633 1057 1695 Lombardicis
1086 1653 1215 1695 novum
1245 1633 1497 1695 monasterium
1530 1633 1575 1693 ad
1607 1652 1633 1696 S.
1658 1632 1888 1697 Ambrosium

147 1774 289 1855 Pragae
313 1771 539 1835 aedificatum
564 1783 628 1854 est,
653 1772 689 1834 in
713 1792 783 1853 quo
808 1774 923 1836 cultus
948 1773 1088 1835 divinus
1112 1773 1180 1834 ritu
1205 1771 1464 1834 Mediolanensi
1482 1773 1731 1834 celebrabatur
1746 1774 1779 1852 ²).
1811 1772 1888 1836 Mo-

148 1912 293 1974 nialium
316 1931 460 1992 quoque
485 1932 651 1975 numerus
674 1923 800 1974 auctus
824 1923 888 1973 est.
921 1911 987 1973 His
1012 1912 1104 1974 enlm
1128 1911 1342 1973 Pustumerii
1366 1930 1479 1992 prope
1495 1910 1726 1972 Vischaviam
1752 1912 1786 1973 in
1810 1913 1888 1974 Mo·

147 2050 285 2133 ravia3)
311 2061 347 2113 et
370 2049 512 2132 Pragae
537 2052 582 2112 ad
607 2050 665 2112 dei
688 2050 976 2132 misericordiam,
1001 2052 1096 2131 quod
1121 2051 1229 2132 vulgo
1254 2050 1506 2112 monasterium
1530 2070 1556 2113 s
1582 2049 1735 2133 Spiritus
1765 2053 1887 2134 adpel-

146 2191 251 2269 latur,
276 2188 449 2251 coenobia
472 2197 600 2270 parata
623 2190 754 2269 suntl).
801 2189 1000 2269 Utrumque
1032 2188 1164 2250 incolas
1195 2191 1241 2249 ab
1272 2189 1419 2269 antiquo
1446 2188 1648 2250 monialium
1673 2190 1889 2252 monasterio

148 2350 175 2391 s,
201 2325 350 2409 Georgii
373 2335 574 2407 acceperat.

282 2463 354 2527 Sed
378 2465 522 2526 ineunte
547 2466 690 2527 saeculo
715 2466 839 2546 quinto
857 2466 994 2528 decimo
1017 2466 1105 2527 haec
1130 2477 1329 2545 temporum
1353 2465 1505 2529 felicitas
1530 2467 1674 2548 proeliis
1698 2467 1888 2547 atrocibus,

149 2623 241 2684 quae
257 2604 396 2665 haeresi
412 2603 574 2686 magistri
590 2603 733 2665 [oannis
748 2604 873 2667 Hussii
894 2605 1041 2685 eiusque
1063 2605 1303 2666 assecularum
1321 2607 1609 2683 conserebantur,
1630 2626 1802 2668 conversa
1823 2616 1887 2669 est.

279 2742 399 2804 Prima
423 2742 569 2805 abbatia
593 2743 834 2804 Bievnovium
858 2764 879 2804 a
904 2729 1008 2805 Zizka
1032 2744 1076 2804 de
1101 2743 1285 2823 Trocnow,
1309 2744 1400 2806 duce
1424 2743 1660 2824 Hussitarum,
1689 2765 1770 2821 1420
1793 2744 1888 2807 ferro

148 2880 294 2962 ignique
326 2881 444 2943 deleta
475 2891 540 2943 est.
586 2881 690 2943 Multi
720 2881 900 2961 monachi,
932 2881 992 2962 qui
1022 2881 1234 2943 domicilium
1267 2880 1459 2944 defendere
1493 2885 1730 2963 conabantur,
1766 2884 1887 2966 gladio

148 3019 266 3099 occisi,
291 3019 348 3081 alii
373 3019 469 3100 capti
494 3029 530 3081 et
554 3028 702 3101 propter
725 3018 808 3081 fidei
832 3020 1068 3083 constantiam
1092 3020 1166 3102 lgni
1191 3020 1347 3084 cremati.
1387 3021 1514 3083 Abbas
1543 3042 1621 3084 cum
1646 3023 1887 3103 compluribus

148 3157 318 3220 fratribus
346 3158 475 3239 partim
499 3157 736 3240 Raigradium
761 3158 890 3239 partim
914 3159 1152 3221 Braunaviam
1178 3157 1392 3240 effugerunt,
1422 3180 1513 3239 quae
1537 3171 1620 3222 tunc
1644 3162 1750 3222 sedes
1774 3160 1887 3243 patris

147 3295 290 3358 abbatis
312 3295 408 3358 facta
432 3307 496 3360 est.
543 3297 659 3359 Etiam
683 3296 855 3358 Policium
879 3317 901 3357 a
925 3296 1128 3359 Btevnovio
1152 3297 1332 3359 conditum
1356 3299 1402 3357 ab
1425 3296 1582 3360 Hussitis
1606 3301 1791 3361 obsessum
1815 3311 1880 3362 est.

148 3434 356 3516 Cladrubia,
386 3455 477 3516 quae
501 3434 628 3497 Carolo
654 3446 829 3517 regnante
861 3444 961 3497 tanto
993 3454 1101 3516 opere
1131 3434 1317 3515 floruerat,
1349 3438 1415 3497 sub
1439 3436 1652 3498 Wenzeslao
1683 3457 1769 3500 vero
1800 3458 1887 3520 rege

147 3573 361 3635 detrimenta
389 3586 545 3655 ceperat,
576 3583 660 3636 tunc
692 3585 901 3657 expugnata
925 3584 961 3636 et
983 3575 1067 3636 belli
1092 3575 1196 3637 sedes
1220 3577 1360 3637 delecta
1384 3585 1448 3638 est.
1494 3575 1602 3638 Peius
1631 3577 1778 3639 coloniis
1809 3579 1885 3640 eius

147 3711 403 3792 Tuschcaviae,
420 3712 704 3795 PfraumbergiO,
728 3713 903 3814 Presticio
927 3714 1067 3795 accidit,
1092 3734 1184 3794 quae
1207 3713 1367 3776 funditus
1391 3735 1516 3777 eversa
1539 3724 1630 3777 sunt.
1660 3716 1770 3777 Porta
1787 3716 1887 3797 Apo·

146 3850 318 3912 stolorum
344 3870 495 3932 quoque,
520 3861 649 3933 potens
672 3852 925 3915 monasterium
950 3863 985 3916 et
1008 3853 1278 3935 praepositurae
1303 3853 1611 3917 Weberschauvia
1642 3864 1677 3917 et
1706 3855 1751 3916 ad
1781 3876 1808 3919 s,
1833 3856 1887 3917 Ia·

147 3993 276 4052 cobum
305 4011 386 4068 1420
409 3991 524 4053 eidem
548 3991 712 4053 fortunae
741 3994 1015 4056 succubuerunt.
1053 3993 1317 4074 Wilemovium,
1348 3992 1447 4055 cuius
1478 3994 1592 4054 abbas
1616 4013 1694 4054 cum
1718 3993 1887 4056 fratribus

146 4128 389 4210 Uhercicium,
420 4129 454 4191 in
477 4129 761 4211 praeposituram
784 4130 982 4212 Moraviae,
1014 4131 1194 4214 fugerant,
1220 4129 1381 4211 Sazawa,
1417 4130 1636 4213 Ostrovium,
1670 4130 1886 4214 Schlanium,

147 4268 363 4351 Welitzium,
389 4268 499 4332 Zatou
523 4270 648 4331 eadem
673 4272 761 4332 dura
784 4270 925 4332 fortuna
949 4269 1152 4333 conflictata
1176 4282 1267 4333 sunt.
1314 4270 1430 4332 Etiam
1460 4269 1705 4332 Podladitium
1737 4271 1885 4352 eiusque

147 4406 419 4487 praepositurae
443 4408 624 4490 Albipolis
655 4417 693 4471 et
724 4407 930 4470 Baczinium
960 4407 1070 4470 furori
1100 4407 1256 4470 fanatIco
1286 4407 1453 4470 victimae
1485 4407 1700 4472 ceciderunt.
1746 4408 1886 4470 Pariter

148 4544 376 4608 Emautinum
411 4555 447 4609 et
479 4548 524 4608 ad
555 4567 581 4608 S.
613 4547 842 4609 Ambrosium
874 4557 910 4610 et
940 4547 1143 4609 monialium
1175 4547 1347 4609 coenobia
1379 4566 1405 4609 S.
1438 4545 1586 4629 Georgii
1617 4559 1652 4609 et
1685 4567 1711 4608 s.
1743 4547 1885 4608 loannis

146 4682 313 4764 Teplitzii
336 4692 444 4765 atque
468 4686 719 4748 monasterium
744 4706 770 4748 s.
796 4684 951 4769 Spiritus
976 4706 997 4746 a
1019 4685 1184 4747 fanaticis
1217 4686 1404 4749 devastata
1432 4688 1562 4765 sunm).
1609 4685 1768 4746 Eandem
1800 4704 1885 4746 vero

280 4928 300 5007 ¹)
324 4929 426 4984 Dudik
448 4929 466 4985 l.
492 4950 517 4986 c.
543 4932 566 4986 I.

279 5038 570 5119 ἣῆΜιαΗ

278 5149 301 5230 ³)
326 5152 426 5208 Dudik
450 5154 467 5210 l.
493 5173 518 5210 c.
543 5155 565 5211 1.

278 5262 300 5342 ⁴)
324 5264 414 5320 Frind
439 5265 456 5321 l.
482 5284 507 5322 c.
532 5266 568 5323 II.

278 5376 300 5456 ⁵)
325 5377 494 5434 Secundum
518 5377 610 5434 Frind
634 5379 652 5435 I.
678 5399 703 5435 c.
729 5381 765 5436 II.
