4178 6196
906 437 1185 505 -344-

178 635 293 689 torum
317 623 582 707 philosophiae,
606 620 809 703 theologiae
837 639 879 682 ac
906 619 1007 682 iuris-

178 749 388 830 prudentiae
405 745 601 810 studiorum
622 763 729 807 causa
750 741 893 822 missus,
914 740 1007 803 inter

177 871 310 951 primos
327 869 377 932 sic
394 867 572 949 excelluit,
589 878 630 929 ut
642 865 823 948 ingenium
835 865 881 926 ad
893 862 1006 925 scien·

177 995 246 1056 tias
255 992 402 1076 egregie
413 1000 657 1072 comparatum
668 987 774 1050 facile
786 984 1007 1049 adverterint

177 1115 283 1197 periti
305 1133 421 1177 rerum
445 1110 701 1175 aestimatores.
734 1107 1005 1173 Sublimioribus

177 1239 232 1303 his
253 1237 407 1300 emensis
428 1233 555 1297 studiis
576 1234 658 1295 Kal.
676 1230 888 1295 Novembris
912 1247 1004 1291 anno

183 1366 260 1440 1735
279 1367 466 1440 neomysta
482 1358 527 1418 ad
544 1375 641 1418 aram
658 1354 768 1436 stetit,
789 1363 825 1417 et
841 1371 934 1415 anno
950 1371 1004 1413 se-

179 1481 301 1564 quenti
314 1480 493 1543 Braunam
504 1486 654 1540 vocatus
670 1476 811 1538 scholas
822 1473 1005 1537 humanio-

178 1624 235 1667 res
251 1603 300 1666 ibi
313 1604 454 1666 tradere
471 1613 525 1664 est
537 1601 664 1682 iussus,
681 1599 743 1662 ubi
755 1609 861 1662 antea
874 1618 920 1661 ex
934 1617 1006 1660 am-

177 1729 270 1790 bone
286 1747 351 1808 per
366 1736 446 1788 octo
462 1742 574 1787 annos
594 1724 640 1785 ad
661 1722 831 1804 populum
852 1720 1005 1782 dicebat.

178 1849 257 1930 Quo
274 1849 309 1910 in
326 1846 456 1910 scholis
476 1856 657 1933 pertracto
678 1863 770 1907 anno
794 1842 901 1923 paulo
923 1853 1006 1923 post

178 1973 224 2033 ob
250 1990 400 2033 examen
423 1968 551 2031 missus
578 1969 624 2029 ad
645 1964 894 2029 monasterium
911 1963 1006 2025 Poli-

178 2112 299 2171 cense,
323 2091 384 2154 ubi
410 2089 639 2161 concionibus
662 2087 814 2151 vacandi
837 2085 1005 2149 sodalita-

177 2225 320 2297 temque
335 2213 461 2277 Matris
474 2213 670 2275 Dolorosae
686 2208 893 2272 moderandi
908 2228 1005 2271 man·

177 2339 299 2400 datum
315 2335 464 2417 accepit.
489 2333 562 2398 Sed
575 2352 640 2394 nec
652 2332 708 2394 hic
722 2331 782 2393 diu
796 2349 1004 2412 permanere

178 2458 304 2541 potuit.
339 2459 499 2520 Labente
527 2455 618 2518 enim
645 2474 738 2518 anno
769 2458 848 2532 1737
877 2453 1004 2515 iterum

178 2583 357 2644 Braunam
381 2589 560 2660 evocatus,
584 2576 830 2660 philosophiae
854 2574 1004 2656 primum

177 2711 314 2768 summa
334 2723 413 2766 cum
428 2702 534 2765 laude
551 2700 788 2784 professorem
805 2699 894 2781 egit,
919 2699 1005 2760 Bie-

177 2827 298 2889 vnovii
311 2824 527 2907 theologiam
539 2823 668 2886 deinde
680 2822 801 2885 docuit
813 2831 849 2885 et
861 2822 1005 2884 tandem

177 2948 309 3011 ibidem
325 2946 531 3030 subprioris,
555 2944 743 3008 archivarii
765 2952 800 3006 et
816 2941 1005 3006 bibliothe-

177 3072 272 3153 carii,
289 3071 399 3134 totius
411 3066 700 3151 congregationis
712 3063 1004 3128 Moravico-Boe-

177 3195 288 3256 micae
304 3213 335 3255 0.
349 3214 375 3256 s.
390 3192 430 3256 B.
448 3190 638 3271 secretarii,
655 3198 691 3252 et
706 3187 858 3250 finaliter
875 3207 1004 3270 „agen-

176 3316 222 3378 tis
239 3334 425 3378 causarum
441 3311 593 3375 ordinis“
616 3330 760 3372 munere
775 3310 937 3372 Viennae
953 3309 1003 3371 in-

176 3437 280 3500 simul
296 3436 455 3499 decorari
471 3434 607 3515 meruit,
633 3453 702 3515 quo
727 3433 763 3495 in
783 3431 901 3496 officio
918 3453 1003 3515 qua·

177 3577 253 3621 tuor
268 3559 380 3621 ferme
395 3558 497 3620 annis
510 3557 671 3619 Viennae
684 3556 850 3639 perstitit.
875 3554 950 3620 Sub
968 3556 1003 3618 id

175 3680 346 3761 temporis
363 3679 522 3762 contigit,
540 3690 579 3742 ut
594 3689 739 3742 vacaret
755 3678 1004 3760 praepositura

175 3801 460 3884 Raigradiensis.
484 3802 580 3882 Ideo,
601 3791 640 3863 ut
656 3800 773 3882 moriS,
795 3821 816 3863 a
838 3821 1003 3882 suprema

175 3926 256 3988 aula
272 3924 379 3985 alium
396 3923 552 4005 eligendi
568 3923 812 4005 praepositum
831 3923 924 3986 illico
941 3943 1002 4004 pe-

174 4048 260 4111 titur
276 4047 428 4128 licentia,
451 4066 521 4128 qua
537 4048 694 4127 obtenta,
716 4046 844 4127 dieque
861 4046 1002 4109 electio-

173 4170 226 4232 nis
243 4169 386 4249 indicta,
408 4167 657 4249 praesentibus
674 4167 783 4250 regiis
799 4169 1002 4231 commissa-

173 4292 233 4356 riis
250 4291 406 4355 unanimi
426 4291 574 4354 fratrum
597 4291 732 4354 calculo
749 4291 1002 4353 Bonaventura

172 4415 208 4478 in
235 4414 426 4478 Aemiliani
456 4414 653 4497 praepositi
684 4413 854 4497 resignati
886 4413 1001 4476 locum

172 4537 341 4601 suffectus
359 4540 421 4620 (25.
439 4538 556 4619 Mart.)
570 4548 606 4600 et
623 4558 670 4601 10.
684 4537 779 4620 Aug.
797 4537 831 4599 in
849 4537 1001 4600 ecclesia

173 4660 334 4723 decanali
345 4660 566 4744 Vyskovien.
583 4681 604 4722 a
620 4662 714 4724 card.
728 4679 783 4742 ep.
794 4659 1000 4724 Olomucen.

172 4782 308 4866 Troyer
320 4783 548 4846 abbatialiter
559 4782 769 4845 benedictus
783 4792 819 4845 et
831 4783 1000 4846 infulatus

172 4915 236 4966 est.
266 4903 367 4985 Quae
391 4904 426 4967 in
447 4905 651 4968 monasterii
675 4904 785 4968 nostri
811 4904 999 4968 utilitatem

171 5026 331 5108 perfecit,
344 5026 605 5109 praemittenda
618 5036 795 5109 putamus,
808 5037 998 5108 antequam

171 5167 281 5230 opera
309 5149 384 5211 eius
412 5148 583 5211 litteraria
610 5148 724 5211 fusius
751 5169 815 5230 per
840 5149 997 5213 ordinem

170 5270 405 5333 describenda
418 5270 656 5353 aggredimur.
677 5271 782 5334 Anno
800 5275 880 5351 1756
896 5270 932 5333 vi
944 5290 998 5333 re-

1087 641 1116 685 c.
1128 641 1155 684 r.
1169 641 1261 684 anno
1274 623 1513 704 praecedente
1530 623 1659 686 emisso
1676 624 1921 708 innitebatur),

1085 742 1259 807 beneficia
1275 756 1408 826 curata,
1433 756 1505 807 tam
1521 746 1787 829 Raigradiense
1813 768 1920 829 quam

1084 865 1367 930 Domasoviense
1380 877 1416 930 et
1429 865 1728 932 Ostrovacicense
1746 869 1919 953 (Nigrof.),

1085 987 1300 1050 monasterio
1317 988 1352 1050 in
1369 999 1583 1070 perpetuum
1599 990 1699 1053 unita
1714 1000 1807 1054 sunt.
1828 992 1919 1055 Tum

1085 1108 1193 1171 variis
1210 1111 1457 1172 cumulabatur
1469 1120 1591 1173 noster
1603 1113 1832 1193 praepositus
1848 1114 1919 1196 pri·

1084 1230 1225 1314 vilegiis
1246 1252 1268 1293 a
1288 1233 1374 1294 sede
1396 1233 1605 1314 apostolica.
1631 1232 1690 1298 Sic
1711 1235 1918 1319 impetravit

1084 1374 1105 1415 a
1127 1353 1324 1416 Benedicto
1351 1354 1436 1419 XII.
1466 1355 1705 1439 indulgentias
1735 1359 1917 1439 plenarias

1084 1476 1193 1538 semel
1202 1478 1247 1538 de
1255 1495 1376 1538 mense
1387 1496 1494 1557 super
1505 1497 1609 1542 cruce
1621 1480 1795 1561 pectorali
1812 1480 1915 1564 (orig.

1084 1600 1228 1661 membr.
1246 1601 1312 1660 sub
1329 1597 1371 1661 Ο.
1388 1619 1422 1681 g.
1440 1620 1479 1678 4²
1498 1602 1616 1681 arch),
1633 1621 1699 1682 pro
1716 1621 1755 1663 se
1772 1601 1918 1683 suisque

1085 1720 1350 1783 successoribus
1383 1721 1418 1783 in
1449 1734 1677 1805 perpetuum,
1711 1726 1758 1786 ab
1791 1726 1918 1788 eodem

1084 1863 1180 1925 papa
1196 1843 1317 1924 (breve
1333 1844 1378 1906 de
1395 1844 1452 1906 die
1470 1866 1520 1924 ²9·
1532 1845 1637 1908 Mart.
1655 1847 1737 1909 anni
1755 1847 1918 1929 17577511-

1085 1966 1251 2028 cultatem
1280 1965 1516 2029 benedicendi
1539 1969 1583 2030 de
1607 1967 1752 2031 licentia
1775 1969 1917 2032 ordina·

1084 2086 1214 2150 riorum
1223 2107 1311 2150 vasa
1321 2107 1432 2168 sacra,
1440 2108 1633 2169 campanas
1648 2100 1684 2153 et
1695 2101 1916 2174 paramenta,

1083 2209 1250 2271 -etiam
1267 2208 1427 2271 adhibito
1445 2229 1546 2273 sacro
1563 2213 1642 2273 oleo
1659 2220 1696 2274 et
1712 2213 1913 2296 chrismate,

1084 2333 1189 2394 modo
1216 2333 1283 2395 hoc
1307 2332 1408 2413 prius
1434 2352 1499 2415 per
1525 2334 1679 2415 aliquem
1703 2336 1916 2400 catholicum

1085 2454 1281 2517 antistitem
1298 2455 1498 2518 confectum
1511 2455 1617 2519 fuerit
1635 2457 1733 2540 (orig.
1749 2460 1817 2520 sub
1830 2457 1873 2522 Ο.
1883 2480 1916 2543 g.

1084 2579 1153 2658 40);
1166 2614 1208 2623 —
1220 2597 1286 2640 nec
1295 2596 1364 2640 non
1373 2578 1580 2642 facultatem
1591 2582 1787 2661 (perbreve
1799 2594 1916 2663 apost.

1084 2700 1156 2763 dto.
1168 2699 1308 2762 Romae
1323 2721 1373 2780 27.
1388 2699 1486 2782 Sept.
1501 2702 1660 2764 eiusdem
1676 2704 1771 2785 anni)
1788 2704 1916 2788 imper·

1082 2822 1194 2885 tiendi
1228 2822 1468 2906 indulgentias
1500 2845 1542 2903 40
1571 2825 1706 2888 dierum
1739 2828 1915 2911 omnibus,

1084 2945 1153 3027 qui,
1170 2945 1352 3026 praestitis
1368 2949 1604 3030 praestandis,
1621 2949 1751 3012 missae
1768 2949 1909 3033 pontifi-

1083 3067 1151 3131 cali
1167 3068 1351 3131 intersunt.
1376 3067 1531 3151 Speciali
1553 3071 1669 3153 gratia
1690 3072 1832 3136 Romae
1853 3074 1914 3137 im·

1083 3198 1261 3270 petratum
1279 3210 1408 3272 corpus
1425 3190 1460 3254 S.
1477 3178 1793 3277 M.'1)efendentis,
1821 3197 1914 3276 quod

1083 3311 1203 3373 Bruna
1234 3311 1471 3394 Raigradium
1507 3318 1723 3396 apportabat
1753 3316 1793 3379 P.
1825 3318 1914 3381 Her-

1082 3454 1231 3496 mannus
1263 3434 1458 3499 Schneider
1489 3437 1578 3518 prof.
1608 3438 1786 3504 Bievnov.
1819 3442 1914 3522 prior

1082 3556 1267 3640 Raigrad,
1285 3559 1500 3621 sollemniter
1516 3560 1550 3621 in
1564 3560 1668 3623 altari
1681 3581 1708 3625 s.
1722 3561 1910 3627 Benedicti

1083 3681 1277 3743 collocatur
1301 3681 1347 3764 (in
1370 3680 1464 3744 festo
1489 3702 1514 3744 s.
1537 3703 1563 3745 s
1581 3683 1767 3747 Trinitatis
1788 3690 1819 3750 5.
1836 3687 1911 3750 Iun.

1082 3802 1165 3865 anni
1185 3805 1277 3882 1757)
1302 3814 1338 3865 et
1361 3823 1454 3867 anno
1477 3810 1558 3884 1759
1576 3824 1705 3887 corpus
1721 3827 1748 3870 a.
1766 3807 1797 3870 F
1800 3809 1913 3872 elicis-

1082 3924 1159 3987 simi
1171 3924 1219 3987 M.
1233 3944 1341 4007 super
1356 3945 1453 3987 aram
1467 3947 1493 3990 S.
1508 3928 1758 3992 Scholasticae.
1776 3928 1911 3994 Ornata

1082 4047 1133 4110 sic
1161 4049 1329 4111 decenter
1356 4048 1508 4110 ecclesia
1535 4048 1642 4112 etiam
1670 4050 1740 4113 alia
1768 4052 1913 4135 negotia

1082 4189 1152 4232 non
1175 4170 1292 4233 omisit
1313 4171 1540 4251 praepositus
1561 4172 1828 4237 Bonaventura.
1853 4173 1911 4238 Sic

1082 4311 1174 4354 anno
1195 4297 1275 4371 1760
1291 4302 1437 4373 pontem
1452 4293 1633 4374 lapideum
1655 4314 1763 4377 super
1782 4294 1911 4359 flumen

1082 4399 1273 4496 Svarcava,
1290 4435 1402 4497 usque
1416 4415 1452 4478 in
1464 4416 1672 4496 hodiernum
1686 4417 1860 4481 intactum
1876 4429 1911 4481 et

1079 4535 1231 4618 firmum,
1256 4537 1471 4610 construxit;
1499 4538 1584 4600 villa
1612 4550 1735 4603 nostra
1757 4540 1910 4624 Raigra-

1081 4659 1213 4722 diensis
1234 4660 1409 4722 ecclesiae
1430 4662 1597 4743 opposita
1623 4682 1644 4723 a
1669 4662 1910 4727 fundamentis

1079 4780 1260 4845 aedificari
1283 4793 1412 4863 coepta
1436 4785 1481 4845 ad
1505 4784 1688 4867 fastigium
1713 4772 1926 4868 deducitur,

1079 4904 1186 4968 turris
1203 4905 1376 4968 ecclesiae
1392 4925 1485 4970 mon.
1504 4906 1647 4969 sinistra
1663 4907 1844 4991 inclinata,
1866 4929 1909 4972 ne

1078 5028 1212 5090 maiora
1225 5040 1368 5109 pararet
1382 5031 1519 5110 damna,
1534 5040 1720 5110 reparatur
1732 5040 1769 5093 et
1781 5052 1811 5109 9.
1824 5030 1909 5094 Maii

1078 5170 1192 5213 novus
1208 5151 1399 5232 imponitur
1411 5153 1536 5232 noduS,
1553 5151 1609 5214 cui
1626 5152 1767 5215 libellus
1779 5173 1908 5216 memo·

1077 5273 1174 5337 rialis
1200 5274 1400 5337 includitur.
1436 5273 1567 5355 Sicque
1600 5275 1725 5337 domus
1752 5275 1821 5338 Dei
1847 5277 1908 5338 ho·

170 5392 295 5473 scripti
312 5412 340 5456 c.
356 5413 382 5454 r.
405 5393 449 5455 de
465 5392 523 5455 die
546 5397 596 5457 25.
612 5393 702 5473 Apr.
725 5395 832 5475 (quod
853 5395 997 5457 decreto
1036 5413 1040 5476 7
1077 5397 1153 5458 nori
1168 5398 1458 5478 perabundanter
1474 5394 1654 5477 provisum
1674 5395 1819 5478 fuisset,
1841 5396 1907 5459 nisi
