4178 6196
949 408 1231 478 —280—

223 625 259 679 et
282 615 318 678 in
347 633 540 699 egenorum
567 612 688 696 inopia
715 610 910 676 efficaciter
937 612 1054 675 suble·

222 739 340 800 vanda
357 746 392 800 et
414 735 451 799 in
470 733 686 799 infirmorum
707 754 791 799 cura
814 733 873 817 pie
895 735 1055 818 gerenda

223 870 259 923 et
271 859 307 922 in
319 859 524 922 exhibenda
535 859 687 921 humane
697 856 856 939 parvulis
869 856 1052 920 charitate.

223 982 304 1065 Qua
319 994 467 1065 propter
482 1000 553 1044 non
569 982 682 1044 solum
702 978 910 1063 parochiani
931 997 1054 1043 omnes

190 1095 204 1122 ”
223 1114 259 1168 et
282 1102 478 1168 confratres
501 1122 582 1166 eum
605 1102 657 1166 uti
677 1111 816 1184 patrem
840 1101 993 1185 diligunt
1018 1111 1054 1165 et

222 1230 405 1308 honorant,
423 1227 486 1288 sed
506 1225 583 1307 ipse
604 1233 744 1309 august.
755 1222 924 1287 Austriae
944 1224 1054 1306 impe·

225 1358 323 1412 rator
350 1349 560 1412 Franciscus
587 1348 761 1431 Iosephus
788 1346 976 1411 candidum
1003 1346 1054 1429 pii

226 1472 381 1554 pastoris
391 1468 703 1553 Camposootensis
712 1479 839 1554 pectus
848 1469 966 1547 die24.
976 1469 1052 1532 Iun.

228 1599 306 1675 1867
338 1613 442 1657 cruce
473 1612 582 1656 aurea
609 1602 779 1656 coronata
806 1591 988 1656 decoravit
1016 1601 1053 1655 et

224 1717 368 1780 biennio
385 1725 468 1798 post
483 1716 623 1798 amplus
636 1714 870 1778 Vindobonae
887 1714 982 1777 urbis
998 1733 1053 1777 se·

224 1848 329 1902 natus
346 1857 425 1901 eum
441 1847 584 1901 moneta
600 1856 709 1900 aurea
720 1836 800 1901 mai.
814 1857 841 1900 s.
854 1834 1053 1900 Salvatoris

223 1979 289 2044 pro
312 1960 446 2024 meritis
471 1960 527 2023 die
553 1964 603 2023 25.
629 1959 718 2022 Nov.
747 1964 828 2038 1869
854 1957 1053 2021 honoravit.

223 2083 307 2165 Ipse
335 2081 518 2164 professus
546 2080 721 2145 iubilaeus
750 2080 833 2144 inde
864 2100 885 2142 a
917 2080 974 2143 die
1002 2084 1053 2144 28.

225 2205 305 2271 Oet.
322 2208 413 2285 1878,
429 2203 620 2267 consiliarii
637 2222 779 2286 quoque
795 2201 1053 2284 archiepiscopi

225 2326 379 2392 Vindob.
408 2326 584 2409 dignitate
611 2325 802 2410 insignitus
831 2334 887 2388 est
917 2324 974 2388 die
1003 2327 1053 2388 25.

224 2448 311 2511 Dec.
333 2453 422 2528 1871.

312 2570 427 2654 Typis
443 2571 570 2633 edidit:

312 2695 467 2772 I.Predigt
475 2694 524 2753 bei
534 2694 736 2772 Gelegenheit
745 2695 799 2753 des
808 2695 1053 2752 Restaurations·

225 2800 320 2858 festes
351 2803 389 2857 im
415 2799 797 2876 Wiener-Burgerspitale
823 2818 859 2855 zu
887 2796 932 2855 St.
956 2799 1052 2855 Marx.

224 2902 352 2985 (Concio
365 2902 587 2984 occasionalis.)
603 2905 749 2972 Viennae,
766 2902 856 2976 1842,
872 2904 951 2979 typis
962 2903 987 2959 F
989 2901 1053 2960 erd.

225 3010 345 3068 Ullrich.

310 3116 348 3172 11.
365 3115 478 3172 Blatter
494 3113 548 3172 der
564 3113 734 3188 Belehrung
751 3112 809 3169 und
822 3111 994 3188 Erbauung
1007 3111 1054 3168 stlr

225 3220 272 3277 die
285 3219 324 3276 hl.
333 3220 516 3277 Fastenzeit.
529 3215 559 3296 (i.
570 3236 596 3276 e.
606 3219 731 3275 Pietatis
740 3219 884 3275 exercitia
893 3236 950 3294 pro
961 3230 1052 3294 temp.

225 3321 426 3403 Quadrages.)
446 3324 532 3381 1vol.
550 3325 693 3392 Viennae,
712 3322 803 3397 1843,
817 3337 880 3400 typ.
889 3324 926 3380 L.
936 3320 1052 3380 Grund.

310 3430 362 3486 III.
380 3429 493 3485 Blatter
508 3428 563 3485 der
574 3428 744 3504 Belehrung
756 3428 814 3485 und
827 3427 994 3502 Erbauung
1006 3426 1054 3484 fdr

223 3532 271 3590 die
288 3532 356 3590 heil.
374 3532 640 3590 Weihnachtszeit.
666 3529 695 3610 (i.
714 3551 741 3590 e.
763 3533 887 3590 Pietatis
910 3534 1054 3589 exercitIa

223 3656 280 3714 pro
304 3651 395 3714 temp.
421 3639 502 3695 circa
525 3640 615 3695 nativ.
639 3634 771 3716 Christi.)
799 3638 891 3694 1vol.
907 3638 1052 3704 Viennae,

228 3740 319 3815 1843,
338 3745 418 3819 typis
435 3758 540 3817 congr.
557 3742 698 3799 Mechith.

311 3863 361 3921 IV.
379 3864 442 3920 Der
457 3864 537 3921 Herr
553 3867 596 3921 sei
613 3866 665 3921 mit
676 3861 778 3921 Euchl
796 3863 912 3922 Gebet·
924 3863 983 3920 und
996 3864 1053 3921 Er·

223 3966 442 4043 bauungsbuch
455 3967 503 4025 fiir
512 3969 701 4026 katholische
709 3968 860 4027 Christen.
870 3965 975 4047 (Liber
983 3986 1052 4045 pre·

224 4068 312 4150 cum.)
332 4088 344 4129 1
364 4073 424 4129 vol.
450 4088 474 4130 1.
494 4072 541 4129 ed.
561 4073 705 4139 Viennae,
731 4061 821 4146 1844,
846 4074 926 4148 typis
947 4090 1051 4147 congr.

223 4178 365 4235 Mechith.
382 4177 457 4235 Cum
473 4176 597 4253 subseq.
615 4192 632 4251 5
651 4196 720 4234 nov.
737 4175 809 4234 edit.

309 4300 345 4358 V.
378 4300 441 4357 Des
472 4299 587 4357 Kindes
619 4299 726 4375 Engel.
758 4298 873 4358 Gebet·
904 4299 963 4356 und
994 4299 1052 4357 Er·

223 4403 441 4480 bauungsbuch
468 4404 514 4461 fur
542 4404 590 4462 die
617 4404 900 4463 christkatholische
924 4403 1052 4482 Jugend.

222 4507 328 4589 (Liber
340 4507 485 4589 precum.)
506 4510 589 4568 1vol.
605 4510 748 4578 Viennae,
764 4507 855 4584 1846,
870 4522 932 4585 typ.
945 4527 1051 4584 congr.

222 4614 363 4673 Mechith.
393 4614 467 4672 Cum
492 4615 600 4691 compl.
625 4617 746 4690 imagin.
767 4634 792 4672 s.
813 4615 926 4672 Missae
949 4628 1052 4690 partes

222 4715 519 4797 demonstrantibus.)

308 4823 359 4881 v1.
373 4822 657 4898 Erinnerungsblatt
668 4841 707 4879 an
718 4822 767 4880 die
780 4822 933 4880 feierliche
942 4823 1051 4880 Weihe

222 4928 276 4986 der
287 4945 384 4984 neuen
396 4945 526 5002 grossen
536 4926 655 4985 Glocke
668 4929 705 4984 im
715 4925 926 4986 Psarrbezirke
939 4926 1050 4985 Schot-

222 5030 342 5088 tenield.
374 5026 419 5109 (In
445 5034 617 5089 memoriam
642 5030 842 5089 dedicationis
864 5029 1050 5111 campanae.)

223 5135 368 5201 Viennae,
390 5135 480 5209 1855,
498 5138 578 5212 typis
594 5154 700 5212 congr.
717 5135 859 5194 Mechith.

308 5254 409 5337 Quae
425 5257 469 5318 de
487 5265 655 5337 suscepta
675 5272 768 5319 anno
787 5260 867 5319 1855
884 5255 921 5318 in
936 5265 1049 5319 terras

151 5449 155 5461 Ι
221 5397 342 5441 sacras
363 5378 650 5461 peregrinatione
673 5398 823 5442 unacum
844 5377 1048 5442 confratrib.

1133 612 1285 674 Alberto
1302 608 1479 675 Gatseher
1495 620 1531 674 et
1547 610 1717 674 Udaln'co
1734 610 1848 674 Roiss
1870 609 1968 692 (vide

1132 734 1237 816 hunc)
1254 733 1424 797 memoria
1439 733 1549 817 digna
1565 732 1746 818 iudicavit,
1770 732 1869 816 typis
1890 732 1966 797 edi·

1135 856 1187 920 dit
1203 875 1275 938 op.:

1219 982 1286 1040 VII.
1317 982 1431 1040 Blatter
1456 1000 1511 1039 aus
1538 981 1605 1039 dem
1634 982 1823 1058 Tagebuche
1850 984 1967 1039 meiner

1133 1086 1315 1163 Pilgerreise
1336 1088 1366 1142 in
1386 1087 1441 1144 das
1460 1086 1571 1163 heiIIge
1593 1086 1679 1144 Land
1703 1089 1741 1144 im
1761 1087 1852 1164 Jahre
1872 1085 1965 1161 1855.

1137 1207 1149 1248 1
1168 1191 1228 1250 vol.
1250 1192 1292 1251 8⁰.
1321 1208 1347 1249 1.
1363 1190 1411 1249 ed.
1427 1192 1571 1261 Viennae,
1593 1193 1674 1268 typis
1695 1209 1800 1267 congr.
1816 1191 1962 1249 Mechith.

1132 1297 1229 1355 Huius
1242 1296 1343 1364 libelli,
1356 1297 1437 1354 mult.
1447 1296 1599 1372 imaginib.
1611 1309 1710 1354 terrae
1718 1308 1843 1354 sanctae
1853 1297 1964 1365 ornati,

1133 1415 1195 1459 tres
1211 1403 1277 1459 iter.
1294 1402 1365 1459 edit.
1382 1415 1451 1458 sunt
1466 1415 1599 1459 secutae.

1218 1505 1299 1563 VIII.
1320 1506 1379 1563 Die
1392 1505 1620 1580 Auserstehung
1634 1505 1705 1582 Jesu
1725 1538 1768 1546 —
1789 1503 1865 1562 dber
1885 1503 1966 1561 allen
2070 1553 2072 1557 ,

1132 1610 1264 1668 Zweilel.
1289 1610 1347 1667 Ein
1363 1610 1454 1668 Wort
1468 1631 1521 1668 zur
1531 1608 1686 1697 Starkung
1698 1609 1745 1667 [dr
1756 1609 1834 1678 Alle,
1847 1609 1965 1667 welche

1133 1714 1217 1771 ihren
1231 1712 1371 1772 Glauben
1386 1713 1494 1772 lieben.
1512 1711 1542 1793 (i.
1555 1732 1581 1772 e.
1594 1713 1837 1771 Resurrectionis
1850 1712 1964 1771 domIni

1131 1816 1327 1898 dilucidatio.)
1344 1819 1488 1887 Viennae,
1504 1821 1585 1895 typis
1600 1819 1699 1895 Leop.
1716 1816 1832 1876 Grund.

1218 1937 1501 2020 Manuscriptum
1525 1956 1629 2020 porro
1654 1936 1731 2019 ipse
1755 1945 1880 2000 auctor
1901 1937 1965 1999 ad·

1133 2070 1267 2124 servat:

1219 2187 1271 2244 IX.
1287 2186 1519 2261 Erinnerungen
1534 2204 1589 2243 aus
1606 2187 1733 2243 meinem
1748 2183 1865 2243 Leben.
1886 2181 1918 2265 (i.
1938 2203 1966 2242 e.

1133 2292 1220 2350 Vitae
1235 2286 1462 2368 commentarii.)
1483 2305 1494 2346 1
1515 2289 1575 2348 vol.
1592 2296 1636 2364 4⁰.

1219 2453 1390 2551 Lbskay
1410 2464 1610 2529 Placidus
1634 2463 1877 2548 Stephanus
1903 2467 1967 2548 (de

1134 2601 1161 2645 s.
1177 2581 1318 2645 Monte
1330 2582 1595 2664 Pannoniae),
1612 2581 1736 2665 Papae
1752 2600 1841 2647 com.
1853 2581 1969 2646 Vesz·

1133 2705 1242 2787 prem.
1260 2704 1296 2768 in
1312 2704 1498 2789 Hungaria
1520 2703 1577 2767 die
1595 2724 1646 2784 ²7·
1662 2705 1726 2768 Iul.
1747 2709 1827 2785 1845
1846 2714 1965 2789 natuS,

1133 2847 1160 2893 s.
1176 2828 1300 2892 habitu
1317 2827 1374 2891 die
1392 2832 1420 2893 8.
1438 2826 1538 2911 Sept.
1559 2832 1635 2892 1861
1660 2828 1814 2911 indutus,
1836 2828 1895 2891 die
1916 2850 1966 2909 14.

1133 2951 1222 3034 Apr.
1243 2954 1323 3015 1868
1340 2959 1425 3013 vota
1441 2950 1627 3013 sollemnia
1648 2949 1778 3033 emisit,
1800 2959 1837 3013 et
1857 2953 1968 3015 abso·

1133 3072 1217 3136 lutis
1232 3073 1268 3135 in
1280 3093 1306 3136 s.
1317 3082 1436 3136 monte
1449 3092 1476 3138 s.
1486 3072 1685 3156 theologiae
1697 3072 1825 3136 studiis
1837 3075 1968 3136 eodem
1986 3103 1992 3113 ·

1133 3213 1227 3257 anno
1255 3215 1280 3259 1.
1302 3194 1359 3257 die
1382 3194 1539 3277 Augusti
1565 3197 1756 3278 presbyter
1779 3194 1967 3259 ordinatus

1134 3327 1198 3399 est,
1216 3337 1261 3380 ex
1278 3336 1347 3399 quo
1364 3326 1524 3399 tempore
1541 3318 1586 3380 ad
1599 3337 1728 3380 annum
1746 3320 1825 3397 1879
1844 3315 1967 3382 officio

1133 3439 1344 3522 professoris
1353 3438 1565 3503 Comaromii
1577 3439 1730 3522 functus,
1740 3460 1833 3503 nunc
1843 3439 1968 3504 Buda-

1133 3562 1264 3645 pestini
1280 3563 1315 3625 in
1331 3561 1563 3626 universitate
1583 3562 1683 3645 regia
1699 3562 1827 3626 studiis
1842 3573 1964 3628 vacat.

1133 3683 1302 3767 Scripsit:

1219 3812 1242 3869 I.
1259 3811 1286 3868 A
1302 3810 1381 3887 papa
1397 3810 1507 3875 udvari
1522 3812 1621 3870 drasa.
1643 3809 1673 3892 (i.
1691 3831 1717 3870 e.
1734 3811 1851 3870 Artifex
1868 3813 1966 3871 horo·

1132 3917 1280 3992 logiorum
1297 3917 1383 3973 Rom.
1401 3914 1573 3996 pontificis.)
1591 3917 1637 3973 Ex
1654 3917 1755 3993 lingua
1770 3916 1874 3975 Germ.
1889 3935 1966 3976 con·

1132 4023 1233 4077 vertit.
1257 4021 1291 4077 In
1307 4019 1357 4077 lib.
1375 4019 1550 4096 periodicis:
1569 4020 1658 4078 Kath.
1674 4021 1802 4098 Neplap.
1824 4018 1918 4096 1867.

1218 4126 1256 4182 11.
1274 4126 1377 4183 Elvazi
1395 4127 1558 4200 Berengar.
1572 4121 1834 4205 (Narratiuncula.)
1848 4125 1897 4182 Ex
1909 4126 1966 4183 lin·

1132 4249 1192 4307 gua
1213 4230 1315 4288 Germ.
1341 4233 1498 4288 convertit.
1523 4231 1571 4287 In:
1597 4229 1687 4287 Kath.
1708 4230 1839 4306 Hetilep.
1868 4227 1964 4306 1879.

1219 4395 1395 4469 Lueond
1432 4405 1671 4469 Bernardus
1706 4405 1963 4491 (Murensis),

1132 4532 1236 4586 natus
1248 4523 1284 4585 in
1296 4521 1455 4587 Suitensi
1467 4541 1563 4605 pago
1576 4522 1760 4606 Biberegg
1772 4522 1829 4585 die
1842 4526 1872 4586 5.
1886 4523 1962 4588 Ian.

1135 4664 1226 4726 1792,
1249 4645 1341 4708 inter
1357 4644 1548 4708 monachos
1568 4653 1735 4727 receptus
1754 4665 1859 4708 sacra
1878 4664 1963 4729 pro-

1129 4766 1285 4830 fessione
1310 4766 1367 4830 die
1394 4771 1422 4829 8.
1445 4767 1533 4831 Dec.
1562 4771 1657 4849 1810,
1685 4767 1885 4831 sacerdotio
1910 4768 1963 4832 in·

1130 4889 1282 4972 signitus
1306 4890 1363 4952 die
1387 4894 1416 4953 8.
1443 4887 1521 4952 Oet.
1553 4889 1742 4975 1815,fuit
1767 4889 1961 4974 professor,

1130 5011 1211 5075 dein
1228 5012 1392 5094 subprior
1404 5020 1440 5074 et
1452 5011 1751 5095 bibliothecarius
1768 5022 1898 5095 postea
1909 5013 1962 5077 vi·

1129 5134 1245 5198 carius
1259 5145 1294 5198 et
1307 5148 1450 5199 curatus
1462 5136 1558 5217 apud
1567 5135 1690 5198 Muros
1702 5146 1739 5199 et
1747 5136 1783 5198 In
1792 5135 1959 5201 Wohlen.

1129 5257 1320 5340 Tempore·
1335 5258 1598 5340 suppressionis
1626 5258 1832 5321 monasterii
1858 5259 1959 5343 prius

1129 5381 1174 5442 ad
1202 5378 1461 5462 Einsidlenses,
1492 5390 1619 5463 postea
1646 5381 1958 5467 Klingenbergam
