4178 6196
910 435 1192 521 -536-.

181 632 316 695 musica
331 635 423 695 bene
439 641 522 696 nota
538 643 603 714 est,
621 634 730 696 multa
746 634 880 696 maiora
896 643 932 696 et
948 634 1011 696 mi-

181 773 267 817 nora
284 775 394 836 opera
411 754 620 836 composuit,
643 775 790 837 quorum
810 755 909 817 varia
931 775 1011 836 spe-

182 877 309 938 cimina
326 877 554 938 inveniuntur
569 877 604 938 in
617 877 716 939 libris
730 888 766 939 et
778 877 1011 958 ephemeridi-

180 1000 247 1060 bus
264 999 416 1060 musicis

267 1192 368 1254 Haec
384 1191 492 1253 missa
505 1191 679 1254 facientes
691 1191 877 1273 sequentia
890 1211 1010 1253 recen-

181 1334 317 1376 semus:

267 1476 289 1530 I.
311 1474 628 1530 Reductionstabellen
649 1476 793 1531 zunachst
814 1474 861 1530 fiir
883 1475 1009 1531 Oester·

180 1579 272 1646 reich,
290 1579 462 1634 enthaltend
479 1579 526 1634 die
540 1580 709 1635 Reduction
725 1579 801 1635 alter
814 1579 1010 1653 Wahrungen

180 1686 210 1739 in
226 1683 274 1738 die
291 1701 366 1738 neue
383 1689 492 1739 osterr.
507 1684 675 1757 Wahrung‚
693 1684 747 1740 das
757 1683 943 1740 Verbaltniss
956 1682 1010 1738 der

180 1805 277 1842 neuen
294 1788 419 1842 llllinzen
441 1807 476 1842 zu
501 1787 644 1843 einander
666 1788 725 1842 und
743 1785 942 1844 Wurltabelle
963 1786 1010 1841 fiir

180 1891 252 1946 Ein·
267 1890 325 1945 und
339 1891 636 1946 Zweithalerstiicke.
651 1887 681 1968 (i.
695 1910 720 1947 e.
736 1892 782 1947 De
795 1893 911 1947 ratione
923 1909 1008 1945 aera-

180 1991 246 2072 ria.)
268 1993 445 2061 Innsbruck‚
463 2013 512 2069 ap.
530 1996 674 2068 Wagner.
697 1994 788 2068 1858.
813 1995 854 2051 8⁰.
880 2011 918 2068 52
937 2014 1008 2070 pag.

180 2099 334 2173 Nachtrag
357 2119 392 2154 zu
420 2099 477 2155 den
502 2098 650 2155 'l'abellen
677 2099 730 2155 auf
751 2099 926 2173 Grundlage
955 2099 1008 2155 des

182 2202 210 2257 k.
231 2202 259 2257 k.
281 2203 431 2268 Patentes‚
455 2216 504 2275 27.
522 2203 609 2278 April
636 2202 725 2275 1858.
750 2202 824 2260 lbid.
851 2204 940 2276 1858.
965 2203 1007 2261 8⁰.

137 2288 141 2295 ⁴
181 2320 310 2379 swat-

1178 639 1216 694 ΙΙ.
1240 641 1339 694 Kurze
1361 638 1421 694 und
1442 636 1675 694 leichtfassliche
1691 637 1858 712 Anleitung
1874 659 1926 695 zur

1091 745 1289 817 Berechnung
1305 742 1359 799 des
1376 761 1472 799 neuen
1486 742 1608 799 Geldes.
1625 739 1655 820 (i.
1669 762 1696 799 e.
1710 743 1776 799 Lex
1790 763 1923 799 numma-

1091 851 1135 905 ria
1148 866 1227 904 nova
1240 843 1421 925 Austriaca.)
1436 847 1512 901 Dem
1525 847 1705 903 Landvolke
1719 849 1748 903 in
1761 846 1850 903 Tirol
1864 848 1921 931 uad

1090 952 1278 1026 Vorarlberg
1294 954 1345 1007 mit
1357 952 1523 1008 Rlicksicht
1538 951 1590 1007 aul
1605 951 1662 1008 den
1676 952 1920 1009 Grenzverkehr.

1090 1057 1165 1113 Ibid.
1187 1056 1278 1129 1858.
1301 1063 1359 1112 12⁰.
1377 1071 1418 1129 34
1435 1076 1464 1131 p.

1178 1161 1229 1216 III.
1258 1160 1299 1217 IV
1322 1160 1515 1236 Antiphonae
1539 1161 1691 1217 Marianae
1718 1162 1757 1217 ad
1784 1178 1804 1234 4
1828 1180 1920 1218 voces

1090 1265 1233 1340 aequales
1250 1268 1381 1321 virorum
1401 1267 1429 1320 in
1452 1265 1521 1321 hon.
1538 1264 1618 1321 beat.
1641 1279 1671 1321 et
1692 1267 1810 1323 immac.
1827 1267 1856 1321 V
1857 1308 1864 1322 .
1880 1266 1918 1321 Μ.

1090 1372 1209 1438 Brixen,
1227 1371 1317 1426 theol.
1334 1370 1607 1444 Verlags-Anstalt.
1625 1370 1658 1427 8⁰
1674 1374 1743 1428 min.

1177 1476 1227 1531 IV.
1245 1474 1479 1542 Falsibordoni,
1497 1473 1515 1531 8
1534 1477 1595 1531 toni
1613 1494 1679 1531 cum
1696 1491 1737 1547 32
1751 1477 1862 1535 melod.
1888 1480 1919 1535 In

1090 1599 1146 1635 usu
1162 1593 1289 1635 monast.
1307 1578 1409 1635 Gries.

1177 1684 1212 1740 V.
1231 1685 1290 1740 Zur
1307 1683 1436 1739 Melodie
1453 1684 1507 1739 der
1522 1684 1651 1758 Lytania
1668 1687 1800 1741 omnium
1816 1685 1917 1744 Sanct.

1089 1783 1119 1865 (i.
1133 1807 1158 1844 e.
1177 1788 1223 1843 De
1240 1788 1348 1843 litaniis
1361 1806 1410 1844 oo.
1425 1785 1626 1866 Sanctorum.)
1643 1789 1828 1847 Dissertatio
1845 1809 1917 1846 msc.

1090 1894 1118 1947 in
1133 1890 1205 1948 bibl.
1223 1890 1427 1947 Muto-Gries.
1444 1891 1520 1947 Cod.
1542 1907 1567 1948 1.
1587 1906 1635 1966 75.

1175 1996 1225 2052 VI.
1240 1996 1411 2052 Cantarium
1424 1997 1566 2051 Murense
1582 1999 1647 2053 sive
1660 1997 1802 2064 collectio
1818 2017 1917 2055 earum

1090 2101 1273 2165 cantionum,
1298 2119 1373 2174 quas
1398 2100 1509 2156 chorus
1533 2115 1662 2157 monast.
1687 2122 1712 2158 s.
1736 2103 1856 2160 Martini
1880 2103 1916 2160 ad

1088 2206 1192 2260 Muros
1209 2207 1237 2260 in
1253 2205 1302 2260 off.
1320 2203 1379 2260 div.
1404 2224 1459 2280 per
1479 2222 1498 2277 4
1515 2224 1582 2262 voc.
1605 2218 1728 2263 cantare
1749 2210 1915 2265 consuevit.

1090 2311 1145 2366 ills.
1167 2308 1257 2381 1874.
1276 2309 1309 2366 8ο
1324 2312 1392 2365 min.
1411 2325 1473 2382 250
1489 2329 1518 2386 p.
1536 2309 1611 2366 lbid.
