4178 6196
955 422 1238 510 ,748-

227 643 357 705 magna
373 623 611 684 circumdatus
623 622 966 704 consanguineorum
978 643 1058 686 suo·

227 767 302 809 rum
315 765 446 809 corona
457 744 631 826 primitias
640 745 834 808 celebravit
847 754 883 808 et
895 746 1058 827 sequenti

226 871 273 932 ad
294 869 570 932 continuandum
590 869 744 931 studium
762 869 964 952 theologiae
986 889 1058 932 mo·

226 991 310 1053 ralis
325 990 476 1054 mittitur
491 990 680 1071 Braunam‚
702 990 822 1072 ibique
841 1011 907 1073 per
927 1010 1057 1054 annum

226 1121 462 1177 commoratus
488 1123 553 1177 est.
587 1113 721 1176 Redux
745 1113 921 1196 portarius
945 1124 981 1177 et
1003 1132 1057 1176 re-

225 1236 435 1300 fectorarius
455 1235 495 1298 fit
514 1255 579 1298 nec
596 1255 665 1298 non
682 1236 841 1317 sacrista,
863 1255 955 1298 anno
970 1255 1056 1299 vero

227 1380 278 1422 20.
296 1360 382 1422 Dec.
408 1379 489 1438 1774
511 1359 674 1440 subprior
695 1358 829 1440 domus,
846 1378 867 1420 a
889 1378 958 1440 quo
983 1377 1057 1421 mu·

225 1502 311 1544 nere
325 1502 372 1545 12.
383 1481 473 1544 Nov.
488 1499 567 1560 1779
580 1480 765 1543 absolutus
777 1479 844 1542 fuit
856 1482 901 1543 ob
914 1480 1057 1542 nimiam

225 1625 326 1667 suam
342 1603 547 1667 bonitatem.
568 1604 639 1665 Per
651 1603 838 1665 decursum
850 1603 954 1665 huius
970 1613 1057 1666 tem·

224 1727 322 1811 poris
339 1725 475 1789 iteratis
489 1725 624 1788 vicibus
641 1724 676 1786 in
693 1725 810 1787 causis
826 1724 1057 1787 familiaribus

226 1849 262 1912 in
283 1848 467 1912 Austriam
491 1846 673 1930 profectus
697 1856 753 1910 est
775 1856 910 1910 etcum
933 1847 1057 1910 nobili-

225 1975 292 2034 bus
308 1970 410 2033 istius
423 1970 628 2052 provinciae
641 1969 810 2051 frequens
825 1969 1057 2052 epistularum

226 2092 474 2156 commercium
491 2092 722 2173 continuavit,
739 2112 809 2173 quo
821 2092 929 2156 variis
945 2093 981 2155 in
997 2112 1057 2156 ne·

226 2215 334 2299 gotiis
356 2214 474 2277 domui
498 2225 641 2278 nostrae
663 2214 796 2296 optime
816 2214 1076 2297 prospicieba·.

226 2349 292 2403 tur.
318 2337 551 2401 Constituitur
573 2356 665 2399 anno
686 2356 766 2415 1779
787 2337 833 2398 ad
854 2336 959 2399 finem
978 2357 1057 2399 ver-

197 2523 200 2529 .
226 2471 335 2545 gente
352 2460 489 2523 culinae
505 2458 717 2542 praefectus,
736 2461 814 2537 1783
828 2478 913 2521 vero
930 2459 1057 2522 iterato

226 2582 392 2665 subprior
418 2592 454 2644 et
479 2582 620 2644 demum
649 2586 727 2660 1788
753 2581 848 2663 prior
871 2591 954 2663 post
973 2581 1058 2643 Ale·

226 2705 334 2786 xium,
356 2706 451 2787 quod
467 2723 593 2767 munus
609 2724 723 2786 usque
744 2708 821 2767 1805
840 2705 963 2767 sedulo
984 2703 1058 2766 obi-

226 2828 280 2891 vit
294 2846 424 2890 amore.
450 2827 510 2888 Ad
531 2845 613 2888 suas
629 2845 756 2908 preces
772 2827 818 2888 ad
833 2824 939 2889 finem
955 2825 1059 2888 huius

226 2971 249 3014 a
275 2949 434 3033 prioratu
461 2949 659 3030 absolutus,
687 2947 906 3029 provisorem
934 2949 1058 3010 domus

228 3073 313 3156 egit,
330 3091 444 3153 usque
456 3072 502 3133 ad
516 3075 607 3152 1809,
617 3090 687 3152 quo
699 3069 790 3132 febri
803 3070 1058 3133 intermittente

227 3203 414 3277 correptus
430 3193 559 3255 aetatis
575 3212 662 3255 suae
679 3213 771 3255 anno
789 3197 828 3255 65
850 3193 943 3255 diem
964 3193 1059 3256 clau·

227 3319 273 3381 sit
294 3335 497 3399 supremum
513 3337 542 3393 4.
556 3313 656 3397 Sept.
674 3323 710 3376 et
726 3335 746 3376 a
762 3315 878 3396 priore
895 3323 918 3377 1.
933 3324 956 3378 t.
971 3312 1059 3377 Gre-

227 3440 329 3524 gorio
358 3439 543 3520 Sazavsky
571 3438 617 3499 ad
647 3456 674 3501 s.
702 3456 842 3499 crucem
869 3436 1058 3520 Raigradii

228 3564 391 3645 sepultus
406 3560 483 3624 fuit.

315 3685 424 3747 Manu
433 3681 577 3766 propria
590 3682 828 3764 conscriptum
838 3683 1059 3764 1111111111Βο-

228 3816 426 3871 naventura
442 3815 561 3869 noster
578 3824 669 3886 opus
686 3806 780 3887 quod
798 3806 1015 3869 inscribitur:

315 3935 338 3990 Ι.
362 3934 498 3989 Novitius
518 3931 958 4007 Benedictino-Raigradiensis
980 3951 1007 3990 a.
1030 3952 1060 4009 p.

229 4041 374 4114 magistro
391 4037 538 4112 spirituali
556 4032 742 4104 informatus,
765 4038 901 4092 nimirum
918 4036 1061 4112 indignis·-

229 4146 321 4201 simus
338 4141 373 4198 fr.
390 4143 463 4197 Bon.
481 4160 508 4198 a.
526 4160 592 4197 ven.
611 4161 639 4217 p.
654 4140 822 4198 Venceslao
834 4117 978 4198 ‘Winkler
997 4143 1061 4198 eius

230 4249 374 4323 magistro
387 4265 466 4302 anno
485 4244 575 4318 1761.
589 4245 664 4302 Cod.
679 4264 748 4322 pap.
763 4248 791 4301 in
805 4245 909 4302 crudo.
922 4246 999 4303 Msn.
1010 4262 1061 4321 49.

230 4352 314 4428 Sign.
339 4353 416 4430 BJK.
441 4352 478 4407 Il.
502 4361 530 4406 2.
561 4366 608 4416 11,
633 4352 698 4407 sine
722 4369 792 4427 pag.
823 4352 856 4407 In
880 4349 1064 4408 bibliotheca

230 4471 333 4514 nostra
348 4455 549 4513 adservatum.

317 4563 355 4618 Il.
370 4560 573 4618 Protocollum
588 4562 740 4636 prioratus
760 4574 897 4636 tempore
914 4561 1000 4616 huius
1018 4564 1062 4618 sui

230 4666 322 4724 officii
347 4667 532 4723 continuavit
556 4665 637 4740 quod
661 4663 728 4721 fons
748 4667 894 4739 genuinus
919 4666 1063 4722 historiae

230 4772 415 4828 domesticae
439 4769 495 4827 sub
520 4771 553 4826 F.
583 4785 629 4826 11.
652 4788 680 4825 a:
701 4784 731 4842 5.
758 4773 786 4825 in
809 4769 933 4827 archivo
957 4784 1062 4828 nostro

232 4879 390 4933 invenitur.

320 5021 549 5117 Grueniger
580 5033 869 5115 Augustinus
906 5033 1061 5115 (Muro-

233 5148 501 5231 Griesensis),
525 5152 707 5233 ingressus
731 5161 786 5213 est
809 5152 845 5214 in
869 5153 980 5216 vitam
1003 5153 1061 5215 die

237 5292 283 5333 12.
300 5270 387 5334 Dec.
409 5277 489 5351 1824
508 5273 719 5336 Altendorfii
740 5274 776 5336 in
792 5272 947 5337 Suitensi
965 5294 1061 5357 pago

233 5392 432 5474 Helvetiae,
449 5394 619 5477 religione
635 5405 797 5459 votorum
814 5415 852 5458 se
871 5396 1062 5459 obstrinxit

1139 621 1255 687 Griesi
1282 625 1340 686 die
1368 628 1396 686 8.
1421 624 1497 687 Iun.
1525 628 1615 707 1848,
1643 625 1734 687 inter
1760 625 1967 687 sacerdotes

1138 756 1327 829 cooptatus
1348 747 1404 810 die
1426 769 1476 825 24.
1493 747 1597 810 Mart.
1620 752 1709 826 1849.
1734 747 1804 809 Per
1823 755 1967 828 septen·

1137 869 1233 931 nium
1249 869 1430 951 professor
1450 869 1485 933 i11
1506 870 1657 952 collegio
1674 869 1843 934 Samensi
1864 890 1967 933 revo-

1137 1000 1238 1054 catur
1253 992 1288 1054 in
1304 993 1555 1056 monasterium
1576 994 1621 1055 ad
1638 994 1835 1056 docendam
1855 993 1968 1075 philo·

1137 1113 1299 1196 sophiam
1322 1123 1359 1177 et
1377 1114 1569 1195 historiam,
1591 1114 1672 1177 dein
1694 1135 1814 1177 curam
1835 1114 1968 1177 anima·

1136 1256 1212 1299 rum
1229 1235 1263 1297 in
1276 1235 1445 1316 parochia
1457 1235 1612 1319 Marling
1624 1244 1769 1298 exercet
1782 1244 1818 1298 et
1829 1255 1968 1298 rursum

1136 1377 1202 1439 per
1217 1358 1405 1421 triennium
1421 1358 1457 1420 in
1473 1358 1646 1421 coenobio
1662 1377 1807 1420 munere
1823 1357 1968 1420 lectoris

1137 1488 1174 1542 et
1197 1481 1392 1563 subprioris
1414 1480 1648 1563 perfungitur.
1677 1481 1803 1544 Rediit
1829 1485 1908 1544 18113
1933 1480 1969 1544 in

1136 1603 1350 1684 Helvetiam,
1359 1603 1419 1665 ubi
1432 1606 1499 1665 sub
1508 1603 1587 1686 ipso
1597 1614 1735 1667 rectore
1744 1604 1971 1686 gymnasium

1129 1723 1315 1788 'Sarnense
1328 1725 1440 1788 maius
1453 1726 1488 1789 in
1501 1726 1578 1788 dies
1594 1726 1849 1789 incrementum
1861 1727 1969 1808 cepit,

1136 1847 1346 1928 praesertim
1363 1857 1553 1930 postquam
1569 1868 1634 1912 sua
1649 1849 1823 1913 industria
1843 1860 1880 1913 et
1896 1870 1970 1913 ma·

1136 1968 1233 2031 ximo
1248 1970 1370 2033 labore
1386 1991 1516 2034 novum
1532 1980 1569 2034 et
1584 1991 1752 2053 magnum
1768 1972 1970 2036 aedificium

1137 2110 1202 2173 pro
1233 2091 1504 2155 conviventibus
1517 2093 1699 2193 ⁹studiosis
1731 2104 1970 2158 exstruxerat.

1137 2211 1260 2276 Curat:

1223 2340 1246 2396 l.
1256 2340 1431 2397 Relationes
1440 2360 1554 2398 annuas
1567 2345 1633 2399 sive
1641 2342 1886 2418 Jahresberichte
1895 2345 1971 2402 uber

1138 2443 1186 2501 die
1202 2445 1566 2502 Cantonal·Lehranstalt
1587 2447 1615 2502 in
1637 2445 1764 2524 Samen,
1790 2447 1969 2522 1864—80.

1224 2568 1262 2624 11.
1280 2565 1382 2625 Ueber
1394 2567 1696 2644 Gharakterbildung.
1715 2565 1744 2647 (i.
1757 2589 1783 2627 e.
1802 2571 1848 2627 De
1862 2572 1971 2629 indolis

1138 2673 1227 2727 animi
1240 2673 1412 2747 ingeniique
1425 2670 1625 2751 formatione.)
1640 2675 1815 2748 Programm
1825 2695 1890 2732 zum
1899 2677 1971 2752 Jah-

1138 2774 1308 2832 resbericht
1328 2775 1418 2850 1877.
1435 2774 1552 2832 Sarnen
1568 2795 1618 2853 ap.
1636 2778 1792 2835 1111111111.
1814 2787 1857 2852 4⁰.
1885 2796 1919 2854 15
1940 2801 1970 2857 p.

1226 2938 1460 3035 Gl'fininger
1481 2951 1729 3016 Franciscus
1750 2955 1970 3020 Xaverius

1141 3065 1501 3151 (San-Paulanus),
1526 3081 1631 3133 natus
1654 3082 1709 3134 est
1732 3073 1768 3135 in
1788 3073 1971 3157 Villingen

1138 3189 1174 3252 in
1186 3210 1317 3273 magno
1329 3192 1461 3253 ducatu
1473 3192 1629 3255 Badensi
1642 3194 1700 3256 die
1717 3214 1742 3258 1.
1752 3194 1856 3258 Febr.
1873 3215 1971 3275 17903

1138 3331 1166 3376 s.
1182 3311 1307 3375 habitu
1322 3313 1466 3376 indutus
1478 3314 1535 3376 die
1550 3320 1599 3377 28.
1613 3317 1699 3379 Dec.
1718 3322 1812 3396 18o7;
1829 3319 1970 3382 sollem-

1139 3434 1231 3498 niter
1252 3434 1434 3516 professus
1462 3437 1519 3498 die
1543 3442 1572 3500 3.
1597 3437 1701 3502 Mart.
1730 3445 1824 3514 1811;
1853 3461 1972 3504 sacer·

1139 3557 1236 3619 dotio
1258 3556 1415 3621 initiatus
1437 3558 1494 3621 die
1515 3564 1562 3623 13.
1576 3558 1675 3642 Sept.
1697 3566 1787 3624 1812.
1811 3562 1972 3627 Philoso-

1138 3679 1245 3761 phiae
1269 3689 1305 3742 et
1328 3681 1529 3764 theologiae
1556 3683 1675 3746 studio
1701 3685 1748 3745 ad
1771 3704 1797 3746 s.
1820 3685 1972 3749 Paulum

1140 3805 1308 3884 vacabat,
1336 3823 1406 3885 quo
1432 3806 1597 3867 absoluto
1624 3805 1774 3887 primum
1801 3805 1972 3869 fratribus

1141 3924 1278 3987 clericis
1308 3925 1490 3989 historiam
1524 3927 1760 3991 universalem
1795 3931 1972 4011 tradebat,

1142 4068 1225 4110 mox
1241 4059 1359 4111 autem
1375 4048 1557 4131 professor
1568 4051 1745 4132 gymnasii
1758 4052 1972 4115 constitutus

1142 4171 1177 4233 in
1209 4171 1382 4232 classibus
1408 4172 1733 4254 grammaticalibus
1765 4184 1839 4236 turn
1870 4176 1916 4236 ad
1945 4197 1971 4240 5.

1142 4293 1302 4374 Paulum,
1320 4304 1393 4356 turn
1407 4292 1629 4375 Clagenfurti
1645 4295 1792 4357 iuvenes
1808 4296 1843 4358 in
1859 4297 1973 4360 scien·

1143 4416 1201 4479 tiis
1214 4427 1251 4479 et
1263 4416 1418 4478 moribus
1431 4416 1563 4498 optime
1576 4415 1803 4492 informabat;
1820 4421 1866 4480 ab
1879 4439 1973 4483 anno

1147 4542 1224 4602 1821
1241 4547 1358 4600 autem
1371 4537 1552 4620 professor
1563 4539 1654 4622 lycei
1666 4538 1972 4623 Clagenfurtensis

1130 4660 1310 4730 ¹studiosis
1326 4660 1509 4722 historiam
1525 4661 1761 4724 universalem
1783 4664 1973 4746 enarravit,

1143 4793 1179 4847 et
1189 4783 1355 4864 antiquos
1364 4792 1528 4846 auctores
1538 4783 1706 4845 classicos
1718 4784 1973 4866 interpretatus

1142 4915 1206 4970 est.
1236 4905 1472 4987 Antiquitatis
1496 4906 1602 4968 etiam
1625 4904 1827 4968 Carinthiae
1849 4909 1973 4989 explo-

1141 5039 1238 5092 rator
1250 5036 1326 5090 erat
1339 5048 1453 5111 sagax
1467 5038 1503 5091 et
1512 5029 1678 5111 diligens;
1692 5029 1863 5111 magister
1872 5030 1973 5094 suavi

1142 5162 1179 5214 et
1192 5150 1325 5214 fluente
1341 5151 1482 5214 dicendi
1498 5171 1630 5234 genere
1647 5172 1741 5233 usus,
1758 5152 1973 5216 liberalitate

1142 5283 1178 5336 et
1193 5272 1355 5336 familiari
1368 5274 1638 5337 conversatione
1655 5275 1790 5336 animos
1807 5275 1974 5338 iuvenum

1140 5393 1276 5479 fingere
1306 5399 1489 5469 studebat;
1521 5416 1630 5478 quare
1658 5398 1704 5458 ab
1732 5396 1799 5458 illis
1826 5399 1975 5461 multum
