4178 6196
216 685 262 747 ad
278 684 453 746 edendam
467 681 694 746 Germaniam
709 703 847 745 sacram
863 685 980 747 omnia
997 685 1088 787 din,
1127 686 1281 768 pupilliS,
1300 708 1447 768 quorum
1464 689 1545 751 dein
1563 710 1682 752 curam
1698 690 1733 751 in
1747 710 1784 752 se
1798 691 1957 771 suscepit

216 810 372 890 plomata
389 806 640 889 manuscripta,
654 826 746 888 quae
758 826 889 889 magno
902 826 1047 870 numero
1085 832 1088 887 ξ
1127 808 1305 890 piissimus
1334 813 1456 874 abbas.
1488 811 1688 874 Memoratu
1716 811 1861 893 dignum
1890 823 1956 893 est,

217 932 422 1014 collegerat,
438 930 634 992 liberaliter
649 929 819 1010 permisit.
844 929 960 992 Etiam
977 929 1046 991 Bo·
1084 916 1087 975 l
1127 931 1706 1012 quodinhocrecensexstructum
1716 934 1954 997 nosocomium

215 1054 350 1117 russiae
366 1052 463 1136 regis
480 1052 701 1114 consiliarius
722 1052 865 1115 intimus
882 1052 920 1114 L.
938 1051 978 1113 B.
1001 1052 1045 1113 de
1083 1132 1086 1171 Ι
1126 1054 1292 1136 mendici,
1319 1057 1499 1139 peregrini
1528 1067 1563 1119 et
1589 1057 1793 1139 vagabundi
1821 1056 1956 1119 inducti

214 1178 342 1239 Domm
363 1175 398 1237 in
418 1174 544 1236 itinere
569 1194 633 1237 suo
657 1194 727 1236 non
751 1174 869 1236 omisit
891 1174 1044 1237 invisere
1084 1178 1086 1252 j
1125 1174 1256 1239 fuerint
1277 1180 1401 1240 eodem
1424 1179 1480 1241 die
1507 1179 1658 1241 11.N0v.
1681 1183 1771 1257 1781,
1798 1198 1867 1259 quo
1891 1198 1956 1258 pu·

215 1301 382 1361 abbatem
403 1297 604 1360 Martinum.
630 1297 866 1380 Quamplures
887 1296 1043 1376 comites,
1083 1264 1218 1377 lblica
1239 1318 1317 1361 cum
1342 1300 1536 1381 gratiarum
1560 1301 1700 1363 actione
1724 1302 1770 1362 ob
1794 1302 1903 1362 aedes
1928 1320 1955 1364 s

215 1424 377 1503 baroneS,
395 1421 535 1503 equites
551 1421 684 1483 ordinis
697 1420 883 1483 Teutonici
896 1431 931 1482 et
944 1419 1045 1482 Meli·
1124 1419 1236 1482 Blasii
1248 1421 1497 1504 singulariDei
1511 1423 1643 1485 auxilio
1655 1422 1807 1485 feliciter
1819 1432 1956 1485 restau-

214 1545 340 1624 tensis,
365 1544 594 1606 ecclesiarum
619 1543 873 1606 cathedralium
894 1561 1045 1624 praepo·
1124 1554 1219 1605 ratas
1236 1544 1349 1624 prima
1365 1543 1443 1607 vice
1463 1546 1499 1607 in
1521 1546 1673 1608 ecclesia
1695 1547 1849 1608 nondum
1872 1565 1955 1607 con-

214 1667 311 1746 sitos
329 1667 484 1727 decanos
501 1674 537 1727 et
550 1665 751 1745 canonicoS,
769 1663 926 1727 caesarei
943 1683 1044 1725 exer·
1082 1636 1085 1713 l
1123 1675 1264 1727 secreta
1280 1667 1451 1729 sollemne
1468 1665 1622 1730 officium
1636 1671 1862 1731 decantatum
1879 1667 1955 1730 fue-

215 1789 305 1851 citus
335 1788 536 1871 generaleS,
568 1787 728 1849 tribunos
757 1795 792 1848 et
819 1785 1044 1849 centuriones
1082 1870 1084 1885 Ι
1123 1797 1188 1867 rat,
1205 1797 1244 1850 ut
1261 1787 1366 1850 etiam
1383 1788 1418 1850 in
1434 1788 1526 1851 vivis
1539 1790 1607 1852 Dei
1623 1789 1775 1871 templiS,
1789 1790 1955 1872 pauperi·

214 1911 394 1973 nominare
415 1910 518 1991 velle,
541 1908 644 1971 nimis
664 1909 809 1992 longum
829 1908 931 1970 foret.
957 1907 1043 1969 Uni·
1082 1940 1084 1985 ;
1123 1909 1189 1969 bus
1206 1908 1350 1990 quippe,
1374 1909 1432 1971 ille
1454 1911 1695 1990 honoraretur,
1721 1911 1819 1973 cuius
1844 1911 1975 1987 solius,

213 2053 292 2096 cum
309 2032 509 2126 nominasse
525 2031 622 2111 libet,
640 2031 678 2095 L.
692 2031 733 2093 B.
748 2033 792 2092 de
805 2030 934 2109 Bosch,
951 2030 1043 2111 regi·
1081 2022 1084 2137 l
1122 2030 1244 2091 honori
1259 2041 1295 2092 et
1307 2031 1600 2113 gloriaesBlasii
1612 2034 1783 2112 templum
1797 2043 1953 2095 erectum

212 2155 314 2218 minis
339 2155 525 2217 anterioris
549 2155 719 2217 Austriae
741 2153 957 2235 praesidem,
984 2152 1043 2233 qui
1081 2150 1083 2157 ⁴
1123 2162 1208 2214 erat.
1240 2151 1404 2216 Ceterum
1430 2174 1517 2236 erga
1541 2174 1675 2236 egenos
1700 2175 1954 2236 quoscumque,

210 2275 319 2338 filium
336 2276 476 2339 unicum
488 2276 618 2338 scholis
631 2275 807 2338 Blasianis
824 2274 1043 2337 committere
1081 2247 1084 2362 J
1123 2294 1185 2336 eos
1202 2274 1317 2356 etiam,
1335 2275 1395 2356 qui
1411 2295 1476 2356 pro
1492 2276 1620 2338 misera
1636 2252 1732 2339 vitae
1750 2277 1953 2339 conditione

212 2400 335 2462 maluit
366 2419 471 2481 quam
501 2399 688 2481 gymnasio
723 2397 866 2478 publico
900 2396 1043 2459 Fribur-
1122 2396 1245 2458 fodere
1266 2416 1336 2459 non
1352 2397 1482 2477 valent,
1504 2397 1705 2460 mendicare
1728 2401 1953 2478 erubescunt,

210 2521 323 2603 gensi.
359 2522 513 2584 Liberali
545 2530 580 2583 et
609 2520 777 2601 hospitali
808 2519 958 2583 antistiti
985 2519 1042 2581 vel
1080 2522 1083 2605 ᾗ
1123 2539 1263 2601 semper
1282 2520 1448 2601 liberalis,
1475 2521 1665 2602 postremis
1686 2521 1867 2604 regiminis
1892 2543 1953 2583 an-

210 2644 364 2706 maxime
391 2645 513 2706 honori
542 2654 578 2706 et
605 2644 723 2706 decori
753 2653 822 2724 est,
851 2643 945 2724 quod
972 2661 1042 2704 non
1080 2642 1083 2701 i
1122 2640 1185 2721 nis,
1203 2661 1285 2703 aere
1301 2641 1418 2703 alieno
1429 2643 1555 2723 soluto,
1570 2643 1719 2705 aedibus
1731 2643 1951 2724 restauratis

210 2769 314 2829 modo
330 2767 487 2829 illustres
507 2767 678 2848 hospites,
700 2776 761 2829 aut
781 2766 881 2828 iuxta
901 2774 1041 2826 senten·
1080 2774 1082 2877 ἱ
1122 2763 1328 2844 cunctisque
1355 2764 1507 2826 incendii
1536 2765 1672 2827 damnis
1701 2767 1952 2848 compensatis,

211 2889 296 2951 tiam
318 2889 462 2971 regulae
483 2908 510 2949 s.
527 2888 714 2951 Benedicti
732 2888 871 2967 diviteS,
893 2905 1040 2967 quorum
1079 2880 1082 2962 l
1121 2884 1300 2947 liberalior
1315 2886 1430 2948 adhuc
1455 2897 1490 2948 et
1510 2887 1698 2968 benignior
1714 2887 1789 2967 fuit,
1812 2889 1870 2950 vel
1893 2909 1952 2950 oc-

209 3022 323 3074 terror
352 3011 430 3092 ipse
462 3011 529 3073 sibi
561 3011 675 3093 exigit
700 3012 882 3090 honorem,
915 3010 977 3069 sed
1005 3017 1041 3070 et
1080 3096 1081 3101 η
1121 3008 1214 3069 culte
1242 3009 1299 3069 vel
1326 3027 1390 3088 per
1417 3006 1589 3071 officiales
1614 3010 1756 3089 publice
1784 3031 1951 3093 magnam

209 3152 387 3215 pauperes
400 3132 572 3213 plebeios
589 3131 803 3195 confratrum
821 3151 962 3194 suorum
978 3150 1040 3212 pa·
1079 3190 1081 3219 Ι
1120 3131 1528 3210 pecuniarumsummam
1539 3132 1765 3212 distribuens,
1776 3133 1871 3195 itaut
1884 3135 1952 3195 lar-

208 3267 329 3318 rentes
354 3267 389 3318 et
414 3265 566 3338 agnatos
586 3255 779 3336 praecipue
805 3257 851 3316 ad
874 3274 913 3316 se
936 3253 1040 3316 facile
1078 3244 1080 3335 l
1119 3252 1276 3334 gissimis
1294 3253 1370 3315 eius
1386 3254 1621 3336 eleemosynis
1645 3257 1691 3315 ob
1708 3275 1864 3317 amorem
1881 3256 1952 3318 Dei

209 3379 392 3460 admissos,
415 3378 502 3441 mira
523 3399 588 3441 sua
608 3399 654 3441 ex
675 3378 796 3459 oculis,
818 3396 979 3440 sermone
1004 3388 1039 3439 et
1077 3453 1079 3480 ,
1120 3375 1213 3438 datis
1225 3375 1350 3438 merito
1364 3376 1587 3439 adscribatur
1599 3378 1858 3458 prosperrimus
1873 3399 1952 3441 suc-

209 3511 283 3564 toto
299 3502 423 3564 habitu
440 3502 602 3564 elucente
618 3501 816 3564 humilitate
838 3512 874 3562 et
889 3499 1038 3563 affabili·
1077 3522 1079 3610 ,
1120 3518 1252 3578 cessuS,
1270 3519 1375 3579 quem
1391 3499 1458 3581 ipsi
1472 3509 1508 3562 et
1521 3499 1707 3562 diuturnae
1720 3501 1769 3561 rei
1783 3501 1951 3564 domesti-

207 3633 297 3703 tate,
322 3625 453 3687 mulsos
479 3625 721 3687 consolatione
746 3624 931 3704 laetosque
955 3644 976 3684 a
999 3642 1037 3684 se
1076 3616 1079 3703 l
1120 3642 1182 3683 cae
1216 3621 1511 3684 administrationi
1544 3622 1693 3704 largitus
1725 3633 1793 3695 est,
1827 3623 1887 3704 qui
1917 3624 1952 3685 in

208 3746 388 3808 dimiserit.
405 3746 504 3808 Idem
518 3745 762 3808 sanctissimus
773 3746 957 3828 legislator
970 3745 1037 3806 Be·
1076 3752 1078 3763 '
1118 3743 1336 3824 pauperibus
1359 3743 1561 3824 suscipitur,
1585 3743 1745 3806 Christus
1766 3744 1950 3808 Dominus.

207 3867 370 3930 nedictus
387 3888 456 3930 non
474 3868 586 3930 solum
603 3868 851 3930 liberalitatem
868 3867 902 3929 in
918 3867 1037 3947 hospi·
1076 3936 1078 3969 ,
1203 3867 1363 3928 Durante
1394 3866 1566 3948 regimine
1598 3867 1742 3929 Martini
1771 3868 1814 3929 Il.
1847 3869 1951 3949 plura

207 3999 271 4071 tes,
289 3991 352 4052 sed
370 4010 448 4053 cum
464 3990 654 4052 maximam
672 4009 867 4072 pauperum
884 3998 920 4051 et
936 4007 1037 4069 pere·
1075 3976 1079 4106 ἶ
1118 3988 1224 4050 etiam
1238 3988 1380 4050 sinistra
1394 3989 1609 4052 aeciderunt.
1626 3988 1803 4051 Horribile
1816 3990 1951 4051 fulmen

206 4111 829 4194 grinorumsuscipiendorumcuram
843 4110 1037 4192 praecepit,
1119 4110 1175 4172 die
1202 4115 1251 4174 25.
1273 4110 1359 4172 Maii
1384 4115 1463 4189 1768
1491 4110 1585 4173 circa
1612 4089 1951 4195 meridiem-magno

207 4234 290 4316 quia
316 4234 350 4296 in
382 4234 469 4316 ipsis
497 4232 658 4297 Christus
690 4234 804 4316 magis
835 4233 1036 4314 suscipitur.
1117 4232 1259 4314 fragore
1273 4233 1308 4294 in
1321 4234 1430 4295 aedes
1443 4233 1584 4295 abbatis
1602 4253 1620 4295 e
1638 4234 1737 4296 caelo
1750 4236 1950 4316 adlapsum,

1076 4292 1078 4333 l

207 4355 321 4437 Quam
352 4366 496 4419 strenue
527 4356 608 4419 huic
637 4377 664 4420 s.
692 4357 838 4438 regulae
870 4357 1037 4418 mandato
1076 4346 1079 4475 j
1119 4356 1341 4437 sequentium
1373 4356 1544 4418 malorum
1577 4356 1677 4437 quasi
1711 4357 1950 4440 praesagium,

205 4499 339 4541 morem
365 4478 520 4562 gesserit
544 4480 657 4541 abbas
680 4479 866 4560 Martinus.
890 4499 1038 4541 nosoco·
1076 4488 1079 4534 Ι
1118 4479 1258 4559 puellae
1284 4479 1402 4541 subito
1425 4477 1601 4540 fenestras
1626 4479 1792 4541 claudere
1815 4480 1950 4542 volenti

206 4602 312 4664 mium
328 4603 557 4682 demonstrat,
581 4611 683 4664 extra
699 4601 903 4665 monasterii
920 4622 1037 4664 muros
1076 4630 1078 4676 ,
1118 4601 1228 4663 vitam
1244 4599 1388 4679 ademit,
1411 4611 1447 4662 et
1469 4600 1607 4681 aliquos
1624 4610 1745 4682 patres
1762 4599 1951 4664 Blasianos

207 4727 252 4786 ad
273 4723 386 4805 ripam
403 4724 520 4785 Albae
544 4725 590 4785 ab
614 4723 693 4804 ipso
718 4724 909 4804 conditum,
931 4726 1036 4805 quod,
1076 4688 1086 4717 i
1118 4733 1344 4785 transeuntes
1368 4723 1402 4784 in
1428 4732 1558 4785 terram
1579 4723 1782 4804 prostravit,
1808 4723 1950 4786 illaesos

206 4845 272 4907 etsi
294 4845 381 4908 satis
398 4846 565 4927 amplum,
582 4845 808 4926 recipiendae
821 4846 1036 4909 multitudini
1076 4854 1078 4891 ⁵
1118 4858 1246 4909 tamen.
1270 4846 1420 4908 Praeter
1440 4857 1597 4928 stragem
1623 4846 1679 4908 die
1706 4851 1755 4908 23.
1777 4846 1841 4908 Iul.
1869 4851 1949 4925 1768

1075 4903 1078 4985 l

206 4965 456 5030 confluentium
480 4968 747 5050 peregrinorum
773 4970 833 5031 vix
854 4967 1037 5050 sufficit,e
1075 4991 1078 5063 l
1117 4971 1281 5032 incendio
1298 4970 1448 5032 aedibus
1469 4991 1495 5031 s.
1514 4970 1624 5032 Blasii
1650 4980 1685 5031 et
1709 4969 1760 5031 rei
1783 4969 1949 5031 domesti-

206 5089 334 5170 quibus
357 5090 458 5153 multi
482 5091 551 5152 iam
575 5091 684 5174 longa
707 5091 931 5173 aegritudine
955 5111 1036 5154 con·
1075 5136 1078 5243 ,
1118 5111 1181 5155 cae
1199 5092 1293 5155 illam
1310 5092 1520 5172 disciplinae
1535 5092 1690 5175 regulari
1707 5091 1875 5154 inflictam
1888 5092 1949 5153 do-

205 5210 347 5291 sumpti‚
364 5214 410 5273 ad
427 5222 574 5290 mortem
591 5233 703 5294 usque
720 5213 976 5293 temporalibus
1000 5225 1037 5276 et
1117 5216 1214 5278 lebat
1230 5214 1462 5296 potissimum,
1474 5217 1509 5278 in
1521 5216 1674 5296 epistula
1693 5215 1875 5296 encyclica
1892 5214 1949 5276 die

206 5330 450 5410 spiritualibus
477 5334 645 5396 subsidiis
673 5336 815 5397 abunde
843 5335 977 5416 provisi
1001 5335 1036 5398 in
1117 5344 1146 5402 3.
1164 5337 1263 5420 Sept.
1282 5338 1439 5401 eiusdem
1457 5339 1538 5401 anni
1556 5341 1602 5401 ad
1619 5339 1746 5400 Patres
1764 5336 1949 5419 expositos

205 5453 358 5515 Domino
381 5454 513 5517 ibidem
538 5456 711 5537 obierunt,
734 5467 818 5539 post
841 5477 880 5527 se
904 5457 1036 5521 relictis
1073 5483 1077 5544 i
1117 5463 1211 5542 data,
1229 5461 1419 5541 deplorans
1435 5460 1669 5541 interruptum
1683 5460 1781 5522 chori
1794 5458 1950 5522 officium
