4208 6194
899 457 1133 520 ..Lv-

144 683 363 746 monasteria
377 682 585 765 Tirolensia,
606 682 950 746 Mariaemontanum
970 690 1007 746 et
1026 682 1132 744 Mons
1156 700 1183 744 s.
1207 678 1356 764 Georgii
1378 683 1486 764 (apud
1509 681 1646 764 Fiecht)
1657 683 1679 764 ¹)
1703 684 1885 747 habebant

144 822 295 886 scholas
345 821 406 884 Ad
440 820 570 886 Scotos
604 841 747 903 quoque
778 820 1076 884 Vindobonenses
1111 821 1270 883 scholam
1304 819 1415 883 fuisse
1451 830 1553 902 patet
1591 840 1638 884 ex
1674 820 1884 884 fundatione

143 960 320 1023 hubarum
340 959 501 1043 magistri
518 957 672 1023 Conradi
684 956 982 1041 Vindobonensis,
1007 959 1068 1041 qui
1091 958 1368 1022 anniversarium
1385 978 1487 1022 suum
1503 979 1582 1023 curn
1598 959 1715 1042 longis
1730 957 1884 1042 Vigiliis,

146 1117 240 1180 quae
263 1117 286 1160 a
307 1097 532 1181 presbyteris
555 1110 592 1161 et
615 1097 800 1180 discipulis
824 1097 961 1161 cantari
984 1098 1160 1178 solebant,
1186 1097 1358 1161 celebrari
1381 1099 1494 1162 voluit
1509 1100 1542 1178 2).

275 1235 328 1300 Ut
349 1237 514 1301 monachi
537 1235 672 1319 pueriS,
696 1236 748 1300 ita
770 1238 964 1300 monachae
987 1237 1116 1319 puellis
1144 1237 1338 1300 educandis
1369 1247 1406 1300 et
1436 1237 1640 1300 erudiendis
1667 1256 1788 1300 curam
1818 1235 1884 1299 im·

144 1376 357 1458 penderunt.
389 1375 494 1458 Quod
518 1396 733 1458 quamquam
755 1375 792 1438 in
807 1376 970 1439 omnibus
985 1377 1237 1439 monacharum
1253 1375 1434 1439 coenobiis
1449 1376 1583 1439 factum
1599 1395 1679 1439 esse
1695 1375 1883 1458 credimus,

144 1535 211 1598 pro
243 1525 342 1579 certo
372 1513 541 1578 affirmari
573 1534 644 1578 uon
673 1524 793 1597 potest
824 1515 892 1578 nisi
924 1517 969 1578 de
996 1515 1203 1598 Nonnberg,
1233 1514 1409 1596 Admont,
1441 1514 1572 1597 Goess,
1604 1536 1631 1578 s.
1656 1513 1806 1598 Georgii
1836 1515 1884 1577 ad

144 1653 311 1737 Langsee
334 1652 449 1736 iisque
473 1653 666 1735 coenobiis,
690 1673 783 1737 quae
806 1653 876 1716 sita
898 1664 1000 1716 erant
1024 1653 1059 1716 in
1081 1652 1263 1717 Dalmatia
1276 1656 1312 1736 ³).

277 1791 430 1857 Saeculo
453 1791 555 1857 XIV.
579 1794 683 1875 lapsa
709 1792 746 1856 in
773 1793 998 1856 monasteriis
1030 1813 1164 1856 morum
1194 1793 1388 1857 severitate
1420 1792 1527 1857 etiarn
1557 1813 1616 1856 res
1646 1793 1882 1857 scholasticae

146 1932 239 1995 male
263 1951 302 1995 se
324 1931 517 2016 habebant,
541 1933 606 1996 sed
629 1931 796 1995 restituta
818 1930 981 2013 proximo
1005 1932 1149 1994 saeculo
1173 1930 1363 2012 disciplina
1387 1932 1432 1993 ad
1448 1951 1561 1994 novas
1577 1951 1661 2014 spes
1676 1931 1884 1994 revixerunt

145 2090 387 2155 magnumque
409 2070 564 2135 fructum
587 2091 633 2134 ex
657 2091 700 2134 eo
723 2079 963 2154 perceperunt
985 2070 1205 2154 commercio,
1231 2071 1326 2152 quod
1343 2070 1568 2133 monasteriis
1584 2070 1784 2133 Austriacis
1805 2078 1883 2132 erat

145 2229 226 2272 cum
248 2209 481 2273 universitate
492 2208 764 2272 Vindobonensi
792 2213 869 2272 1365
896 2208 1049 2273 condita.
1085 2209 1208 2290 Atque
1232 2210 1278 2271 ad
1299 2206 1429 2272 Scotos
1448 2208 1746 2272 Vindobonenses
1769 2210 1883 2271 abbas

144 2350 299 2412 Ioannes
329 2349 375 2410 de
406 2347 686 2412 Ochsenhausen
718 2347 981 2429 (1428—1446),
1015 2345 1058 2428 is,
1094 2347 1154 2428 qui
1184 2346 1498 2410 Benedictinorum
1527 2347 1795 2410 Austriacorum
1826 2366 1883 2410 res

144 2487 284 2551 curavit
314 2486 350 2549 in
381 2486 530 2550 concilio
560 2485 775 2569 Basileensi,
806 2505 911 2568 quem
944 2486 1072 2549 Patres
1103 2485 1139 2548 in
1170 2485 1319 2548 concilio
1350 2486 1562 2570 congregati
1594 2486 1771 2570 „notabile
1807 2487 1883 2550 eius

144 2629 342 2691 membrum
365 2635 401 2688 et
424 2624 492 2688 sibi
514 2622 799 2708 incorporatum“
824 2624 1016 2708 nominant,
1041 2645 1177 2688 summa
1200 2644 1285 2688 cura
1308 2644 1349 2687 ac
1374 2624 1559 2708 diligentia
1582 2626 1739 2689 scholam
1763 2646 1882 2689 mona-

144 2764 245 2828 sterii
268 2764 454 2847 amplexus
477 2773 543 2828 est.
582 2762 651 2845 Qui
679 2762 714 2826 ei
740 2763 922 2845 successit,
947 2763 1122 2828 Martinus
1146 2763 1416 2846 (1446-1461?),
1449 2784 1579 2848 magno
1609 2764 1697 2827 artis
1727 2765 1883 2829 musicae

143 2903 264 2967 studio
287 2904 487 2985 tenebatur,
511 2922 618 2984 quam
641 2911 680 2965 ut
701 2903 925 2984 proveheret,
948 2902 1070 2965 ludum
1086 2902 1254 2966 cantandi
1269 2902 1420 2984 aperuit.
1451 2903 1621 2967 Extremo
1637 2905 1781 2968 saeculo
1797 2905 1881 2968 XV.

144 3043 269 3106 schola
292 3043 338 3105 ad
361 3039 491 3104 Scotos
514 3060 653 3104 summa
681 3038 834 3103 florebat
863 3041 970 3104 laude
1000 3051 1109 3122 atque
1140 3040 1342 3104 convictum
1368 3041 1527 3106 habebat
1553 3042 1674 3124 pueris
1704 3042 1883 3107 nobilibus

144 3190 270 3263 aptum
283 3180 318 3260 4).
368 3178 514 3242 Mellicii
548 3188 585 3242 et
619 3177 852 3243 Seitenstadii
890 3180 1016 3242 eodem
1054 3189 1215 3261 ternpore
1250 3178 1427 3242 florebant
1460 3200 1518 3243 res
1556 3181 1808 3258 scholasticae3
1847 3183 1883 3246 in

145 3328 298 3400 utroque
320 3317 536 3380 monasterio
558 3317 716 3380 scholam
740 3317 965 3380 claustralem
992 3316 1104 3380 fuisse
1132 3327 1169 3380 et
1196 3327 1381 3381 externam
1410 3320 1630 3402 argumentis
1660 3321 1884 3403 comprobari

143 3467 267 3541 potest
280 3458 316 3537 5).

275 3593 352 3657 Nec
382 3593 553 3656 minorem
586 3591 717 3656 famam
753 3594 888 3675 adepta
925 3603 981 3657 est
1013 3593 1137 3656 schola
1167 3592 1443 3657 Cremifanensis
1478 3616 1562 3659 cura
1597 3598 1740 3662 abbatis
1770 3599 1884 3664 Ulrici

144 3731 435 3816 Schoppenzaun
452 3732 704 3814 (1454-1484).
736 3731 771 3794 Is
792 3731 960 3796 eximium
975 3733 1090 3796 virum
1105 3733 1314 3817 magistrum
1331 3733 1500 3798 Ioannem
1515 3734 1665 3800 Schrein
1681 3757 1701 3800 e
1718 3737 1886 3823 Zlabings

144 3872 183 3935 in
200 3872 366 3936 Moravia
388 3872 635 3954 arcessiverat,
660 3871 721 3954 qui
744 3872 917 3935 absolutis
939 3872 975 3935 in
999 3873 1230 3936 universitate
1243 3873 1512 3937 Vindobonensi
1536 3874 1674 3957 studiis,
1700 3895 1779 3938 cum
1801 3889 1886 3940 vota

147 4011 335 4074 sollemnia
358 4011 394 4073 in
416 4010 632 4074 monasterio
656 4011 829 4074 edidisset
852 4031 895 4075 ac
918 4021 1046 4093 postea
1068 4013 1182 4074 abbas
1207 4013 1342 4075 electus
1366 4023 1472 4095 esset,
1495 4014 1680 4095 praeclare
1708 4014 1884 4098 dignitate

147 4149 322 4213 abbatiali
344 4148 490 4213 functus
512 4159 568 4213 est
581 4148 616 4232 ⁶).
656 4149 781 4214 Clarae
798 4152 924 4214 eodem
943 4160 1105 4232 tempore
1120 4151 1265 4214 scholae
1282 4164 1383 4214 erant
1398 4151 1681 4215 Michaelburani
1696 4163 1733 4216 et
1747 4153 1885 4217 Lunae·

148 4287 230 4351 laci.
261 4287 545 4351 Michaelburani
561 4309 640 4352 cum
656 4298 801 4372 praeter
815 4299 990 4353 rectorem
1005 4290 1080 4352 ludi
1096 4289 1267 4373 magister
1291 4289 1613 4373 („Schulmeister“)
1637 4291 1753 4374 fuerit,
1777 4293 1885 4356 etiam

148 4427 272 4489 ludum
296 4427 562 4490 elementarium
585 4426 697 4491 fuisse
721 4436 822 4509 patet
836 4428 870 4509 ⁷).
922 4502 925 4507 ¹

282 4724 304 4805 ¹)
326 4727 442 4802 Egger,
466 4727 496 4783 T
498 4727 555 4784 irol
579 4729 601 4785 Ι.

282 4836 305 4917 ²)
329 4839 503 4896 Hauswirth
526 4840 544 4896 l.
563 4859 590 4897 c.

283 4948 307 5030 ³)
330 4951 441 5020 Esterl,
467 4951 603 5009 Chronik
626 4973 685 5010 von
709 4952 891 5028 Nonnbcrg;
916 4954 940 5010 F
944 4955 1027 5022 uchs,
1051 4953 1199 5018 Admont;
1224 4952 1447 5020 Ankershofem
1470 4954 1530 5011 alii.

286 5060 309 5141 ⁴)
333 5064 505 5120 Hauswirth
530 5065 548 5121 l.
573 5084 599 5122 c.

284 5174 308 5254 ὅ)
331 5176 445 5244 FriesS,
469 5174 597 5233 Studien
620 5179 657 5235 ΙΙ.

286 5282 309 5365 6)
333 5289 508 5363 Pachmayr,
532 5288 635 5346 Series
658 5290 677 5346 l.
702 5311 728 5347 c.

284 5397 307 5478 7)
331 5400 504 5458 Chronicon
529 5402 773 5471 Lunaelacense;
799 5405 870 5472 Filz,
894 5403 1148 5460 Michaelbeuern.
