4178 6196
882 438 1164 508 „139-

151 620 196 680 ab
213 620 347 682 abbate
362 618 480 682 iussus
496 630 561 683 est.
586 616 659 684 Sed
675 620 737 682 vix
758 621 872 702 primo
888 640 982 685 anno

153 740 366 804 scholastico
382 751 573 824 transact0,
594 743 686 805 hanc
707 742 904 806 litterarum
920 763 984 825 pa·

152 863 318 925 laestram
344 871 523 926 annuente
546 864 678 926 abbate
706 884 785 928 cum
811 866 895 928 ludo
922 865 984 929 tri·

151 984 235 1048 viali
262 984 502 1067 commutavit,
534 984 730 1049 invincibili
756 988 983 1070 parvulorum

152 1126 270 1171 amore
301 1105 484 1191 impulsus.
523 1107 637 1191 Igitur
667 1110 859 1191 parochiae
889 1110 983 1172 clau·

152 1232 250 1296 strali
273 1231 443 1312 adscitus,
471 1231 583 1293 curati
603 1230 707 1294 simul
723 1240 759 1292 et
775 1231 983 1295 catechetae

153 1373 279 1417 munus
304 1351 463 1434 suscepit
491 1357 586 1434 1812,
611 1353 707 1434 quod
731 1371 796 1434 per
817 1372 882 1415 sex
906 1352 982 1415 fere

151 1477 263 1538 lustra
279 1495 384 1557 quam
406 1474 564 1557 egregie,
587 1475 805 1539 adsalutem
828 1485 882 1537 tot
907 1475 993 1551 mil-0

151 1599 236 1661 lium
247 1597 427 1660 hominum
440 1596 657 1678 sustinuerit,
668 1615 771 1659 nemo
781 1616 850 1660 non
864 1607 984 1680 potest

152 1720 372 1802 intellegere,
389 1717 449 1800 qui
466 1719 578 1782 zelum
593 1719 697 1781 huius
712 1719 780 1782 viri
799 1719 834 1782 in
850 1720 983 1783 anima·

151 1861 227 1906 rum
254 1861 338 1906 cura
362 1842 528 1904 collatum
552 1841 700 1905 noverit.
724 1841 869 1904 Viribus
893 1841 983 1905 inter

151 1973 270 2027 tantos
278 1963 420 2026 labores
429 1963 616 2027 continuos
623 1962 747 2026 fractis
756 2001 799 2010 -
810 1962 878 2026 fuit
890 1963 983 2026 enim

151 2105 216 2168 per
231 2087 371 2168 aliquot
391 2106 503 2149 annos
523 2086 715 2150 instructor
738 2106 880 2169 quoque
903 2107 983 2150 cae-

152 2226 271 2272 corum
293 2209 329 2271 in
350 2208 513 2271 instituto
530 2207 853 2290 Gumpendorfensi
874 2245 916 2255 -
936 2209 983 2271 ad

151 2335 294 2396 beatam
307 2330 608 2394 immortalitatem
621 2329 835 2412 demigravit
847 2351 876 2408 9.
893 2331 981 2412 Apr.

155 2459 244 2532 ¹841·
269 2452 504 2534 Conscripsit:

236 2581 259 2637 1.
280 2579 677 2637 Christenlehr·Unterricht
697 2598 765 2635 vom
787 2577 983 2636 Sacramente

149 2686 203 2743 der
228 2687 335 2742 Busse.
363 2682 393 2755 (ἰ.
414 2703 441 2740 e.
466 2684 512 2740 De
536 2698 728 2740 sacramento
756 2681 981 2763 poenitentiae.)

154 2808 165 2848 1
184 2792 245 2848 vol.
262 2797 304 2864 4⁰.
323 2792 449 2864 Mscrpt.
462 2803 501 2861 32
517 2807 557 2864 p.,
574 2788 694 2844 adserv.
709 2791 737 2844 in
748 2787 981 2846 biblioth.Sc0t.

149 2911 187 2970 ⁵3
217 2910 281 3057 gll.3
291 2998 687 3056 Christenlehr·Unterricht
698 3015 767 3053 vom
781 2997 911 3072 heiligen
925 2996 981 3054 Sa·

149 3118 283 3163 crament
299 3105 353 3160 des
370 3103 481 3160 Altars.
503 3100 532 3179 (i.
552 3122 577 3159 e.
600 3103 647 3158 De
668 3122 692 3158 s.
710 3102 911 3159 eucharistiae
931 3121 980 3159 sa-

149 3207 324 3288 eramento)
342 3210 380 3267 Ut
397 3227 498 3284 supra.

234 3316 287 3372 111.
315 3315 392 3371 Eine
419 3314 510 3370 kurze
535 3310 834 3387 Lebensgeschichtc
858 3313 979 3381 Christi,

147 3421 260 3476 Mariae
277 3419 336 3475 und
353 3419 407 3475 der
418 3418 556 3494 Apostel.
573 3415 603 3494 (i.
618 3436 643 3473 e.
658 3418 763 3474 Brevis
776 3420 856 3474 vitae
868 3417 979 3474 Christi

146 3526 261 3581 Mariae
288 3538 319 3580 et
345 3523 554 3600 apostolorum
583 3519 769 3601 descriptio.)
801 3537 812 3577 1
843 3523 904 3579 vol.
936 3521 978 3579 8⁰.

147 3630 272 3704 Mscrpt.
291 3630 320 3684 in
336 3625 473 3683 biblioth.
492 3624 576 3682 Scot.
594 3624 714 3682 adserv.
731 3639 781 3699 53.
799 3645 829 3700 g.
851 3639 897 3682 10.

234 3734 283 3790 IV.
307 3731 558 3807 Philosophische
574 3731 785 3805 Vorlesungen
805 3730 881 3787 nach
902 3730 978 3787 Pro·

146 3837 245 3894 sessor
261 3838 375 3912 Karpe.
396 3832 425 3914 (i.
442 3854 469 3892 e.
486 3835 711 3892 praelectiones
727 3834 978 3915 philosophicae.)

150 3957 161 3999 1
185 3941 310 4000 10180.
334 3938 395 4014 248
418 3939 468 3997 sol.
493 3941 619 4015 Mscrpt.
644 3940 763 3996 adserv.
788 3943 816 3996 in
839 3939 977 3998 biblioth.

145 4047 229 4106 Scot.
247 4061 298 4120 53.
316 4066 346 4122 g.
369 4045 414 4102 16.

232 4157 339 4232 Gdtz
367 4168 605 4230 Edmundus
633 4168 840 4251 Iosephus
872 4167 978 4251 (Sco-

145 4288 305 4370 tensis)‚
339 4297 443 4350 natus
474 4297 530 4350 est
561 4287 596 4349 in
627 4287 812 4351 Moraviae
843 4288 977 4370 oppido

145 4409 240 4473 dicto
261 4408 460 4493 Sternberg
480 4410 537 4472 die
561 4414 607 4472 18.
626 4410 731 4473 Mart.
757 4430 852 4492 1792,
876 4431 977 4495 gym-

145 4532 235 4594 nasii
251 4533 370 4596 studia
387 4532 563 4597 Olomucii
579 4533 731 4597 colebat.
751 4531 856 4595 Unde
869 4533 977 4595 Vien-

144 4673 225 4716 nam
247 4654 441 4736 profectus,
465 4675 544 4718 cum
568 4654 701 4717 ibidem
724 4655 862 4737 litteris,
887 4674 977 4737 quas

143 4777 976 4860 vocantphilosophicas,haudexiguacumlau·

144 4899 189 4961 de
204 4910 381 4980 vacasset,
398 4919 425 4964 s.
438 4900 478 4964 P.
492 4900 681 4963 Benedicti
697 4910 815 4964 castra
830 4911 975 4964 secutus

143 5032 180 5084 et
202 5020 260 5084 die
282 5025 311 5086 5.
329 5020 408 5086 Oct.
430 5026 506 5085 1811
535 5043 639 5087 sacra
662 5023 795 5086 ordinis
814 5033 916 5086 veste
940 5024 975 5086 in

143 5143 359 5207 monasterio
386 5144 426 5207 B.
455 5145 504 5209 M.
528 5146 572 5209 V.
593 5146 639 5208 ad
661 5143 788 5209 Scotos
811 5143 974 5208 Viennae

143 5267 288 5330 indutus
311 5277 376 5331 est.
406 5267 584 5350 Egressus
607 5286 692 5329 vero
716 5285 763 5329 ex
785 5266 852 5329 hoc
876 5284 974 5329 asce-

142 5389 234 5452 terio
258 5389 315 5450 die
337 5392 388 5452 30.
404 5389 509 5452 Mart.
531 5394 611 5467 1814
636 5389 670 5451 in
695 5387 880 5450 canoniam
900 5387 975 5449 Du·

1064 623 1360 703 cumburgensem
1386 621 1545 684 adscitus
1572 632 1627 685 est
1656 622 1714 686 die
1739 628 1789 687 28.
1814 621 1896 688 Oct.

1063 743 1223 806 eiusdem
1232 745 1324 807 anni.
1334 741 1895 808 InvincibiliautemScotensium

1063 884 1183 928 amore
1206 867 1335 929 ductus
1358 885 1523 929 reversus
1547 866 1605 929 die
1629 870 1658 930 8.
1676 864 1776 949 Sept.
1801 871 1895 949 1815,

1064 987 1122 1049 die
1143 998 1317 1069 sequente
1337 987 1496 1050 habitum
1516 987 1721 1070 religiosum
1744 989 1823 1071 ipse
1842 988 1893 1051 in-

1064 1111 1140 1173 duit
1167 1110 1367 1173 astantibus
1394 1108 1534 1171 nonnisi
1563 1110 1701 1172 duobus
1723 1110 1896 1175 fratribus

1064 1242 1099 1294 et
1116 1232 1174 1294 die
1195 1237 1241 1295 15.
1254 1229 1355 1313 Sept.
1376 1234 1456 1294 1816
1473 1250 1538 1313 per
1553 1231 1737 1295 sollemnia
1752 1243 1837 1296 vota
1853 1253 1895 1297 se

1065 1365 1178 1417 totum
1194 1354 1323 1417 obtulit
1338 1353 1428 1435 Deo,
1454 1363 1491 1415 et
1516 1353 1594 1434 ipso
1615 1353 1673 1415 die
1694 1353 1895 1418 nativitatis

1063 1475 1195 1538 domini
1215 1485 1401 1559 neomysta
1422 1475 1572 1557 primum
1596 1476 1642 1538 ad
1665 1495 1762 1539 aram
1783 1477 1894 1542 stetit.

1062 1598 1137 1660 Iam
1166 1598 1246 1661 inde
1271 1600 1317 1659 ab
1342 1618 1384 1661 eo
1407 1609 1568 1679 tempore
1591 1597 1691 1661 varia
1713 1597 1749 1660 in
1772 1618 1893 1662 mona-

1063 1719 1172 1783 sterio
1188 1739 1333 1783 munera
1349 1719 1509 1802 suscepit
1525 1739 1638 1801 eaque
1651 1730 1797 1784 strenuo
1813 1740 1893 1804 per·

1063 1841 1148 1925 egit.
1184 1842 1406 1906 Novitiorum
1437 1852 1473 1905 et
1503 1842 1741 1906 bibliothecae
1773 1863 1893 1907 curam

1062 1964 1201 2046 habuit,
1232 1965 1480 2027 numothecam
1511 1964 1687 2047 disposuit
1718 1976 1755 2028 et
1785 1966 1892 2029 sacri-

1063 2086 1181 2167 stiam,
1214 2106 1320 2167 quam
1351 2097 1496 2169 vocant,
1528 2089 1750 2170 gubernavit.
1785 2089 1892 2151 Anno

1061 2227 1147 2271 vero
1169 2200 1248 2270 1818
1270 2228 1401 2291 pueros
1425 2210 1461 2272 in
1480 2210 1668 2292 gymnasio
1693 2211 1738 2272 ad
1763 2208 1892 2274 Scotos

1061 2330 1200 2393 litteras
1230 2332 1485 2413 grammaticae
1516 2332 1644 2395 docere
1679 2331 1798 2395 iussus
1827 2352 1892 2415 per

1062 2451 1250 2515 duodecim
1281 2471 1393 2515 annos
1430 2453 1614 2536 egregium
1641 2472 1680 2516 se
1711 2455 1892 2535 praestitit

1061 2575 1279 2657 magistrum.
1304 2574 1466 2670 Iniuncto
1490 2575 1560 2656 ipsi
1584 2580 1664 2637 1826
1688 2577 1735 2638 ad
1755 2577 1892 2659 reliqua

1061 2695 1178 2760 officia
1191 2697 1386 2778 subprioris
1397 2716 1554 2776 munere,
1567 2698 1710 2759 tandem
1724 2697 1891 2761 Calendis

1061 2819 1167 2881 Maiis
1181 2823 1406 2882 1830summ0
1417 2818 1564 2883 fratrum
1577 2820 1703 2901 plausu
1712 2819 1808 2900 prior
1819 2841 1891 2884 mo·

1061 2941 1208 3004 nasterii
1228 2941 1438 3022 designatus
1459 2951 1523 3002 est.
1547 2941 1588 3003 In
1613 2942 1681 3004 hoc
1704 2942 1890 3024 dignitatis

1060 3064 1175 3145 gradu
1192 3063 1396 3144 collocatus,
1415 3063 1555 3144 qualem
1572 3083 1599 3127 S.
1615 3063 1656 3128 P.
1672 3064 1889 3127 Benedictus

1060 3185 1303 3266 praepositum
1334 3185 1541 3248 monasterii
1569 3186 1754 3268 describit,
1781 3189 1888 3250 talem

1061 3326 1099 3368 se
1116 3307 1277 3369 exhibuit
1295 3317 1340 3389 et,
1358 3317 1528 3388 quantum
1541 3309 1723 3389 praelatus
1739 3320 1816 3371 erat
1832 3329 1889 3373 ce·

1060 3427 1154 3508 teris,
1183 3437 1282 3490 tanto
1306 3428 1478 3490 sollicitus
1502 3431 1719 3493 observabat
1741 3432 1888 3513 regulae

1058 3560 1262 3631 praecepta.
1272 3551 1378 3613 Anno
1392 3555 1470 3629 1845
1481 3551 1772 3634 archiepiscopus
1780 3552 1888 3616 Vien-

1058 3671 1178 3733 nensis
1193 3670 1431 3753 inspectorem
1451 3690 1531 3735 eum
1548 3673 1732 3736 constituit
1750 3675 1888 3739 distric-

1058 3803 1115 3856 tus
1136 3794 1319 3856 cuiusdam
1340 3795 1538 3857 scholarum
1558 3795 1748 3858 trivialium
1770 3796 1888 3860 simul-

1058 3936 1127 3998 que
1137 3915 1337 3980 consistorii
1350 3915 1586 3979 consiliarium
1599 3936 1678 3979 esse
1691 3917 1803 3981 iussit.
1819 3918 1888 3981 Pa·

1057 4037 1156 4101 rochi
1177 4058 1318 4121 quoque
1339 4037 1373 4102 in
1393 4039 1609 4102 monasterio
1632 4060 1759 4103 munus
1779 4040 1887 4104 subiit

1062 4165 1152 4239 1847.
1177 4161 1283 4224 Anno
1299 4162 1462 4243 sequenti
1479 4171 1668 4243 cooptatus
1683 4163 1719 4225 in
1731 4165 1886 4244 amplum

1058 4285 1459 4367 collegiumsenatorum
1468 4284 1625 4347 civitatis
1633 4285 1887 4347 Vindobonen·

1057 4407 1107 4470 sis
1134 4427 1352 4489 magnopere
1377 4407 1422 4468 de
1448 4407 1564 4471 salute
1592 4408 1721 4471 civium
1748 4407 1886 4472 meruit.

1056 4530 1189 4593 Missus
1202 4539 1266 4609 est,
1277 4542 1315 4591 ut
1328 4539 1448 4591 cetera
1460 4528 1600 4593 silentio
1609 4540 1885 4611 praetereamus,

1056 4652 1125 4715 iam
1146 4656 1227 4730 1848
1245 4671 1322 4714 cum
1343 4652 1483 4714 duobus
1506 4651 1655 4733 collegis
1675 4650 1886 4714 Francofur-

1055 4785 1130 4837 tum
1145 4776 1191 4836 ad
1207 4773 1374 4837 Moenum
1391 4775 1437 4835 ad
1453 4773 1632 4856 Ioannem,
1645 4773 1814 4836 Austriae
1831 4793 1885 4837 ar·

1056 4897 1250 4980 chiducem,
1268 4898 1328 4980 qui
1344 4909 1417 4961 tum
1434 4916 1492 4959 res
1509 4894 1739 4959 Germanicas
1755 4897 1885 4979 guber·

1055 5021 1174 5100 nabat,
1192 5039 1343 5101 quocum
1359 5037 1416 5081 res
1429 5016 1663 5101 gravissimae
1675 5019 1884 5082 tractandae

1055 5152 1166 5206 erant.
1187 5142 1232 5204 Et
1249 5140 1409 5222 quamvis
1426 5141 1551 5203 eodem
1567 5157 1660 5202 anno
1671 5141 1884 5203 tumultuum

1053 5274 1176 5328 aestus
1184 5263 1419 5327 Vindobonae
1432 5281 1548 5326 rerum
1561 5261 1752 5326 civicarum
1764 5282 1884 5326 curam

1054 5386 1292 5468 periculosam
1314 5388 1514 5466 redderent,
1536 5394 1654 5447 tamen
1678 5404 1804 5448 munus
1827 5403 1884 5446 su·

1625 5489 1674 5537 18*
