4178 6196
927 498 970 508 -
1015 461 1131 525 CVIII
1175 499 1216 506 -

203 688 369 752 Criticarn
402 690 447 750 ad
478 688 704 750 illustrandos
737 706 764 750 s.
792 687 937 767 Patres,
969 689 1015 749 ad
1049 686 1272 749 discutienda
1303 689 1437 749 selecta
1467 688 1634 751 historiae
1670 689 1936 751 ecclesiasticae

204 828 332 908 capita,
356 830 402 890 ad
426 828 581 890 eruenda
605 846 652 888 ex
674 825 883 906 pulveribus
911 838 947 888 et
974 826 1106 888 umbris
1130 837 1290 888 veterum
1322 828 1506 889 authorum
1537 839 1764 891 monumenta
1795 828 1936 909 aliaque

204 968 385 1060 eiusmodi,
403 966 438 1029 in
455 986 546 1048 quae
564 964 829 1030 San-Mauriani
846 963 941 1028 Socii
965 974 1063 1027 tanto
1085 964 1258 1027 ecclesiae
1280 965 1463 1026 commodo
1486 974 1658 1046 tantoque
1682 985 1760 1027 cum
1784 967 1937 1027 omnium

204 1108 388 1169 doctorum
418 1105 595 1168 hominurn
628 1105 804 1186 applausu
832 1104 1056 1176 incumbunt,
1089 1105 1231 1166 sodales
1262 1104 1316 1166 sui
1347 1103 1513 1165 maiorem
1542 1123 1685 1166 suarum
1709 1124 1871 1166 curarum
1895 1125 1937 1167 ac

203 1247 397 1309 studiorum
413 1255 552 1326 partem
569 1244 604 1306 in
619 1254 800 1324 posterum
818 1243 1026 1304 traducant“
1044 1245 1075 1323 ¹).
1115 1241 1218 1323 Quod
1241 1253 1281 1305 ut
1303 1242 1414 1323 fieret,
1437 1242 1564 1304 librum
1581 1242 1702 1321 edidit,
1729 1243 1788 1324 qui
1812 1243 1938 1304 inseri-

202 1384 314 1447 bitur:
341 1383 584 1463 „Bibliotheca
608 1381 1007 1443 Benedicto·Mauriana
1031 1401 1093 1443 seu
1118 1383 1162 1443 de
1186 1393 1274 1463 ortu,
1297 1381 1382 1444 vitis
1405 1390 1441 1444 et
1464 1382 1606 1462 scriptIs
1623 1381 1936 1465 Benedictinorum

204 1543 223 1586 e
247 1523 476 1585 celeberrima
500 1520 778 1603 congregatione
803 1540 829 1582 s
846 1520 960 1582 Mauri
984 1520 1020 1583 in
1037 1519 1154 1583 Gallia
1177 1520 1257 1583 libri
1281 1520 1370 1583 duo“
1388 1523 1420 1599 ²).
1459 1521 1537 1583 Hoc
1562 1541 1651 1603 opus
1667 1520 1935 1583 fundamentum

204 1682 282 1725 esse
298 1661 411 1725 voluit
428 1660 693 1741 „Bibliothecae
711 1659 998 1741 Benedictinae“,
1022 1679 1092 1742 quo
1116 1680 1238 1722 omnes
1254 1660 1408 1723 omnium
1424 1670 1596 1722 terrarum
1612 1669 1719 1741 atque
1737 1672 1937 1742 temporum

206 1802 397 1884 scriptores
426 1800 559 1862 ordinis
582 1799 854 1862 continerentur.
901 1798 1035 1860 Eodem
1068 1799 1214 1862 consilio
1250 1805 1329 1878 1769
1362 1799 1499 1862 litteras
1529 1800 1575 1861 ad
1605 1799 1819 1862 monasteria
1848 1798 1937 1862 Ger-

205 1940 354 2020 maniae,
380 1938 583 2018 Bohemiae,
607 1936 802 2017 Moraviae,
826 1937 1025 2018 Helvetiae,
1051 1935 1199 2019 Galliae,
1223 1939 1348 2002 Italiae
1372 1937 1481 2000 dedit.

334 2079 385 2141 At
408 2098 478 2140 non
507 2077 710 2159 reperiebat
741 2075 871 2157 socios,
903 2095 992 2156 quos
1020 2088 1237 2158 speraverat.
1283 2077 1480 2158 Propterea
1511 2098 1580 2139 una
1611 2096 1689 2139 curn
1718 2078 1938 2160 Hieronymo

207 2217 316 2280 fratre
340 2238 413 2298 suo,
439 2217 498 2298 qui
523 2228 559 2278 et
582 2217 660 2297 ipse
683 2216 719 2277 in
743 2213 958 2276 monasterio
974 2215 1172 2277 Mellicensi
1189 2215 1347 2278 habitum
1370 2219 1569 2299 regularem
1585 2227 1796 2298 sumpserat,
1820 2218 1938 2279 omnia

205 2356 281 2418 fere
308 2356 486 2436 Austriae,
515 2353 724 2437 Salisburgi,
753 2352 945 2415 Bohemiae
973 2353 1188 2416 monasteria
1215 2353 1303 2415 adiit
1333 2374 1525 2436 eorumque
1553 2356 1726 2418 tabularia
1756 2365 1792 2417 et
1815 2356 1939 2418 biblio·

205 2497 328 2558 thecas
352 2495 506 2556 maximo
530 2514 608 2556 cum
632 2492 749 2556 fructu
772 2500 1015 2572 perscrutatus
1039 2503 1103 2554 est.
1150 2492 1205 2554 Ex
1232 2493 1287 2554 his
1315 2492 1500 2556 itineribus
1529 2495 1676 2574 prodiit:
1713 2494 1937 2575 ,Thesaurus

205 2635 459 2696 anecdotorum
484 2631 696 2694 novissimus
720 2650 783 2692 seu
807 2641 966 2693 veterum
990 2640 1293 2694 monumentorum
1317 2633 1510 2714 praecipue
1541 2633 1861 2696 ecclesiasticorum
1893 2655 1938 2696 ex

190 2770 428 2848 ,Germanicis
451 2769 675 2851 potissimum
690 2769 916 2831 bibliothecis
933 2771 1106 2832 adornata
1123 2770 1286 2833 collectio
1303 2771 1566 2833 recentissima“'
1583 2774 1616 2851 ³).
1656 2771 1734 2834 Hoc
1750 2772 1851 2850 libro,
1869 2793 1938 2853 quo

205 2910 372 2972 d'Acheri
397 2921 431 2972 et
454 2909 608 2971 Marteni
631 2910 806 2970 sociorum
835 2907 968 2970 ordinis
993 2906 1209 2971 Gallicorum
1241 2910 1365 2972 laudes
1394 2910 1584 2972 adsecutus
1615 2919 1686 2988 est,
1718 2930 1797 2972 curn
1830 2912 1940 2973 multa

204 3049 372 3112 historiae
396 3058 622 3110 monumenta
646 3057 720 3108 turn
743 3045 842 3107 varia
866 3045 1000 3126 scripta
1023 3048 1231 3127 complexus
1255 3057 1311 3109 est
1334 3048 1477 3110 Alcuini
1500 3048 1668 3110 Masentii
1693 3050 1736 3110 de
1762 3049 1939 3129 Aquileia,

204 3187 389 3249 Paschasii
405 3186 593 3264 Radberti‚
618 3183 768 3246 Notkeri
786 3182 1041 3265 SangallensiS,
1063 3183 1229 3247 Gerberti
1247 3183 1422 3266 (Silvestri
1439 3187 1494 3269 II.)
1517 3185 1674 3249 Gerhohi
1690 3189 1734 3249 de
1749 3187 1940 3250 Reichers-

205 3328 303 3408 berg,
318 3325 425 3387 Alani
441 3327 485 3387 de
499 3323 636 3404 InsuliS,
653 3324 822 3385 abbatum
835 3321 1031 3404 Godefridi,
1048 3323 1234 3405 Irimberti,
1254 3324 1461 3407 Engelberti
1476 3325 1781 3407 Admontensium,
1795 3325 1939 3387 Henrici

206 3464 250 3524 de
274 3463 406 3524 Hassia
428 3462 647 3542 aliorumque
671 3461 892 3542 scriptorum.
931 3462 1066 3524 Eodem
1082 3462 1161 3526 loco
1178 3465 1329 3526 habetur
1346 3463 1441 3525 aliud
1458 3464 1632 3526 Bernardi
1649 3483 1756 3546 opus:
1783 3464 1938 3545 ,Biblio-

205 3602 309 3662 theca
333 3600 497 3675 ascetica,
522 3600 788 3680 antiquo-nova,
819 3601 886 3662 hoc
915 3611 970 3663 est
998 3602 1161 3664 collectio
1184 3613 1344 3664 veterum
1373 3603 1604 3684 quorumdam
1637 3612 1672 3663 et
1703 3602 1939 3663 recentiorum

207 3739 457 3819 opusculorum
489 3737 741 3818 asceticorum‚
774 3752 865 3820 quae
895 3741 1078 3820 hucusque
1109 3741 1145 3802 in
1175 3741 1283 3802 variis
1314 3762 1357 3805 m.
1382 3762 1408 3803 s.
1432 3739 1615 3803 codicibus
1647 3752 1681 3801 et
1711 3740 1940 3802 bibliothecis

207 3875 453 3954 delituerunt“,
478 3874 538 3956 qui
560 3875 651 3937 liber
674 3886 729 3938 est
752 3877 796 3938 de
821 3878 972 3959 scriptis,
997 3899 1087 3960 quae
1112 3881 1157 3941 ad
1182 3879 1457 3963 intellegendam
1474 3878 1581 3963 predii
1602 3879 1681 3940 aevi
1706 3890 1818 3940 artem
1842 3898 1940 3941 asce-

207 4014 313 4077 ticam
338 4025 374 4076 et
397 4014 584 4095 mysticam
607 4015 795 4095 plurimum
820 4017 1052 4101 conferunt).

336 4153 415 4215 Non
439 4154 552 4214 solum
576 4105 693 4215 autem
717 4154 935 4240 theologiae,
961 4160 1025 4220 sed
1053 4159 1160 4221 etiam
1184 4157 1351 4220 historiae
1375 4152 1434 4220 illa
1461 4166 1583 4223 'aetate
1616 4155 1677 4218 filii
1701 4178 1728 4219 s.
1753 4157 1941 4220 Benedicti

208 4312 353 4373 operam
389 4293 573 4354 dederunt.
619 4294 741 4374 Atque
776 4315 844 4357 non
880 4306 951 4358 tarn
987 4297 1191 4377 opinionum
1226 4295 1420 4376 antiquitus
1455 4305 1682 4375 acceptarum
1713 4296 1769 4356 vel
1803 4295 1940 4376 piarum

206 4431 416 4510 fabularum,
441 4451 545 4512 quam
570 4432 725 4513 ipsorum
748 4433 897 4496 fontium
921 4434 1011 4496 ratio
1035 4445 1090 4497 est
1113 4433 1245 4514 habita,
1271 4433 1330 4514 qui
1355 4453 1400 4495 ex
1423 4433 1719 4496 bibliothecarum
1743 4444 1779 4496 et
1803 4436 1941 4496 tabula·

208 4571 338 4632 riorum
368 4570 525 4633 tenebris
555 4570 591 4632 in
621 4572 736 4634 lucem
767 4572 937 4653 protracti
961 4585 1052 4635 sunt.
1099 4573 1178 4653 Qua
1208 4574 1244 4635 in
1275 4592 1313 4634 re
1344 4571 1439 4635 fama
1471 4573 1624 4635 virorum
1656 4575 1798 4636 saeculo
1823 4574 1942 4636 XVII.

342 4841 362 4921 ¹)
385 4842 584 4917 Ziegelbauer
607 4843 624 4899 l.
650 4863 676 4899 c.
701 4844 751 4900 IV.

342 4955 364 5034 ²)
388 4956 486 5031 'I'ypis
510 4956 667 5013 conlectus
691 4956 848 5031 Augustae
871 4957 1094 5014 Vindelicorum
1120 4972 1149 5013 et
1172 4957 1293 5014 Graecii
1323 4956 1402 5030 1716
1427 4960 1456 5013 in
1480 4957 1522 5014 8⁰.

339 5066 362 5144 ³)
386 5068 493 5124 Editus
517 5083 563 5125 est
586 5069 741 5143 Augustae
764 5068 997 5135 Vindelicorum,
1023 5084 1093 5125 tom.
1118 5070 1226 5126 1-111.
1256 5083 1353 5142 ¹7²¹i
1387 5083 1457 5125 tom.
1479 5070 1528 5126 IV.
1558 5083 1654 5141 17233
1688 5085 1758 5127 tom.
1782 5071 1816 5127 V.
1847 5069 1943 5142 1728;

212 5195 282 5237 torn.
301 5181 351 5237 VI.
376 5183 425 5256 qui
450 5182 527 5238 idem
554 5182 678 5254 „Codex
701 5182 1264 5259 diplomatico·historico·epistolarIs“
1292 5180 1472 5249 inscribitur,
1502 5196 1592 5255 1729.

342 5290 364 5370 ⁴)
388 5292 463 5349 Sunt
487 5297 558 5350 tomi
583 5295 649 5361 XII,
678 5314 805 5370 quorum
834 5297 893 5354 duo
917 5297 1009 5353 ultImi
1039 5308 1109 5372 post
1133 5293 1246 5352 obitum
1271 5288 1415 5351 Bernardi
1444 5308 1522 5368 1735
1547 5296 1599 5351 XI.
1627 5311 1707 5369 1740
1736 5297 1802 5353 XII.
1833 5294 1944 5372 publici

213 5407 285 5462 iuris
309 5406 377 5462 lacti
402 5422 479 5462 sunt.
