4178 6196
964 432 1220 499 „16-

309 636 346 692 X.
363 636 520 710 Nekrolog
540 634 594 692 des
610 636 642 692 P.
658 635 760 693 Anton
776 634 960 693 Viehbaeck.
978 632 1007 713 (i.
1025 655 1052 692 e.

221 740 255 796 P.
272 739 394 796 Antonii
411 738 597 807 Viehbaeck,
618 739 748 816 professi
769 739 1003 797 Cremilanensis
1024 754 1054 796 et

222 847 251 901 in
279 844 368 919 lyceo
391 844 542 901 Linciensi
569 844 741 918 theologiae
761 843 946 920 professoris
970 841 1054 923 vita.)

222 949 270 1006 In:
288 949 397 1005 Linzer
414 948 809 1025 theologisch·praktische
832 946 1053 1004 Monatschrilt.

228 1052 318 1126 1850.
335 1073 365 1129 p.
386 1066 564 1127 705-712.

310 1177 361 1232 xl.
386 1173 448 1232 Abt
466 1176 603 1232 Thomas
626 1174 862 1232 Mitterndorler.
886 1174 1052 1248 Nekrolog.

222 1277 252 1357 (i.
277 1299 303 1336 e.
331 1280 585 1337 Reverendissimi
616 1280 727 1337 domini
751 1279 890 1337 'l‘homae
917 1280 1053 1335 Mittern·

223 1384 326 1441 dorler
342 1383 461 1441 abbatis
473 1384 708 1441 Cremilanensis
723 1380 807 1462 vita.)
823 1384 1055 1457 Linzerzeitung

223 1490 279 1546 No.
302 1489 370 1557 188,
393 1505 438 1563 15.
456 1489 535 1563 Aug.
558 1487 647 1547 1860.

310 1612 376 1668 XII.
394 1610 455 1667 Abt
470 1612 621 1686 Augustin
638 1609 816 1667 Reslhuber.
838 1611 914 1666 Eine
929 1608 1055 1683 biogra-

224 1716 349 1791 phische
366 1715 482 1773 Slrizze.
505 1714 534 1795 (i.
552 1736 577 1772 e.
596 1715 848 1772 Reverendissimi
865 1714 977 1770 domini
992 1714 1055 1770 Au-

223 1823 334 1894 gustIni
357 1818 476 1876 abbatis
492 1820 726 1877 Cremilanensis
747 1816 830 1898 vita.)
859 1820 905 1876 In:
930 1820 1056 1876 Oester·

223 1925 410 2015 reichischer
420 1923 663 1982 Volkskalender
679 1928 726 1980 llir
738 1924 792 1980 das
803 1924 876 2000 Jahr
892 1922 983 1996 1876.
996 1942 1057 1980 von

224 2028 278 2085 Dr.
301 2030 350 2085 Fr.
366 2029 391 2104 J.
409 2028 575 2086 Proschko.
598 2027 724 2101 63-68
746 2048 775 2104 p.

311 2134 471 2189 Praeterea
482 2133 695 2208 prodiiteditio
707 2131 775 2189 libri
785 2135 979 2200 canticorum,
990 2134 1056 2206 qui·

222 2235 281 2293 bus
302 2237 428 2294 studiosi
451 2239 692 2295 Cremilanenses
709 2240 738 2294 in
756 2237 836 2294 cultu
853 2236 955 2293 divino
969 2251 1056 2293 utun·

224 2355 282 2410 tur,
298 2341 337 2398 ab
354 2342 460 2399 eodem
478 2345 509 2400 P.
523 2344 559 2400 A.
578 2344 779 2417 baumgarten
795 2344 895 2398 revisa
911 2356 941 2398 et
957 2355 1054 2398 aucta.

312 2508 617 2603 Baumgartner
656 2521 872 2584 Romanus
906 2521 1056 2604 Engel-

224 2635 369 2698 bertus
387 2636 789 2720 (MichaelburanusJ‚
808 2637 1055 2721 Salisburgen-

226 2757 284 2819 sis.
308 2757 422 2820 Natus
439 2757 473 2820 in
487 2755 693 2821 Oberndorf
705 2764 756 2822 30.
771 2756 849 2856 Oct.
868 2764 958 2842 1842,
975 2780 1055 2842 pro·

226 2879 342 2942 fessus
353 2880 498 2958 24.N0v.
509 2890 545 2943 et
557 2883 725 2944 sacerdos
735 2886 785 2944 28.
796 2883 858 2945 Iul.
871 2887 960 2962 1867.
974 2881 1055 2946 Stu-

226 3002 293 3064 diis
309 3003 519 3085 theologicis
535 3004 707 3066 absolutis
727 3005 903 3068 laboravit
919 3025 1054 3067 summo

226 3144 305 3186 cum
328 3124 468 3187 fervore
492 3126 527 3187 in
547 3126 652 3188 vlnea
672 3127 813 3209 domim,
840 3139 914 3189 tum
933 3128 968 3189 in
989 3127 1054 3189 Mi-

225 3247 438 3308 chaelbeurn
456 3248 663 3329 (1868—70),
682 3257 755 3310 tum
772 3249 807 3311 in
824 3247 1055 3313 Seewalchen

227 3369 433 3451 (1870—72),
458 3378 531 3431 tum
556 3370 591 3431 in
614 3369 783 3433 suburbio
806 3370 918 3434 Miilln
942 3391 1054 3453 prope

226 3487 473 3573 Salisburgum
490 3493 702 3573 (1872—78);
731 3512 823 3555 nunc
844 3493 1003 3576 fungitur
1019 3495 1054 3556 in

226 3615 440 3677 monasterio
477 3616 680 3678 muneribus
718 3616 888 3699 pluribus,
928 3627 1053 3698 utpote

227 3737 443 3818 catechetae‚
468 3738 625 3799 custodis
648 3739 821 3801 ecclesiae
845 3740 1053 3820 claustralis

225 3857 484 3921 bibliothecarii
497 3869 533 3922 et
546 3860 742 3924 archivarii.
763 3860 952 3943 Rigorosis
970 3880 1053 3922 exa-

226 3977 378 4041 minibus
409 4000 474 4060 pro
502 3981 568 4043 rite
596 3982 789 4044 obtinenda
820 3983 940 4045 laurea
972 3984 1054 4045 doc-

226 4102 313 4163 toris
334 4121 360 4162 s.
382 4103 582 4186 theologiae
605 4105 759 4185 peractis
780 4106 871 4167 hanc
888 4106 1054 4168 disserta-

227 4224 359 4286 tionem
383 4227 590 4307 composuit,
615 4238 651 4289 et
674 4226 825 4290 fortasse
848 4230 894 4290 ad
917 4229 1070 4309 prelum·

226 4347 470 4427 praeparavit:

313 4473 497 4531 Geschichte
521 4475 574 4532 des
598 4475 719 4533 Ordens
743 4476 797 4534 der
818 4477 1003 4552 Augustiner
1026 4480 1056 4533 in

227 4578 432 4636 Deutschland
455 4579 512 4635 und
529 4581 651 4656 speciell
673 4580 726 4638 des
747 4582 934 4657 ehemaligen
950 4581 1055 4657 Augu·

226 4684 520 4753 senet-Conventa,
538 4684 612 4758 jetzt
628 4684 1006 4744 Benedictiner-Priorates
1026 4689 1056 4743 in

226 4789 318 4845 llltilln
334 4785 394 4864 (bei
412 4786 584 4866 Salzburg.)
600 4786 629 4868 (i.
643 4766 668 4846 e.
682 4789 817 4847 Historia
830 4789 1055 4866 ordinist'lugu·

226 4896 421 4950 stinianorum
439 4896 467 4950 ln
481 4894 652 4962 Germania,
670 4908 701 4950 et
715 4897 872 4970 speciatim
889 4911 1056 4952 conventus

227 4998 362 5055 dissoluti
370 4998 655 5074 Augustinianorum
665 5001 694 5055 in
703 4997 849 5055 suburbio
859 5000 950 5056 11181111
959 5019 1057 5077 prope

227 5101 458 5183 Salisburgum.J

313 5267 558 5341 Bautraxlet·
578 5278 790 5343 Gerardus
812 5279 1056 5362 (Seitensta-

228 5394 408 5475 diensis).
434 5396 474 5458 In
490 5397 569 5461 vico
585 5398 746 5462 Wallern
763 5400 931 5462 Austriae
951 5420 1056 5483 supe-

1132 633 1232 696 rioris
1258 633 1315 695 die
1344 637 1390 694 13.
1413 633 1516 695 Febr.
1546 636 1625 695 1835
1651 641 1765 713 natus,
1790 632 1962 695 absolutis

1132 756 1280 820 Lentiae
1297 755 1472 839 gymnasii
1485 755 1613 818 studiis
1625 756 1682 817 die
1703 760 1750 817 11).
1763 754 1862 835 Sept.
1881 759 1960 835 1857

1132 878 1276 941 indutus
1301 888 1356 939 est
1379 878 1502 940 habitu
1523 898 1549 940 s.
1571 888 1607 940 et
1631 879 1756 940 eodem
1780 878 1963 959 sequentis

1132 999 1215 1063 anni
1232 999 1289 1061 die
1305 1000 1398 1062 votis
1418 999 1637 1081 simplicibus
1657 1019 1696 1061 se
1717 999 1900 1082 obligavit.
1925 997 1961 1063 S.

1133 1121 1336 1204 theologiae
1363 1121 1481 1184 studio
1508 1122 1671 1184 absoluto
1693 1122 1843 1202 primum
1864 1121 1964 1184 stetit

1133 1246 1179 1307 ad
1192 1264 1288 1306 aram
1301 1243 1369 1306 Dei
1385 1265 1434 1323 29·
1446 1245 1541 1327 Aug.
1560 1249 1635 1306 1861
1657 1253 1693 1307 et
1708 1245 1867 1306 eiusdem
1879 1245 1963 1306 anni

1134 1366 1191 1429 die
1213 1387 1263 1446 ²⁴·
1281 1365 1380 1446 Sept.
1402 1366 1584 1429 sollemnia
1608 1367 1724 1429 emisit
1745 1378 1839 1429 vota.
1863 1366 1963 1428 Duos

1134 1489 1273 1551 circiter
1289 1507 1401 1551 annos
1416 1507 1561 1552 munere
1578 1489 1818 1569 cooperatoris
1834 1488 1870 1550 in
1886 1487 1962 1550 foro

1134 1611 1334 1674 Asbacensi
1349 1610 1492 1674 functus
1508 1611 1651 1674 ineunte
1667 1630 1761 1673 anno
1781 1610 1964 1673 scholasti·

1135 1754 1177 1797 co
1201 1739 1280 1797 1863
1302 1735 1446 1817 linguae
1463 1735 1611 1797 Latinae
1628 1744 1664 1797 et
1680 1734 1861 1797 doctrinae
1884 1733 1963 1795 reli·

1134 1858 1250 1941 gionis
1266 1857 1510 1940 magisterium
1525 1858 1693 1940 suscepit,
1715 1859 1827 1920 donec
1842 1877 1964 1920 mense

1134 1981 1197 2043 Iul.
1217 1985 1298 2060 1878
1311 1981 1473 2043 domibus
1485 1981 1689 2044 monasterii
1701 1981 1964 2043 Viennensibus

1135 2115 1190 2166 est
1206 2103 1418 2185 praefectus

1222 2226 1377 2288 Plurima
1402 2227 1478 2289 elus
1498 2227 1632 2307 scripta
1653 2237 1735 2289 sunt
1755 2227 1800 2287 de
1820 2225 1964 2307 liturgia

1135 2368 1236 2411 sacra
1260 2360 1312 2411 ut:

1222 2476 1244 2532 Ι.
1273 2476 1510 2551 Campanologia
1534 2477 1712 2533 dioeceseos
1737 2477 1905 2543 Lincensis‚
1935 2478 1964 2531 in

1137 2581 1267 2657 „Linzer
1283 2581 1454 2637 christliche
1472 2579 1713 2650 Kunstblatter“,
1735 2578 1825 2653 1869,
1841 2582 1897 2636 Nc.
1915 2595 1944 2652 5.

1221 2684 1259 2741 II.
1277 2686 1339 2741 Der
1356 2685 1481 2759 Gesang
1496 2684 1555 2741 und
1572 2685 1620 2740 die
1636 2685 1736 2740 Illusik
1752 2687 1781 2741 in
1797 2685 1851 2740 ‹ler
1862 2685 1965 2740 Litur·

1134 2791 1193 2865 gie.
1218 2786 1247 2868 (i.
1265 2809 1291 2847 e.
1314 2790 1360 2845 De
1377 2805 1465 2846 cantu
1487 2802 1517 2845 et
1538 2793 1652 2847 musica
1673 2791 1702 2845 in
1723 2785 1865 2867 liturgia.)
1889 2787 1963 2846 lbid.

1139 2895 1229 2970 1872,
1247 2896 1303 2951 No.
1322 2894 1415 2952 2-8.

1220 3000 1272 3056 III.
1290 3000 1348 3056 Die
1364 2998 1610 3055 Butzenscheibe.
1635 2997 1664 3077 (i.
1686 3020 1712 3055 e.
1735 2997 1828 3055 Orbis
1850 3001 1965 3054 vitreus

1134 3109 1163 3162 in
1172 3105 1270 3161 medio
1280 3101 1398 3181 editus.)
1410 3102 1860 3177 „GrazerKirchenschmuck“.
1873 3102 1963 3175 1871,

1134 3211 1189 3266 Νο.
1208 3224 1236 3265 2.

1221 3314 1270 3371 IV.
1288 3313 1376 3369 Wert
1397 3312 1450 3368 cler
1467 3312 1716 3369 Glocltenkunde.
1738 3309 1767 3391 (i.
1785 3331 1811 3367 e.
1833 3312 1964 3367 Pretium

1134 3421 1258 3475 notitiae
1275 3415 1509 3494 campanarum.)
1527 3415 1601 3473 lbid.
1620 3415 1804 3489 1872,Νο.8
1821 3415 1859 3471 ad
1873 3416 1963 3489 1875,

1133 3526 1189 3581 Νο.
1207 3538 1237 3596 3.

1221 3630 1256 3686 V.
1273 3629 1396 3685 Planeta
1413 3627 1532 3704 plicata.
1558 3626 1632 3683 lbid.
1655 3627 1745 3699 1873,
1763 3628 1818 3682 No.
1836 3641 1865 3698 5.

1219 3733 1270 3789 VI.
1284 3731 1540 3789 Kirchenlenster.
1559 3728 1587 3809 (i.
1603 3752 1629 3788 e.
1644 3732 1807 3787 Fenestrae
1821 3730 1964 3786 ecclesia-

1133 3837 1249 3916 sticae.)
1266 3836 1340 3894 lbid.
1363 3837 1453 3910 1875,
1470 3838 1526 3893 Νο.
1544 3851 1560 3909 5
1580 3851 1609 3892 et
1627 3834 1655 3892 ⁶.

1219 3944 1285 4000 VII.
1304 3944 1360 3999 Die
1374 3940 1583 3998 Kanontaleln.
1601 3938 1630 4018 (i.
1644 3959 1670 3997 e.
1686 3939 1823 3996 Tabulae
1836 3937 1962 4019 altaris.)

1134 4048 1208 4106 lbid.
1232 4048 1321 4122 1875,
1339 4048 1394 4103 Νο.
1417 4062 1464 4103 11.

1220 4153 1299 4209 Vlll.
1318 4153 1374 4207 Die
1391 4149 1531 4207 bildliche
1548 4150 1744 4225 Darstellung
1764 4149 1817 4205 des
1833 4149 1963 4224 heiligen

1134 4257 1265 4314 Geistes
1276 4253 1305 4335 (i.
1316 4277 1342 4312 e.
1358 4257 1403 4311 De
1413 4258 1520 4331 spiritu
1529 4269 1635 4310 sancto
1648 4253 1828 4327 imaginibus
1840 4252 1965 4331 efficto)

1135 4360 1209 4419 lbid.
1232 4360 1322 4434 1874,
1339 4362 1395 4417 No.
1418 4375 1442 4429 1,
1460 4375 1490 4432 5,
1507 4375 1537 4434 5,
1556 4359 1583 4415 6.

1222 4465 1273 4521 IX.
1291 4464 1401 4520 Pedum
1416 4465 1578 4541 pastorale.
1597 4462 1671 4519 lbid.
1694 4462 1784 4536 1874,
1801 4464 1856 4519 Nu.
1875 4478 1912 4519 10
1925 4462 1963 4518 ad

1139 4569 1231 4644 1875,
1247 4570 1303 4625 Νο.
1324 4582 1350 4642 7.

1221 4674 1258 4728 X.
1269 4674 1326 4729 Die
1336 4672 1583 4748 0-Antiphonen.
1595 4670 1625 4752 (i.
1637 4693 1663 4729 e.
1671 4667 1862 4748 Antiphonae
1873 4666 1965 4746 „0“.)

1135 4777 1211 4834 lbid.
1233 4776 1323 4850 1874.
1341 4777 1396 4833 No.
1420 4793 1465 4833 11.

1221 4882 1273 4937 XI.
1284 4881 1341 4937 Die
1351 4880 1499 4937 Bildnerei
1511 4881 1564 4937 des
1573 4882 1824 4938 vorehristlichen
1833 4880 1965 4938 Heiden-

1135 5000 1213 5043 tums
1229 4985 1289 5042 und
1300 4985 1355 5042 der
1367 4985 1573 5041 katholischen
1585 4987 1709 5042 Kirche.
1723 4982 1752 5064 (i.
1762 5005 1788 5042 e.
1802 4986 1862 5041 Ars
1874 4988 1965 5042 simu·

1135 5092 1216 5147 lacra
1233 5089 1363 5164 fingendi
1376 5089 1456 5166 apud
1468 5108 1605 5165 paganos
1618 5104 1687 5146 ante
1701 5090 1851 5147 Christum
1865 5103 1966 5145 natum

1135 5209 1166 5253 et
1181 5198 1210 5252 in
1226 5195 1356 5252 ecclesia
1372 5192 1543 5272 catholica.)
1560 5193 1633 5252 lbid.
1656 5194 1746 5268 1875,
1763 5196 1818 5251 Νο.
1837 5209 1883 5251 12.

1223 5301 1289 5357 XII.
1312 5301 1369 5355 Die
1385 5299 1464 5355 hohe
1479 5299 1566 5373 Lage
1587 5299 1641 5355 der
1657 5300 1799 5355 Kirchen.
1825 5296 1854 5377 (i.
1872 5317 1898 5355 e.
1920 5299 1966 5355 De

1135 5405 1217 5462 edito
1233 5407 1291 5460 situ
1308 5400 1526 5479 ecclesiarum.)
1542 5401 1618 5459 lbid.
1640 5401 1731 5476 1876,
1746 5404 1802 5459 No.
1825 5419 1849 5459 1.
