4178 6196
972 437 1172 500 „C-

200 666 320 746 plures
336 663 614 744 disputationes:
639 670 678 724 ut
696 662 1030 745 ,Phlebotomiam“,
1055 662 1313 746 „depositione
1336 683 1399 726 seu
1415 663 1656 746 applicatione
1672 663 1933 746 ventosarum“,

202 803 362 887 ,nomina
386 798 605 864 morborum“
623 801 645 882 ι)
670 800 822 881 scripsit.

329 942 464 1004 Maiore
488 940 606 1003 studio
630 940 794 1003 monachi
822 960 1021 1003 sermonum
1049 961 1182 1025 genera
1211 941 1368 1022 amplexi
1399 950 1490 1004 sunt.
1536 939 1719 1004 Sermonis
1743 939 1873 1004 Graeci
1897 953 1933 1004 et

200 1080 369 1144 Hebraici
392 1080 598 1162 peritissimi
622 1082 847 1144 celebrantur
871 1090 1025 1151 exeunte
1049 1081 1192 1142 saeculo
1209 1080 1293 1144 XV.
1317 1079 1559 1163 Wolfgangus
1583 1082 1628 1143 de
1651 1078 1760 1163 Styra
1784 1091 1820 1143 et
1843 1080 1933 1143 Leo-

199 1222 328 1284 nardus
352 1218 526 1282 Felddorf
545 1219 707 1281 monachi
729 1217 972 1300 Mellicenses,
997 1238 1144 1301 quorum
1172 1219 1347 1300 posterior
1369 1219 1558 1281 summaria
1582 1239 1627 1282 en
1651 1218 1800 1302 Seneca,
1825 1218 1931 1303 Sym-

94 1355 97 1359 ’
198 1360 341 1440 macho,
370 1356 603 1439 Guintiliano,
636 1357 847 1439 Aristotele,
878 1358 1098 1439 Hippocrate
1128 1357 1225 1420 facta
1255 1358 1397 1439 reliquit
1429 1366 1465 1421 et
1496 1359 1762 1422 vocabularium
1790 1360 1932 1423 Latino·

200 1498 449 1563 Germanicum
473 1496 726 1580 conscripsisse
752 1505 897 1580 putatur
912 1498 946 1576 ²).

308 1640 382 1704 .Ex
405 1658 551 1701 numero
574 1658 704 1718 eorum,
729 1637 848 1718 quiin
872 1637 1085 1700 carminibus
1108 1637 1218 1699 sacris
1242 1637 1437 1700 scribendis
1452 1640 1698 1718 versabantur,
1723 1638 1928 1701 nominandi

198 1788 280 1842 sunt
295 1780 424 1842 Petrus
448 1780 492 1841 de
508 1777 727 1841 Rosenheim
751 1778 847 1859 prior
861 1777 1078 1840 Mellicensis
1095 1786 1131 1839 et
1146 1778 1353 1840 Leonardus
1369 1778 1520 1860 Peuger,
1544 1780 1623 1841 loco
1645 1777 1801 1859 equestri
1817 1786 1930 1857 ortus,

198 1919 356 1981 eiusdem
380 1917 583 1981 monasterii
606 1917 716 1980 frater
739 1917 980 1998 conversus3).
1027 1915 1183 1996 Quorum
1212 1916 1269 1978 ille
1297 1936 1460 1979 sermone
1483 1915 1625 1998 Latin0,
1655 1936 1816 1979 sermone
1841 1914 1930 1979 Ger-

197 2078 301 2119 mano
330 2058 386 2120 hic
419 2056 573 2119 carmina
598 2055 807 2137 composuit.
854 2052 981 2117 Cantui
1013 2073 1154 2137 quoque
1186 2055 1317 2117 chorali
1351 2054 1489 2136 artique
1521 2054 1676 2117 musicae
1706 2054 1863 2116 moribus
1894 2055 1930 2117 in

198 2197 421 2260 monasteriis
445 2195 643 2260 emendatis
667 2194 870 2277 diligentior
887 2215 971 2256 cura
987 2195 1241 2266 adhibebatur;
1266 2213 1336 2275 qua
1359 2195 1404 2257 de
1427 2215 1464 2257 re
1488 2194 1674 2276 scripsisse
1691 2206 1930 2257 memorantur

197 2334 380 2398 Conradus
397 2338 442 2399 de
459 2335 674 2418 Obernburg
681 2336 704 2417 ⁴)
722 2334 849 2397 Abbas
866 2343 902 2397 et
919 2333 1102 2398 Conradus
1119 2335 1438 2416 Norimbergensis,
1456 2335 1647 2397 monachus
1664 2335 1880 2398 Mellicensis
1895 2339 1929 2418 5).

974 2767 1080 2832 CAP.
1104 2769 1147 2830 ΙΙ.

326 3032 412 3097 Cum
435 3041 687 3114 tempestates,
719 3051 811 3113 quae
842 3031 1004 3094 doctrina
1027 3032 1230 3094 Lutherana
1262 3031 1297 3093 in
1328 3031 1447 3093 multis
1477 3032 1700 3094 monasteriis
1732 3044 1929 3128 commotae

196 3185 306 3255 erant,
331 3173 554 3252 cecidissent,
578 3172 648 3234 iam
671 3169 857 3252 pristinum
880 3169 1077 3233 litterarum
1101 3171 1255 3232 studium
1278 3171 1394 3233 redire
1419 3171 1547 3252 coepit.
1586 3172 1690 3253 Quod
1714 3171 1869 3235 studium
1893 3173 1929 3234 in

195 3312 355 3394 plurimis
378 3311 602 3374 monasteriis
626 3309 846 3374 Germanicis
870 3310 1054 3373 academia
1070 3309 1344 3394 Salisburgensi,
1368 3312 1461 3373 alma
1477 3321 1588 3374 matre
1604 3309 1929 3392 Benedictinorum,

196 3452 391 3515 excitatum
415 3461 484 3531 est,
509 3451 544 3512 in
570 3470 640 3532 qua
663 3450 728 3512 viri
751 3450 927 3533 ingeniosi
950 3470 997 3513 ex
1021 3451 1246 3514 monasteriis
1269 3450 1417 3533 singulis
1441 3450 1571 3513 delecti
1594 3471 1665 3513 non
1688 3452 1800 3513 solum
1825 3453 1929 3513 doce·

194 3591 282 3652 bant
305 3589 462 3671 iuvenes,
486 3590 550 3651 sed
574 3590 680 3652 etiam
698 3589 844 3671 clericis,
869 3588 930 3671 qui
945 3589 1128 3653 doctrinae
1144 3590 1367 3672 theologicae
1383 3592 1572 3671 vacabant,
1597 3591 1696 3652 velut
1719 3591 1854 3654 semina
1879 3593 1929 3654 in·

196 3732 372 3811 serebant,
397 3749 489 3811 quae
513 3730 632 3811 paullo
656 3738 738 3811 post
761 3729 796 3792 in
820 3729 918 3792 cellis
943 3729 1072 3811 quietis
1095 3732 1223 3793 uberes
1246 3731 1404 3793 tulerunt
1426 3730 1572 3794 fructus.

325 3867 477 3932 Saeculo
509 3888 650 3951 quoque
681 3869 800 3934 XVII.
833 3878 869 3932 et
898 3870 998 3933 initio
1029 3869 1162 3933 saeculi
1185 3869 1322 3933 XVIII.
1354 3869 1415 3933 filii
1446 3890 1472 3934 S.
1497 3870 1685 3934 Benedicti
1718 3872 1929 3954 praeprimis

196 4007 405 4090 disciplinae
440 4008 665 4090 theologicae
700 4016 735 4070 et
769 4008 960 4071 historicae
991 4028 1137 4090 operam
1169 4010 1353 4072 dederunt.
1399 4009 1598 4092 Disciplina
1629 4010 1831 4093 theologica
1863 4031 1929 4093 pro

196 4147 349 4228 ratione,
385 4167 490 4228 quam
527 4148 710 4210 academia
747 4145 1030 4230 Salisburgensis
1068 4151 1303 4231 sequebatur,
1338 4148 1520 4232 theologia
1554 4150 1768 4213 scholastica
1803 4160 1838 4214 et
1873 4153 1928 4215 ius

196 4286 477 4350 ecclesiasticum
503 4287 750 4350 continebatur
764 4287 798 4369 ⁶).
837 4287 1070 4372 Theologiam
1093 4288 1341 4351 scholasticam
1369 4290 1611 4369 praecedebat
1640 4307 1764 4352 cursus
1792 4292 1929 4353 schola-

195 4429 306 4491 sticae
330 4425 588 4508 philosophiae.
633 4427 826 4489 Doctrinae
853 4425 1121 4490 fundamentum
1150 4427 1349 4491 sententiae
1380 4448 1406 4493 s.
1431 4429 1587 4491 Thomae
1618 4437 1728 4491 erant.
1774 4429 1929 4491 Easdem

200 4601 501 4613 ————

327 4722 348 4804 Ι)
372 4721 571 4799 Ziegelbauer
594 4724 612 4780 l.
638 4743 663 4781 c.
689 4725 760 4791 111.;
785 4724 887 4801 Kropi
906 4726 925 4782 l.
950 4745 976 4783 c.

326 4835 349 4917 2)
371 4836 473 4914 Kropl
493 4838 511 4895 l.
536 4856 562 4895 c.

324 4947 348 5029 ³)
372 4952 473 5028 Krops
495 4952 512 5008 l.
537 4971 563 5008 c.

325 5060 348 5142 ⁴)
372 5063 573 5139 Ziegelbaucr
595 5065 613 5120 Ι.
638 5084 663 5121 c.
687 5065 739 5122 III.

326 5173 349 5255 5)
373 5179 474 5254 Kropi
487 5179 505 5235 l.
523 5197 548 5236 c.
573 5175 622 5233 Ab
639 5196 676 5234 eo
693 5181 807 5254 scripta
823 5191 870 5235 est
889 5178 1055 5251 „Reductio
1071 5178 1223 5253 gradualis
1240 5180 1269 5235 iu
1285 5179 1471 5247 latronibus,
1484 5180 1676 5257 Antiphouis‚
1693 5181 1787 5257 Kyrie
1803 5181 1928 5247 eleison,

198 5288 316 5359 Gloria,
340 5287 523 5365 Sequentiis‚
548 5290 729 5359 offertoriis
754 5290 1050 5349 Communionibus“.

325 5396 349 5482 ⁶)
372 5403 511 5469 Wemcr,
536 5402 720 5460 Geschichte
743 5403 797 5460 der
819 5403 1029 5462 katholischen
1052 5403 1232 5478 Theologie.

203 5704 358 5824 Α
