4178 6196
908 419 1188 506 -298-

264 627 316 684 111.
337 629 361 684 F
363 627 534 703 estgedicht
549 645 600 682 zur
615 627 714 683 hohen
730 628 819 684 Feier
834 625 888 683 der
903 624 1005 703 Jubel·

179 731 299 808 profess
320 730 368 788 Sr.
385 730 513 789 Gnaden
535 731 589 789 des
610 745 630 788 t.
651 751 681 808 p.
704 733 804 789 Herm
823 730 923 788 Abteu
945 732 1004 788 Ne·

178 855 372 913 pomucenus.
405 832 566 915 (Carmen.)
596 837 725 912 Pragae,
757 855 812 913 per
841 835 1004 893 Bellmanu.

180 938 270 1014 1878.
288 948 331 1014 4⁰.

262 1069 395 1144 Mdrei
419 1085 557 1162 (antea
572 1081 685 1160 Merl)
707 1082 927 1166 Augustus
947 1083 1005 1144 Io-

175 1199 1004 1283 sephus(des.MontePannoniae),Baiae,

176 1342 264 1386 com.
282 1322 384 1385 Bacs.
401 1323 436 1384 in
451 1322 638 1406 Hungaria
657 1322 715 1385 die
741 1342 787 1386 10.
803 1323 899 1406 Aug.
925 1326 1004 1400 1845

175 1454 290 1525 natus,
311 1464 338 1507 s.
358 1444 481 1507 habitu
503 1444 560 1507 die
583 1448 612 1507 8.
629 1443 729 1526 Sept.
752 1448 829 1507 1863
850 1443 1004 1525 indutus,

174 1577 260 1630 vota
283 1567 465 1630 sollemnia
488 1567 546 1629 die
568 1586 618 1647 ²7·
641 1567 705 1630 Iul.
732 1570 811 1646 1869
833 1566 948 1630 emisit
969 1576 1005 1630 et

175 1689 349 1752 absolutis
368 1688 404 1751 in
425 1710 451 1752 s.
469 1698 587 1752 monte
608 1708 635 1752 s.
652 1688 855 1771 theologiae
878 1688 1004 1752 studiis

176 1832 269 1876 anno
287 1816 367 1890 1870
379 1811 437 1874 die
450 1815 500 1875 26.
517 1811 581 1875 Iul.
597 1814 788 1894 presbyter
802 1811 918 1874 factus
938 1820 1003 1874 est.

175 1935 281 1997 Anno
304 1937 509 2013 1870—1871
537 1933 717 2016 professor
737 1954 857 2016 gymn.
878 1931 1003 1996 Coma-

174 2055 284 2136 romii,
306 2059 513 2135 1871-1875
531 2075 616 2118 vero
629 2053 811 2138 strigonii,
827 2056 894 2118 hoc
911 2073 1003 2117 anno

176 2199 202 2241 s.
220 2177 378 2240 ordinem
395 2176 561 2240 deseruit.
586 2176 752 2257 Scripsit:

261 2302 304 2358 Az
321 2303 399 2359 okor
419 2300 596 2377 mfiveltse'gi
620 2301 830 2359 tortoneteuek
850 2301 936 2358 rdvid
958 2301 1003 2357 ait·

175 2406 333 2464 tekintese.
355 2403 384 2485 (i.
399 2426 424 2463 e.
442 2407 627 2463 Breviarium
644 2407 788 2464 historiae
804 2407 923 2462 humani
942 2406 1003 2463 cul·

175 2524 222 2568 tus
251 2511 407 2587 civilisque
434 2509 647 2589 antiquorum.)
678 2512 711 2567 ln
739 2530 842 2588 progr.
867 2509 1001 2586 Strigon.

174 2635 276 2692 gymn.
297 2614 474 2690 1874-75.
500 2614 541 2674 8⁰.
566 2635 595 2692 p.
612 2630 728 2688 3-20.

261 2761 382 2860 Mtssry
420 2773 600 2837 Attilius
635 2775 836 2856 Iosephus
872 2775 938 2853 (de
974 2793 1000 2835 s.

174 2892 586 2973 MontePannoniae),
600 2891 635 2954 in
648 2890 902 2975 M.·Sziilgyen,
914 2911 1001 2955 com.

174 3014 331 3099 Strigon.
348 3014 383 3077 in
398 3014 585 3097 Hungaria
602 3013 659 3076 die
677 3017 705 3078 5.
719 3014 822 3077 Mart.
845 3020 923 3093 1884
941 3035 1001 3078 na-

173 3149 241 3219 tus,
266 3138 323 3201 die
351 3159 396 3199 11.
418 3135 517 3218 Sept.
546 3139 621 3199 1851
648 3156 675 3198 5.
696 3136 820 3200 habitu
846 3137 1000 3218 indutus,

173 3270 258 3323 vota
281 3259 464 3322 sollemnia
493 3258 550 3320 die
578 3279 628 3337 29.
652 3257 737 3320 Maii
768 3261 844 3322 1855
875 3259 1000 3322 emisit.

174 3382 360 3445 Absolutis
380 3382 416 3444 in
436 3401 462 3443 s.
480 3391 598 3444 monte
615 3400 641 3445 5.
658 3382 858 3464 theologiae
875 3382 1001 3445 studiis

174 3504 231 3566 die
248 3509 298 3566 31.
317 3504 411 3587 Aug.
433 3507 510 3582 1857
533 3504 732 3566 sacerdotio
755 3503 914 3567 initiatus
935 3514 1000 3581 est,

174 3645 220 3688 ex
237 3645 307 3706 quo
324 3627 369 3687 ad
386 3645 515 3687 annum
533 3629 611 3687 1862
626 3625 759 3706 Papae,
777 3625 903 3688 dehinc
916 3645 1001 3688 vero

173 3765 286 3827 usque
303 3747 457 3810 adhunc
474 3747 566 3809 diem
583 3746 713 3809 Iaurini
730 3746 847 3810 officio
864 3746 1001 3829 profes-

175 3868 265 3931 soris
282 3868 452 3952 fungitur.

261 3990 525 4072 Antiquitatum
553 3992 832 4055 studiosissimus
859 4001 1002 4073 praeter

173 4112 243 4175 alia
258 4112 394 4175 minora
409 4114 498 4176 haec
515 4112 671 4194 scripsit:

259 4239 282 4295 l.
307 4239 339 4294 In
366 4236 415 4295 lib.
441 4238 556 4314 period.
584 4237 722 4308 „Csaladi
744 4238 872 4315 lapok“:
904 4240 937 4310 a)
958 4238 1000 4294 Az

172 4343 261 4418 egely
272 4343 410 4417 angyala.
428 4341 567 4400 Vallasos
584 4341 768 4417 olvasma'my.
786 4339 816 4421 (i.
827 4361 854 4399 e.
867 4342 1002 4418 Angelus

174 4444 351 4524 religionis.)
379 4445 468 4520 1855.
498 4447 535 4502 ll.
562 4459 581 4502 t.
614 4446 645 4518 b)
668 4447 693 4502 A
719 4450 865 4521 genzanoi
895 4449 1001 4523 urnapi

171 4551 417 4628 viragiinnepely.
442 4547 471 4627 (i.
495 4569 520 4607 e.
546 4550 593 4607 De
616 4550 770 4608 floralibus
794 4553 823 4607 in
846 4550 1001 4608 Genzano.

176 4655 213 4715 18
260 4698 267 4712 .
292 4657 329 4712 ll.
349 4669 368 4713 t.

216 4670 296 4817 5⁷ll.
314 4762 347 4816 ln
361 4760 411 4817 lib.
425 4759 540 4836 period.
558 4760 714 4831 „Tanodai
729 4761 855 4836 lap0k“:
873 4764 905 4835 a)
921 4761 1001 4817 Guz-

173 4869 246 4923 mics
264 4866 377 4930 Izid0r;
402 4864 486 4921 Maar
502 4864 657 4930 Bonilacz;
681 4865 776 4940 Vajda
792 4863 894 4922 Samu.
918 4861 948 4943 (i.
974 4884 1000 4921 e.

174 5073 259 5142 ibid.;
277 5072 425 5131 Samuelis
438 5073 542 5148 Vajda.
561 5072 650 5147 1857.
665 5071 714 5152 ΙΙ.)
730 5073 761 5147 b)
773 5075 878 5150 Revay
890 5073 1001 5130 Miklos

173 5178 323 5254 eletrajza.
347 5174 376 5254 (i.
394 5197 420 5233 e.
438 5178 506 5234 Vita
523 5177 638 5234 Nicolai
656 5175 780 5256 Revay.)

1085 628 1166 682 tione
1182 628 1381 692 continentur,
1398 645 1459 702 quo
1480 626 1570 683 modo
1587 638 1752 684 tractentur
1768 628 1797 683 in
1812 644 1917 702 gymn.

1085 727 1240 808 inferiori.)
1261 728 1351 803 1858.
1368 730 1400 804 d)
1417 732 1580 806 Besseuyei
1597 730 1735 808 Gydrgy.
1752 727 1781 810 (i.
1799 750 1827 789 e.
1844 731 1917 789 Vita

1086 834 1213 910 Georgii
1231 833 1415 914 Bessenyei.)
1444 834 1533 893 1860.

1171 940 1224 997 III.
1248 941 1282 996 ln
1295 939 1387 997 libro:
1409 938 1550 1016 „lsjusagi
1563 940 1737 1009 Plutarch“,
1753 959 1844 1018 quem
1857 958 1916 996 una

1085 1062 1151 1100 cum
1173 1044 1292 1101 Thoma
1313 1045 1412 1119 Fussy
1435 1058 1465 1101 et
1485 1044 1611 1102 Claudio
1626 1045 1760 1120 Vaszary
1781 1044 1915 1119 redegit:

1085 1147 1189 1223 Garay
1204 1149 1306 1224 Ja'uros.
1334 1147 1425 1223 1858.
1450 1147 1542 1206 Szent
1557 1149 1644 1206 lmre.
1661 1147 1736 1206 Ibid.
1752 1146 1784 1228 (i.
1801 1168 1828 1207 e.
1846 1148 1917 1206 Vita

1086 1253 1207 1310 loannis
1222 1252 1326 1328 Garay
1342 1267 1373 1311 et
1388 1252 1420 1311 S.
1437 1251 1589 1332 Emerici.)
1612 1255 1735 1330 Agriae.

1172 1377 1221 1435 1v.
1246 1377 1279 1432 ln
1296 1375 1373 1433 libro
1400 1373 1506 1452 „Gydr
1525 1395 1632 1452 megye
1648 1377 1681 1434 es
1704 1376 1796 1434 varos
1819 1394 1914 1452 egye·

1084 1493 1179 1537 temes
1202 1479 1328 1537 leirasa“
1358 1478 1452 1560 (vide:
1483 1481 1582 1538 Feher
1604 1478 1723 1559 Hipp.):
1754 1482 1787 1555 a)
1809 1476 1913 1556 Gydr·

1084 1603 1191 1659 megye
1210 1584 1392 1660 allatvildga.
1417 1583 1447 1665 (i.
1470 1605 1496 1643 e.
1518 1586 1565 1643 De
1586 1585 1763 1643 animalibus
1784 1587 1813 1641 in
1835 1604 1912 1643 com.

1083 1687 1205 1767 laurin.)
1221 1709 1250 1765 p.
1272 1703 1448 1763 133—157.
1466 1690 1497 1764 b)
1509 1687 1687 1766 Cydrvaros
1700 1689 1797 1747 utczai
1813 1691 1848 1747 es
1862 1708 1913 1746 ne·

1083 1791 1264 1851 vezetesebb
1279 1794 1418 1870 epuletei.
1434 1794 1461 1851 A
1473 1791 1562 1871 gydri
1575 1794 1799 1871 szekesegyhaz
1811 1795 1912 1852 kines-

1084 1898 1158 1955 tara.
1180 1895 1332 1973 Gydrvar.
1360 1899 1388 1954 A
1408 1895 1495 1975 gydri
1520 1895 1740 1974 sdgymnasium
1764 1899 1911 1975 regeszeti

1083 2003 1302 2078 gydjtemenye.
1314 1999 1510 2079 Gydrmegye
1520 2001 1707 2060 mdemlekei.
1717 2000 1746 2081 (i.
1757 2002 1913 2060 e.Plateae

1084 2120 1114 2164 et
1139 2121 1243 2164 notatu
1267 2108 1405 2181 digniora
1427 2107 1564 2164 aedificia
1585 2108 1705 2164 laurini.
1733 2107 1912 2164 Thesaurus

1083 2213 1231 2269 ecclesiae
1244 2211 1360 2269 cathed.
1371 2213 1479 2269 laurin.
1489 2212 1628 2269 Castrum
1641 2213 1825 2269 laurinense.
1843 2212 1912 2269 Col·

1083 2295 1173 2374 lectio
1189 2320 1396 2392 antiquitatum
1418 2320 1447 2374 in
1468 2337 1569 2394 gymn.
1586 2319 1695 2375 lauria.
1719 2318 1913 2374 Monumenta

1083 2440 1160 2503 com.
1177 2418 1382 2498 laurinensis.)
1405 2442 1434 2498 p.
1452 2436 1634 2496 410—449.

1168 2528 1204 2585 V.
1229 2525 1388 2583 Arrabona
1404 2523 1535 2584 temetdi.
1559 2525 1588 2605 (i.
1607 2546 1633 2583 e.
1651 2527 1697 2584 De
1718 2527 1793 2584 locis
1809 2527 1911 2603 sepul·
2004 2553 2013 2565 ·

1084 2644 1168 2687 turae
1184 2628 1345 2708 Arrabon.)
1369 2632 1402 2687 ln
1420 2651 1524 2708 progr.
1540 2651 1641 2707 gymn.
1655 2633 1763 2688 laurio.
1787 2631 1912 2705 1875—

1087 2733 1177 2809 1876·
1201 2755 1230 2811 r·
1247 2750 1363 2809 3-73·

1168 2840 1219 2897 VI.
1236 2839 1396 2896 Pazmandi
1412 2840 1531 2897 Horvat
1542 2840 1644 2897 Endre
1658 2840 1732 2897 elet·
1748 2841 1782 2897 es
1795 2840 1911 2916 jellem·

1082 2944 1170 3020 rajza.
1200 2944 1355 3001 Szfiletese
1379 2944 1523 3001 szt'tzados
1547 2944 1795 3019 erlorduldjanak
1820 2944 1911 3003 5111Ιὲ-

1082 3049 1163 3105 kere.
1185 3046 1214 3126 (i.
1229 3067 1256 3104 e.
1269 3050 1338 3105 Vita
1351 3048 1492 3107 Andreae
1508 3049 1644 3106 Horvath
1656 3046 1912 3128 Pazmandeusis.)

1082 3154 1115 3209 In
1131 3171 1234 3230 progr.
1256 3173 1356 3229 gymn.
1377 3154 1486 3211 laurin.
1513 3152 1689 3228 1878-79.
1718 3174 1747 3231 p.
1770 3169 1910 3229 3—170.

1167 3301 1913 3397 MessererAloisiusmltenburgen-

1082 3429 1166 3512 sis),
1189 3431 1365 3513 Znoymae
1380 3430 1415 3492 in
1428 3430 1590 3492 Moravia
1604 3430 1661 3492 die
1675 3451 1724 3509 ²9·
1737 3431 1812 3494 Iun.
1831 3435 1910 3511 1783

1081 3564 1195 3633 natuS,
1220 3572 1246 3616 s.
1263 3551 1387 3615 habitu
1408 3551 1464 3614 die
1490 3557 1537 3615 18.
1555 3551 1633 3616 Oct.
1655 3557 1733 3615 1808
1755 3554 1911 3633 indutuS,

1082 3673 1264 3736 sollemnia
1281 3686 1365 3737 vota
1382 3675 1438 3736 die
1460 3695 1506 3753 19.
1525 3674 1603 3739 Oct.
1626 3678 1704 3737 1806
1722 3676 1849 3759 emisit,
1876 3687 1912 3739 et

1081 3796 1255 3860 absolutis
1271 3792 1407 3859 summa
1423 3817 1502 3860 cum
1518 3798 1624 3860 laude
1640 3797 1675 3859 in
1691 3798 1785 3862 univ.
1802 3799 1911 3862 Vien-

1081 3918 1180 3980 nensi
1198 3918 1325 3981 studiis
1344 3919 1566 4001 theologicis,
1590 3920 1789 3983 sacerdotio
1812 3921 1911 3985 inau-

1081 4050 1239 4122 guratus,
1257 4040 1314 4102 die
1335 4060 1381 4119 17.
1396 4041 1483 4123 Apr.
1504 4044 1582 4103 1808
1599 4040 1749 4124 primum
1761 4042 1841 4107 Deo
1856 4064 1911 4107 sa-

1082 4172 1304 4224 crosanctum
1317 4162 1445 4225 missae
1459 4162 1668 4226 sacrificium
1679 4165 1817 4230 obtulit.
1835 4166 1911 4228 Pri-

1081 4303 1175 4347 mum
1192 4286 1433 4367 cooperatoris
1450 4286 1484 4348 in
1501 4288 1588 4348 urbe
1604 4287 1704 4350 Horn
1725 4299 1761 4351 et
1780 4289 1911 4352 deinde

1082 4408 1127 4469 ab
1145 4427 1237 4470 anno
1258 4410 1427 4471 1815—20
1443 4407 1591 4488 parochi
1605 4409 1640 4471 in
1665 4407 1821 4493 Strogen
1837 4432 1911 4475 mu-

1082 4548 1165 4591 nere
1186 4528 1328 4593 functus
1349 4542 1413 4594 est.
1445 4530 1552 4594 Anno
1577 4535 1657 4594 1820
1676 4532 1712 4594 in
1733 4543 1911 4597 monaste·

1081 4650 1170 4731 rium
1183 4652 1279 4734 prior
1291 4665 1449 4733 vocatus,
1463 4654 1694 4716 Bertholdum
1705 4654 1909 4739 Reisinger,

1082 4793 1203 4836 senem
1234 4777 1401 4837 abbatem
1433 4795 1533 4837 suum
1564 4776 1815 4859 venerabilem,
1847 4797 1911 4859 per

173 4971 242 5028 Vita
263 4970 371 5027 Isidori
388 4969 538 5026 Guzmics.
569 4967 694 5042 1857.I
738 4970 881 5027 Bouilacii
906 4969 991 5025 Maar
1039 4888 1042 5017 Ι
1082 4898 1190 4958 breve
1207 4896 1350 4978 qnidem
1367 4907 1517 4978 tempus'
1535 4900 1599 4960 sed
1614 4917 1699 4962 vere
1713 4898 1812 4961 filiali
1829 4900 1910 4963 soli·

1040 5036 1042 5095 1
1082 5019 1237 5082 citudine
1253 5020 1341 5083 iuvit
1356 5019 1528 5102 fovitque.
1553 5021 1698 5083 Abbate
1716 5021 1910 5087 Bertholdo

808 5176 898 5252 ,353⁸
932 5180 959 5250 ί)
975 5178 1000 5234 Α
1039 5166 1041 5237 p
1082 5140 1250 5205 defuncto
1272 5144 1513 5225 subsequente
1534 5162 1626 5205 anno
1649 5145 1756 5225 (1821)
1779 5145 1837 5207 die
1859 5166 1909 5223 ²4·

175 5281 540 5357 termeszettudomanyok
562 5278 704 5339 etoadrsa
719 5301 753 5339 22
770 5283 1001 5359 algymnasium·
1040 5256 1042 5272 '
1081 5263 1155 5327 Ian.
1168 5264 1327 5327 Aloisius
1339 5268 1452 5328 abbas
1470 5265 1637 5329 canonice
1650 5267 1785 5329 electus
1798 5267 1909 5331 vitam

173 5386 242 5444 ban.
267 5383 297 5465 (i.
319 5406 345 5443 e.
368 5386 563 5463 Discipliuae,
588 5405 666 5463 quae
690 5401 813 5443 naturae
839 5389 1001 5463 investiga·
1040 5344 1043 5460 1
1082 5405 1223 5449 suorum
1239 5387 1344 5449 saluti
1360 5386 1508 5451 fratrum
1522 5387 1664 5469 dicavit,
1681 5389 1800 5470 nilque
1812 5390 1908 5453 aliud
