4178 6196
902 400 1184 486 ..ζώμ-

260 607 310 664 IV.
336 605 459 678 Predigt
483 624 529 660 am
552 603 696 661 Schlusse
718 605 771 660 des
787 605 894 681 Jahres
915 604 1005 677 1850,

173 711 314 786 gehalten
330 713 369 766 im
387 710 484 766 Dome
501 729 536 764 zu
553 709 742 783 Klagenlurt.
766 705 908 788 (801010.)
933 709 1005 767 Kla-

173 815 303 890 genlurt,
321 815 426 872 Druck
443 833 502 870 von
519 814 586 890 Joh.
603 815 699 870 Leon.
722 830 756 870 12
776 834 805 890 p.
823 814 865 872 8⁰.

260 939 296 995 V.
313 937 452 993 Versuch
470 939 552 992 einer
569 937 824 1010 Kennzeichnung
848 936 902 991 des
924 937 1007 991 Men-

174 1042 266 1099 schen
283 1043 327 1097 als
344 1043 450 1097 Natur-
468 1041 527 1096 und
540 1040 643 1096 Geist·
660 1041 735 1096 oder
751 1041 795 1096 als
809 1040 936 1097 Sinnen·
949 1041 1008 1097 und

174 1145 828 1203 17010001110000111111011110011001110100.
853 1140 882 1222 (1.
900 1163 927 1200 0.
945 1145 1008 1200 Ho-

174 1253 261 1307 minis
285 1270 346 1307 see.
370 1264 505 1306 naturam
530 1250 679 1324 duplicem
701 1247 884 1329 delineatio)
908 1250 1007 1317 Wien,

179 1355 269 1428 1864.
295 1356 398 1412 Druck
423 1356 482 1410 und
504 1356 617 1428 Verlag
641 1373 700 1409 von
723 1355 794 1410 Carl
818 1353 1002 1410 Gorischek.

179 1458 237 1533 156
255 1479 285 1536 p.
304 1459 346 1516 8⁰.

261 1606 311 1679 de
337 1604 540 1679 Stenitzer
572 1617 783 1679 Antonius
815 1616 1009 1697 (Admon-

175 1736 335 1816 tensis),
349 1734 616 1815 praenobilibus
626 1734 834 1815 parentibus
848 1733 883 1796 in
893 1731 1008 1795 Goess

175 1876 287 1938 prope
304 1857 476 1918 Leobium
500 1868 604 1918 natus
627 1861 656 1919 5.
673 1857 763 1919 Nov.
785 1860 876 1936 1750,
901 1856 1010 1917 musis

175 1988 211 2041 et
228 1980 384 2040 musicae
402 1978 604 2040 Admontes
621 1998 767 2059 operam
788 1979 1008 2059 impendens,

175 2112 261 2163 vota
277 2101 396 2162 emisit
413 2101 597 2162 sollemnia
618 2121 643 2163 1.
661 2100 725 2163 Iul.
747 2119 827 2179 1770
844 2109 880 2163 et
896 2101 1009 2182 primo

176 2223 276 2285 stetit
297 2224 343 2284 ad
364 2243 460 2284 aram
483 2228 534 2286 30.
552 2223 640 2303 Apr.
663 2227 752 2301 1775.
778 2222 1009 2285 Professurae

91 2368 94 2372 ⁴
177 2346 212 2407 in
221 2345 409 2427 gymnasio
420 2345 515 2406 domi
528 2346 692 2407 admotus
705 2346 852 2425 insuper
864 2365 1009 2407 munere

177 2468 336 2550 regentis
346 2467 443 2529 chori
451 2467 617 2549 fungens,
628 2468 801 2529 Leobium
815 2468 1010 2529 translatus

176 2590 356 2672 gymnasii
368 2590 501 2651 ibidem
515 2589 590 2672 egit
602 2589 842 2672 professorem
853 2600 888 2651 et
899 2590 1010 2652 direc-

177 2721 300 2776 torem.
330 2713 429 2776 Obiit
453 2715 597 2776 tandem
622 2713 732 2776 colica
758 2712 1010 2791 0131101707.
1049 2736 1052 2749 ·

266 2856 444 2931 Composuit
467 2856 485 2911 ὁ
507 2857 625 2924 Missas,
654 2872 664 2911 1
686 2856 842 2930 Requiem,
865 2856 1009 2923 Litanias,
1049 2770 1052 2905 h

182 2960 261 3015 1Te
283 2960 378 3016 Deum
400 2973 430 3016 et
451 2977 470 3033 4
488 2961 650 3036 Vesperas,
677 2979 756 3036 quae
776 2979 851 3017 vero
873 2962 1011 3017 incendio

177 3069 245 3122 anni
268 3064 344 3137 1865
364 3068 527 3141 perierunt.

265 3210 316 3283 de
341 3210 543 3284 Stenitzer
576 3222 785 3284 Henricus
818 3223 1011 3304 (Admon-

178 3339 341 3420 1011010),
369 3349 473 3401 natus
500 3339 628 3423 Styrus
653 3341 688 3403 in
712 3340 828 3404 Goess
857 3362 903 3405 10.
924 3342 1010 3403 Maii

183 3467 273 3542 1748,
291 3462 499 3543 religionem
512 3463 743 3524 monasticam
760 3462 944 3544 professus
962 3467 1008 3525 18.

177 3582 266 3643 Nov.
300 3590 397 3662 1704,
430 3583 605 3663 primitias
637 3584 833 3646 celebravit
866 3606 915 3647 20.
945 3585 1008 3647 Iul.

182 3722 271 3781 1772·
297 3702 534 3766 Concionator
550 3715 586 3767 et
602 3705 714 3786 praef.
736 3706 881 3787 hospitii
905 3707 1008 3787 domi,

1088 605 1281 661 katecheten.
1306 604 1410 674 Gratz,
1435 605 1584 680 gedruckt
1604 607 1656 662 mit
1677 605 1925 680 Leykamischen

1088 707 1249 764 Schriften.
1267 708 1302 765 8ο
1319 711 1388 765 min.

1174 813 1211 868 Il.
1237 813 1371 868 Chronik
1395 811 1449 868 der
1473 812 1576 869 Plarre
1600 813 1802 881 Altenmarkt,
1832 813 1925 872 1808.

1088 912 1118 992 (i.
1140 935 1166 972 e.
1184 916 1358 973 Chronicon
1376 918 1539 992 parochiae
1555 916 1696 997 Altenm.)
1713 920 1807 975 Mser.
1825 919 1855 974 in
1872 919 1925 974 At-

1089 1021 1248 1088 tenmarkt,
1266 1020 1422 1077 Abschrilt
1438 1023 1475 1077 im
1492 1020 1605 1077 Archiv
1621 1042 1656 1077 zu
1673 1022 1818 1079 Admont.

1177 1165 1299 1239 Stern
1327 1178 1502 1240 Carolus
1527 1177 1793 1263 (Scotensis),
1823 1179 1922 1245 Setz-

1089 1293 1172 1355 dori
1185 1293 1220 1355 in
1235 1293 1384 1358 Silesiae
1400 1294 1481 1356 vico
1497 1305 1602 1357 natus
1619 1296 1676 1358 die
1693 1298 1827 1361 11.Iun.
1843 1303 1922 1360 1815

1090 1424 1126 1478 01
1141 1416 1394 1478 monasterium
1413 1417 1596 1499 ingressus
1613 1429 1668 1480 est
1684 1419 1742 1481 die
1760 1440 1809 1496 14.
1823 1418 1923 1502 Sept.

1095 1541 1184 1616 1837.
1209 1537 1313 1600 Votis
1330 1538 1562 1600 sollemnibus
1579 1539 1637 1601 die
1655 1561 1704 1618 ²9·
1723 1540 1825 1622 Sept.
1843 1547 1924 1621 1840

1090 1658 1322 1738 nuncupatiS,
1352 1678 1431 1719 cum
1459 1678 1486 1721 s.
1510 1660 1714 1743 theologiae
1741 1663 1863 1724 studia
1889 1664 1923 1726 in

1048 1804 1051 1828 ι
1090 1779 1922 1868 univ.Vindob.coluisset,primitiasdie1.Aug.

1095 1905 1171 1978 1841
1192 1900 1396 1964 celebravit.
1422 1901 1529 1963 Haud
1553 1905 1664 1966 multo
1686 1916 1769 1985 post
1790 1906 1922 1968 anima·

1090 2042 1165 2083 rum
1198 2043 1303 2084 curae
1335 2023 1517 2104 addictus,
1546 2045 1625 2086 cum
1653 2038 1922 2109 cooperatorem

1090 2143 1225 2225 egisset
1256 2148 1422 2222 1843-45
1451 2145 1486 2207 10
1515 2145 1750 2229 Zellerndorf,
1779 2148 1863 2211 inde
1889 2151 1923 2211 in

1090 2267 1343 2328 monasterium
1352 2268 1477 2349 redux,
1489 2269 1602 2330 curati
1614 2278 1651 2330 et
1664 2271 1923 2334 concionatoris

1090 2387 1222 2449 ibidem
1239 2398 1361 2469 partes
1378 2390 1547 2472 suscepit,
1565 2411 1655 2472 quas
1672 2411 1785 2473 usque
1802 2395 1848 2454 ad
1865 2414 1924 2455 an·

1091 2529 1173 2571 num
1188 2514 1266 2572 1802
1282 2511 1510 2593 singulariter
1522 2513 1633 2574 tuitus
1647 2525 1711 2595 est,
1726 2514 1924 2595 intrepidus

1089 2632 1272 2713 religionis
1286 2633 1481 2695 catholicae
1495 2635 1662 2697 defensor
1675 2636 1709 2697 in
1722 2636 1924 2716 periculosa

1091 2753 1151 2816 illa
1168 2774 1260 2817 anno
1280 2760 1359 2833 1848
1382 2756 1540 2819 excitata
1561 2776 1677 2818 rerum
1700 2758 1923 2838 publicarum

1092 2877 1376 2939 commutatione.
1402 2878 1508 2940 Anno
1525 2898 1610 2941 vero
1634 2880 1842 2960 supradicto
1859 2901 1921 2963 pa-

1090 2999 1219 3059 rochus
1237 3008 1291 3061 est
1305 2999 1514 3081 designatus
1528 3000 1744 3082 Enzersfeld,
1762 3022 1833 3082 quo
1849 3023 1923 3065 mu·

1091 3139 1175 3181 nere
1192 3121 1374 3202 hucusque
1393 3122 1540 3204 egregie
1555 3123 1724 3206 iungitur.

1178 3243 1291 3324 Typis
1308 3243 1434 3305 edidit:

1178 3370 1200 3424 1.
1223 3370 1298 3425 Was
1323 3385 1417 3444 sagen
1441 3369 1554 3426 Schrist
1578 3370 1636 3426 und
1660 3370 1923 3447 Ueberlielerung,

1091 3473 1239 3529 Vernunlt
1255 3473 1315 3529 und
1331 3473 1504 3549 Erlahrung
1521 3475 1596 3531 dher
1612 3475 1659 3531 die
1677 3476 1787 3550 heilige
1800 3473 1923 3532 Beicht?

1091 3575 1120 3653 (1.
1138 3596 1163 3633 0.
1182 3578 1353 3634 Conciones
1370 3592 1432 3634 tres
1449 3578 1570 3635 habitae
1587 3580 1625 3635 de
1641 3593 1834 3637 sacramento
1851 3599 1923 3636 con·

1090 3680 1253 3760 sessionis.)
1276 3684 1420 3748 Viennae,
1449 3683 1540 3755 1840,
1565 3685 1645 3759 typis
1669 3684 1692 3739 1.
1715 3685 1747 3740 P.
1769 3682 1924 3758 Sollinger

468 3824 475 3837 .
1048 3824 1051 3845 ,
1091 3785 1207 3843 viduae.

177 3835 445 3904 cooperatorem
466 3845 501 3887 m
522 3827 719 3888 Kammern
744 3840 780 3889 et
803 3829 1009 3910 Kallwang,
1048 3858 1051 3883 t

1048 3910 1050 4007 )
1177 3893 1214 3948 ll.
1232 3893 1289 3947 Die
1302 3891 1502 3966 Versuchung
1514 3892 1584 3966 Jesu
1598 3891 1720 3961 Christi,
1737 3895 1767 3948 iu
1783 3894 1925 3950 vierzehn

176 3946 347 4008 Vicarium
364 3946 398 4008 in
412 3947 616 4029 Altoetting
634 3948 770 4010 &Han
787 3949 870 4030 egit'
896 3947 1010 4011 OOCO‘
1089 3997 1376 4072 lastenpredigten‚
1406 3996 1464 4052 den
1491 3997 1676 4053 kirchlichen
1704 3997 1763 4054 und
1787 3998 1924 4055 socialen

176 4067 329 4129 n⁰miam
347 4068 441 4129 domi
460 4079 495 4129 et
509 4068 590 4130 dein
603 4069 638 4130 in
651 4068 919 4131 Admontbfihel
936 4072 1009 4132 lau‘
1048 4158 1050 4170 ,
1090 4100 1376 4156 Zeitverhdltnissen
1398 4101 1559 4174 meglichst
1575 4100 1797 4176 entsprechend
1814 4102 1923 4176 ‹large-

177 4188 343 4252 dabiliter
358 4209 488 4271 regens
511 4190 638 4252 iterum
663 4192 708 4251 ad
734 4211 853 4252 curam
877 4192 1009 4254 anima·
1048 4180 1050 4247 1
1089 4205 1178 4260 01011.
1193 4202 1223 4284 (i.
1239 4224 1265 4260 e.
1280 4206 1451 4261 conciones
1464 4204 1741 4279 quadragesimales
1759 4204 1796 4261 de
1810 4204 1921 4262 Christi

176 4331 252 4372 rum
268 4311 455 4391 transiens,
472 4310 677 4391 parochiam
695 4312 957 4376 administravit
974 4314 1008 4376 in
1090 4311 1118 4363 in
1135 4309 1256 4365 deserto
1274 4311 1448 4376 tentatione,
1466 4309 1594 4365 dedicat.
1612 4310 1777 4365 Francisco
1789 4328 1869 4365 com.
1882 4310 1920 4366 de

175 4431 351 4513 Mautern,
376 4433 605 4496 Altenmarkt
632 4444 668 4495 et
693 4432 880 4498 Gaishorn.
910 4434 1008 4498 Obiit

175 4554 358 4635 professus
380 4555 553 4617 iubileeus
571 4556 666 4617 domi
683 4556 874 4638 apoplexia
891 4566 1008 4620 tactus
1047 4589 1049 4693 )

1088 4411 1278 4491 Ezterhazy.)
1302 4413 1445 4482 Viennae,
1474 4413 1564 4486 1852,
1592 4415 1620 4470 10
1644 4432 1751 4470 comm.
1771 4413 1923 4483 Kaulfuss,

1089 4518 1217 4573 Prandel
1235 4532 1265 4574 et
1281 4536 1380 4593 comp.

1176 4623 1227 4678 111.
1246 4622 1308 4678 Der
1324 4622 1514 4679 katholische
1528 4621 1639 4679 Ablass
1652 4624 1728 4678 nach
1742 4623 1924 4681 kirchlicher

178 4697 228 4754 ²9·
252 4674 352 4756 sept·
382 4679 472 4739 ¹8²5·
497 4677 603 4739 Anno
633 4697 712 4755 ¹774
738 4678 1009 4761 congregationi
1046 4712 1049 4819 )
1089 4727 1303 4801 Begrlindung,
1332 4727 1584 4801 geschichtlicher
1605 4727 1839 4802 Entwickelung
1863 4729 1922 4785 und

176 4816 202 4858 3·
219 4816 344 4859 rosam
361 4798 561 4860 Admontes
579 4809 754 4880 Praeerat·
1089 4829 1840 4910 wunderharerWirkung.(Deveniapeccatorum
1851 4852 1924 4890 con·

262 4940 284 4995 1.
309 4940 442 5013 Predigt,
468 4941 581 4997 welche
603 4943 632 4996 in
653 4942 707 4997 der
723 4941 835 4997 Kirche
857 4962 922 4997 zum
940 4942 1007 4998 heil.
1089 4940 1192 4993 ciones
1209 4936 1238 5004 8,
1261 4935 1357 4992 dedic.
1381 4937 1524 4992 Laurent.
1542 4938 1636 4993 Marc.
1659 4956 1737 4994 eom.
1755 4938 1921 5014 1101111007-

175 5044 270 5099 Franz
287 5047 389 5100 Xaver
406 5043 454 5101 bei
468 5044 658 5118 Einliihrung
677 5044 730 5100 des
744 5045 1008 5102 Armeninstitutes

176 5150 204 5202 in
220 5147 273 5204 der
289 5149 411 5204 kaiserl.
425 5148 540 5223 konigl.
558 5147 647 5205 Stadt
661 5148 789 5205 Leohen
805 5149 863 5204 den
876 5166 905 5222 4.
921 5149 1007 5224 Sept.

180 5251 257 5324 1785
292 5252 432 5326 gehalten
466 5252 599 5309 worden.
638 5250 778 5330 (801100.)
816 5253 884 5309 Von
919 5254 1008 5308 Pater

175 5353 317 5411 Heinrich
346 5355 514 5423 Stenitzer,
546 5356 660 5412 derzeit
687 5355 877 5412 offentlichen
906 5353 1008 5411 Stadt·
1046 5415 1049 5430 Ι

1089 5038 1230 5119 Miguos.)
1247 5040 1389 5108 Viennae,
1412 5041 1502 5113 1855,
1519 5044 1598 5117 typis
1615 5042 1651 5097 A.
1669 5041 1859 5116 Schweiger.

1175 5147 1224 5203 IV.
1257 5146 1429 5202 Conciones
1463 5149 1572 5222 primit.
1601 5166 1657 5203 nec
1684 5165 1745 5202 non
1772 5148 1918 5205 secundit.

1088 5254 1146 5308 Die
1161 5251 1360 5307 Ceremonien
1383 5250 1437 5307 der
1453 5253 1693 5308 Priesterweihe.
1717 5254 1778 5308 Zur
1800 5255 1919 5310 Primiz·

1088 5356 1163 5413 10101
1179 5356 1233 5411 des
1250 5357 1281 5411 P.
1300 5357 1409 5413 Paulus
1425 5357 1517 5412 Nuttil
1535 5353 1700 5436 (8001000.)
1721 5377 1769 5415 am
1792 5373 1921 5416 00001011
