4178 6196
873 443 1158 514 -115,

147 630 345 713 supplentis
360 648 506 692 munere
526 628 679 710 functuS,
701 648 766 710 per
786 629 975 693 triennium

147 753 356 816 candidatus
379 752 574 834 magisterii
598 751 633 813 in
654 752 748 816 univ.
765 751 918 815 Vindob.
940 753 975 815 in

145 876 341 938 litterarum
369 874 488 936 studia
516 873 689 954 incubuit,
716 874 844 955 quibus
871 876 975 936 abso·

145 999 226 1061 lutis
242 1017 335 1060 anno
357 1002 434 1076 1872
452 996 706 1078 professorium
726 996 867 1078 linguas
887 998 975 1057 clas-

146 1120 235 1183 sicas
248 1120 400 1182 docendi
412 1138 539 1181 munus
550 1119 694 1200 repetiit
705 1118 870 1198 idemque
883 1136 976 1180 anno

151 1246 227 1321 1878
245 1242 423 1304 convictui
439 1240 643 1304 monasterii
662 1238 975 1304 Seitenstadiensis

147 1374 199 1427 est
215 1364 429 1446 praefectus¹
455 1362 621 1445 Scripsit:

230 1507 607 1564 DerBencdictinerorden
620 1505 956 1563 unddieWissenschaf
969 1548 975 1561 .

146 1613 277 1687 Predigt‚
288 1612 427 1686 gehalten
440 1611 488 1668 bei
499 1612 700 1686 Gelegenheit
712 1611 767 1667 der
778 1611 975 1667 eilihundert-

141 1717 280 1792 jahrigen
307 1716 471 1792 Jubelseier
501 1717 556 1772 des
587 1715 694 1773 Stistes
722 1718 975 1772 Kremsmtlnster.

148 1818 176 1898 (i.
190 1841 216 1878 e.
231 1822 315 1878 Ordo
329 1821 589 1877 Benedictinorum
603 1833 633 1876 et
646 1821 774 1876 litterae.
791 1819 905 1876 Concio
923 1820 975 1874 ha·

144 1925 205 1983 bita
215 1926 386 1992 Cremilani‚
398 1946 464 1983 cum
478 1926 634 1982 sollemnia
643 1925 809 1981 saecularia
819 1924 976 1980 undecima

150 2032 235 2087 huius
251 2033 424 2088 monasterii
441 2026 625 2108 agerentur.)
642 2031 727 2096 Linz,
745 2030 860 2098 Quirin.
883 2026 973 2101 1878.

233 2212 409 2286 Gerbert
446 2212 509 2305 ab,
535 2212 710 2284 Homau
747 2177 974 2284 Martinus

146 2340 365 2422 (Princeps
386 2341 518 2402 abbas
534 2338 893 2422 San-Blasianus),
914 2360 975 2402 na·

144 2473 199 2524 tus
212 2472 268 2524 est
279 2462 425 2524 Horbae
438 2463 484 2525 ad
496 2463 663 2525 Nicarum
680 2463 824 2526 civitate
838 2500 876 2509 -
891 2473 975 2526 tunc

144 2585 327 2647 anterioris
336 2584 974 2667 Austriae—nuncWiirtembergiae

145 2708 200 2768 die
231 2727 279 2769 12.
307 2708 403 2789 Aug.
434 2726 529 2786 1720:
557 2707 666 2769 Pater
693 2707 870 2769 Antonius
899 2715 975 2770 erat

146 2830 301 2892 eiusdem
315 2830 469 2893 civitatis
483 2830 700 2911 capitaneuS,
711 2831 871 2911 patrinus
880 2830 974 2912 prin-

144 2971 227 3034 ceps
251 2953 365 3014 abbas
389 2952 565 3015 Murensis
582 2952 750 3015 Placidus
767 2953 973 3016 Zurlauben.

144 3076 317 3138 Puerulus
333 3078 350 3138 5
367 3095 538 3137 annorum
554 3075 712 3156 graviter
727 3083 906 3156 aegrotus,
923 3075 974 3137 in·

143 3198 267 3259 cendio
283 3197 381 3258 urbis
396 3197 534 3278 patriae
557 3207 711 3278 ereptus,
734 3205 861 3278 postea
880 3197 974 3258 rudi-

143 3329 260 3382 menta
272 3319 416 3402 linguae
428 3318 577 3381 Latinae
590 3318 751 3400 Ehingae
768 3319 973 3400 auspicatus

147 3451 215 3515 est;
236 3441 366 3503 deinde
386 3440 579 3503 translatus
599 3440 812 3522 Friburgum
828 3440 973 3523 Brisgo·

142 3564 223 3627 viae
250 3563 504 3646 grammaticae
532 3563 677 3625 navavit
704 3582 849 3644 operam
877 3565 973 3644 apud

142 3687 180 3748 P.
197 3686 237 3750 P.
260 3686 442 3748 societatis
463 3686 560 3766 Iesu,
587 3686 715 3767 quibus
740 3685 973 3748 renitentibus

142 3829 162 3869 a
177 3808 288 3871 fratre
304 3827 475 3890 germano
488 3808 679 3870 Francisco
696 3809 833 3871 occulte
851 3817 887 3870 et
901 3807 973 3870 fur·

141 3930 214 3992 tive
244 3931 344 4012 quasi
373 3933 418 3992 ad
445 3951 472 3992 s.
500 3931 658 3993 Blasium
690 3932 865 3993 deductus
895 3929 972 3994 fuit.

141 4052 354 4134 Magistrum
383 4052 508 4116 habuit
535 4053 575 4117 P.
604 4052 815 4135 Gregorium
842 4053 972 4134 Reble,

141 4174 348 4237 cultioribus
364 4174 491 4236 litteris
508 4175 574 4237 rite
590 4175 772 4256 imbutum,
794 4176 850 4237 cui
865 4175 973 4238 libros

141 4296 295 4378 Latinos
311 4297 479 4359 classicos
491 4298 700 4378 praesertim
713 4299 851 4361 occulte
868 4297 980 4373 surri·,

140 4421 228 4503 puit,
254 4431 289 4483 et
313 4419 349 4482 in
374 4421 562 4502 campanili
584 4421 814 4483 absconditos
837 4440 973 4484 recrea-

141 4543 275 4606 tionum
291 4543 386 4605 horis
408 4544 550 4623 evolvit,
570 4544 665 4606 haud
686 4544 870 4626 vulgarem
891 4544 972 4606 inde

143 4665 291 4728 Latinae
307 4666 451 4747 linguae
467 4686 568 4728 usum
581 4667 650 4729 iam
664 4666 698 4728 in
711 4666 841 4728 scholis
853 4667 973 4727 huma·

143 4787 299 4850 nioribus
327 4797 467 4870 nactus,
501 4809 606 4871 quem
637 4789 672 4851 in
703 4788 870 4870 operibus
898 4787 973 4849 eius

142 4911 240 4991 prelo
275 4910 470 4972 commissis
506 4911 695 4973 laudarunt
731 4911 835 4973 docti.
875 4911 972 4973 Duo·

142 5033 266 5096 dennis
288 5033 397 5115 igitur
410 5053 500 5115 puer
516 5042 684 5115 suscepto
700 5033 823 5096 habitu
839 5034 972 5115 togatis

142 5175 168 5220 s.
185 5155 295 5218 Blasii
312 5156 531 5218 scholaribus
547 5155 614 5219 fuit
629 5156 844 5239 adsociatus,
866 5166 902 5219 et
918 5176 972 5218 se-

142 5278 255 5341 decim
272 5299 441 5341 annorum
462 5279 599 5341 iuvenis
624 5298 717 5341 anno
743 5283 822 5357 1736
847 5280 904 5342 die
922 5284 971 5342 28.

1055 636 1129 689 turn
1143 624 1337 708 ingressus.
1353 625 1509 707 Expleto
1522 638 1614 688 anno
1627 623 1792 707 sequenti
1806 632 1884 706 1737

1055 747 1229 830 tyrocinio
1259 749 1385 810 eodem
1410 752 1461 811 28.
1486 746 1565 811 Oct.
1592 756 1677 811 vota
1704 748 1886 811 sollemnia

1055 870 1180 954 emisit,
1194 889 1305 931 annos
1317 870 1447 932 aetatis
1459 871 1595 932 habens
1612 890 1646 949 17
1658 890 1737 933 curn
1746 863 1889 934 duobus‘

1054 989 1246 1055 mensibus.
1259 991 1415 1054 Musices
1428 1003 1566 1056 amator
1580 1002 1615 1055 et
1628 994 1764 1075 peritus
1777 993 1888 1057 frater

1056 1113 1204 1176 clericus
1231 1115 1347 1176 adhuc
1374 1115 1499 1178 missas
1526 1115 1662 1197 aliquot
1688 1117 1886 1197 composuit

1056 1243 1165 1317 atque
1182 1233 1360 1298 offertoria
1381 1257 1446 1318 pro
1468 1237 1570 1301 festis
1585 1237 1727 1300 Domini
1749 1248 1785 1301 et
1806 1258 1887 1302 san·

1056 1367 1202 1440 ctorum,
1219 1378 1311 1440 quae
1328 1361 1538 1423 unacum'iis
1550 1361 1589 1425 P.
1603 1360 1761 1444 Remigii
1775 1363 1886 1424 Klee-

1057 1481 1164 1542 sattel
1176 1481 1272 1562 typis
1281 1482 1470 1563 Augustae
1479 1482 1744 1547 Vindelicorum
1753 1485 1886 1566 publici

1056 1601 1141 1662 iuris
1157 1601 1274 1664 factae
1290 1602 1400 1667 fuere.
1424 1603 1525 1667 Haec
1545 1603 1801 1668 offertoriorum
1822 1627 1886 1688 pu-

1055 1722 1199 1785 blicatio
1226 1725 1374 1786 multum
1398 1737 1525 1807 postea
1551 1727 1704 1790 animum
1728 1731 1883 1793 auctoris

1055 1844 1198 1926 afflixit,
1226 1846 1468 1912 fastidientem
1495 1851 1600 1914 immo
1625 1853 1886 1917 abominantem

1056 1966 1228 2031 eiusmodi
1244 1970 1413 2034 musicam
1435 1972 1747 2038 instrumentalem.
1771 1976 1885 2038 Theo-

1054 2090 1172 2171 logiae
1186 2093 1397 2156 candidatus
1409 2097 1697 2159 scholasticarum
1707 2098 1885 2179 quaestio-

1055 2230 1136 2272 num
1160 2222 1195 2274 et
1216 2214 1487 2295 sophisticarum
1504 2217 1670 2281 tricarum
1691 2238 1772 2281 osor
1787 2239 1885 2282 acer-

1055 2333 1173 2416 rimuS,
1195 2345 1308 2400 totum
1329 2340 1530 2422 theologiae
1548 2342 1782 2425 dogmaticae,
1805 2363 1885 2405 san·

1055 2465 1192 2519 ctorum
1204 2469 1344 2539 patrum
1356 2469 1392 2524 et
1404 2463 1630 2526 conciliorum
1643 2465 1761 2527 studio
1775 2484 1813 2527 se
1824 2466 1884 2526 de-

1055 2579 1117 2659 dit,
1134 2601 1281 2661 quorum
1298 2583 1440 2664 quidem
1453 2587 1639 2648 sententiis
1655 2586 1787 2650 referta
1803 2598 1885 2651 sunt

1056 2703 1174 2766 omnia
1195 2704 1270 2766 eius
1290 2725 1400 2786 opera
1417 2708 1627 2790 theologica.
1652 2710 1829 2774 Absoluto
1848 2711 1885 2773 in

1055 2825 1194 2888 scholis·
1205 2847 1310 2889 cursu
1329 2829 1540 2911 theologicO,
1565 2831 1707 2911 plenam
1729 2843 1883 2895 aetatem

1055 2948 1101 3008 ad
1121 2949 1358 3012 sacerdotium
1375 2970 1454 3012 cum
1470 2970 1540 3013 non
1556 2952 1715 3034 haberet,
1737 2954 1884 3016 ductore

1054 3069 1094 3132 P.
1111 3069 1302 3134 Laurentio
1315 3071 1443 3154 Gump,
1460 3075 1717 3138 mathematicis
1730 3075 1884 3158 discipli-

1054 3190 1108 3252 nis
1124 3191 1190 3254 rite
1207 3192 1405 3276 informato,
1423 3214 1567 3276 operam
1580 3197 1678 3259 dedit
1690 3197 1884 3262 arithmeti-

1054 3332 1117 3375 cae
1139 3323 1175 3376 et
1196 3316 1375 3397 algebrae.
1407 3318 1514 3381 Anno
1538 3340 1619 3399 1744
1644 3319 1701 3382 die
1725 3325 1776 3384 30.
1798 3321 1884 3384 Maii

1053 3437 1244 3517 presbyter
1264 3438 1457 3522 ordinatus,
1478 3440 1621 3503 biennio
1643 3451 1726 3524 post
1749 3443 1884 3505 theolo-

1053 3557 1149 3639 giam
1171 3560 1409 3641 dogmaticam
1430 3562 1625 3626 iunioribus
1647 3563 1884 3627 confratribus

1053 3682 1194 3743 tradere
1211 3683 1339 3764 coepit,
1361 3691 1397 3746 et
1417 3686 1581 3748 absoluto
1602 3706 1705 3748 cursu
1726 3685 1801 3750 fere
1823 3689 1883 3750 de-

1053 3822 1130 3864 cem
1146 3823 1326 3885 annorum,
1347 3805 1604 3869 bibliothecarii
1620 3829 1746 3871 munus
1768 3829 1810 3872 eo
1832 3811 1883 3873 lu-

1053 3925 1195 3988 bentius
1216 3946 1295 3989 cum
1311 3928 1523 4008 exceptione
1543 3950 1565 3991 a
1585 3932 1692 3993 choro
1712 3932 1881 4014 suscepit,

1053 4067 1123 4129 quo
1143 4047 1191 4109 nil
1210 4049 1259 4110 illi
1278 4050 1393 4111 carius
1412 4050 1666 4133 acceptiusque
1682 4051 1758 4135 fuit,
1776 4074 1882 4134 quam

1052 4171 1179 4233 studiis
1202 4192 1345 4241 vacare:
1370 4182 1478 4254 atque
1504 4174 1631 4236 abhinc
1654 4175 1763 4238 totius
1786 4177 1882 4239 vitae

1052 4303 1203 4376 tempuS,
1228 4295 1388 4376 exceptis
1408 4294 1603 4358 officiorum
1625 4297 1788 4379 negotiiS,
1812 4299 1882 4360 lec-

1053 4416 1140 4479 tioni
1152 4426 1188 4478 et
1201 4415 1385 4497 scriptioni
1396 4418 1608 4499 optimorum
1620 4419 1786 4481 librorum
1800 4438 1882 4482 con-

1053 4539 1216 4601 secravit.
1247 4539 1390 4601 Initium
1414 4540 1592 4603 scribendi
1618 4539 1704 4603 fecit
1730 4561 1752 4602 a
1778 4542 1881 4623 praxi

1052 4662 1213 4743 regulae,
1239 4682 1284 4723 ex
1312 4660 1450 4724 Gallica
1477 4663 1511 4726 in
1534 4663 1697 4726 Latinam
1723 4663 1880 4745 linguam

1052 4786 1234 4848 translata.
1259 4785 1482 4867 Adparatum
1500 4786 1628 4848 deinde
1649 4794 1685 4849 et
1705 4785 1879 4869 principia

1053 4908 1264 4990 theologiae,
1277 4909 1418 4990 aliaque
1432 4909 1613 4991 complura
1626 4928 1735 4991 opera
1747 4910 1881 4973 theolo-

1053 5031 1135 5114 gica
1151 5042 1187 5093 et
1201 5031 1369 5093 historica
1385 5030 1604 5112 conscripsit,
1623 5050 1770 5113 quorum
1787 5033 1881 5095 elen-

1054 5155 1140 5218 chus
1166 5154 1262 5237 typis
1286 5153 1479 5235 impressus
1503 5163 1650 5236 prostat.
1681 5154 1882 5237 Insigniora

1053 5298 1148 5360 ver0,
1166 5296 1258 5359 quae
1273 5286 1347 5339 tum
1365 5275 1573 5338 elucubrare
1594 5285 1630 5338 et
1651 5276 1757 5339 edere
1778 5296 1881 5358 para-

143 5400 220 5466 Oct.
246 5421 325 5463 cum
349 5421 475 5463 novem
500 5402 606 5464 sociis
631 5402 799 5464 studiosis
824 5403 972 5465 novitia·
1012 5414 1016 5474 1
1053 5403 1125 5482 bat,
1143 5419 1252 5482 opera
1267 5399 1381 5462 fuere:
1404 5400 1460 5462 De
1484 5398 1617 5461 musica
1638 5409 1674 5462 et
1696 5409 1802 5462 cantu
1824 5418 1881 5462 ec·

1459 5496 1465 5508 .
1623 5505 1673 5567 15*
