4178 6196
862 459 1136 521 -XIX-

118 689 375 752 monasterium
396 699 512 751 ortum
529 698 583 750 est
600 691 631 767 ¹).
671 689 776 749 Anno
798 706 878 762 1109
894 687 930 747 in
954 687 1065 747 densa
1081 685 1171 747 silva
1187 705 1299 768 prope
1317 687 1492 768 Iglaviam
1509 686 1658 749 abbatia
1675 687 1864 751 Trebicum

119 830 271 911 exstitit,
296 829 398 890 cuius
422 828 624 891 conditores
649 826 840 888 Udalricus
865 833 900 887 et
924 825 1096 887 Lutoldus
1120 825 1301 906 principes
1318 825 1501 887 Moraviae
1522 824 1633 887 fuisse
1658 825 1866 907 dicuntum).

119 968 237 1030 Huius
261 967 469 1030 monasterii
492 977 528 1029 et
544 965 733 1048 Raigradii
751 973 787 1027 et
804 962 963 1026 Gradicii
988 983 1098 1044 opera
1121 962 1302 1025 indelessa
1326 963 1549 1044 potissimum
1565 963 1729 1027 Moravia
1745 966 1865 1028 huma-

121 1107 235 1169 nitate
258 1105 372 1169 tincta
395 1115 461 1169 est.
498 1105 565 1166 His
590 1105 743 1185 denique
772 1123 854 1165 1120
869 1102 1128 1165 Willimovium
1151 1122 1264 1183 prope
1280 1101 1502 1165 Czaslaviam
1526 1102 1748 1184 principibus
1765 1105 1865 1185 Apo-

120 1247 293 1308 stolorum
318 1254 565 1307 consecratum
588 1242 750 1323 accessit,
776 1242 956 1304 conditum
973 1261 993 1302 a
1011 1239 1199 1303 Guilielmo
1217 1241 1357 1323 (Vilem)
1383 1241 1510 1304 comite
1535 1244 1579 1305 de
1596 1240 1782 1327 Sulzbach,
1805 1245 1865 1326 qui

122 1405 196 1446 una
221 1404 299 1446 cum
324 1383 435 1445 fratre
458 1382 663 1445 Hermanno
688 1381 828 1463 magnis
852 1380 1002 1442 fortunis
1026 1380 1062 1442 id
1086 1380 1321 1460 locupletavit
1335 1384 1370 1460 ³).

255 1548 334 1611 Hoc
351 1548 495 1610 saeculo
512 1548 618 1610 etiam
635 1547 745 1609 Porta
760 1546 1028 1626 Apostolorum,
1046 1544 1199 1627 Selavia,
1216 1545 1441 1608 Podlaiicum
1458 1547 1626 1609 abbatiae
1648 1547 1865 1611 constitutae

122 1700 218 1749 sunt.
258 1686 337 1768 Quo
361 1705 454 1747 anno
473 1694 509 1747 et
525 1705 545 1746 a
563 1685 690 1765 quibus
706 1684 816 1745 Porta
832 1682 1099 1764 Apostolorum,
1118 1703 1209 1764 quae
1233 1703 1360 1746 nomen
1384 1704 1405 1745 a
1428 1685 1587 1765 patronis
1610 1685 1743 1748 sanctis
1764 1687 1865 1768 Apo-

122 1826 227 1887 stolis
250 1824 402 1905 accepit,
427 1823 570 1886 condita
594 1821 648 1903 sit,
673 1841 738 1903 pro
763 1831 860 1884 certo
884 1822 992 1884 statui
1017 1841 1087 1884 non
1111 1833 1240 1903 potest.
1279 1823 1415 1886 Tamen
1438 1825 1616 1887 sententia
1640 1845 1772 1908 eorum,
1806 1825 1865 1907 qui

124 1964 340 2028 Sobeslaum
374 1964 499 2024 ducem
524 1961 742 2024 conditorem
770 1968 947 2041 statuunt,
978 1981 1144 2043 magnam
1175 1962 1284 2024 habet
1315 1962 1603 2042 probabilitatem
1617 1965 1649 2045 ⁴).
1690 1962 1795 2027 Certe
1819 1966 1865 2026 ab

124 2102 252 2164 eodem
279 2100 425 2163 abbatia
449 2098 667 2163 Selaviensis
700 2105 778 2178 1139
807 2099 951 2161 condita
985 2109 1040 2162 est
1054 2101 1087 2180 ⁵).
1133 2099 1274 2183 Neque,
1306 2102 1352 2162 ad
1384 2120 1473 2182 quos
1504 2101 1705 2165 conditores
1735 2103 1865 2165 Podla-

124 2241 237 2303 ticum
263 2260 289 2302 s.
314 2239 567 2322 Margarethae
596 2258 734 2302 sacrum
758 2238 984 2301 referendum
1008 2240 1067 2320 sit,
1100 2240 1187 2301 satis
1212 2250 1361 2302 constat.
1400 2241 1479 2302 Hoc
1503 2251 1623 2303 tamen
1646 2252 1864 2322 compertum

122 2381 309 2460 habemuS,
334 2398 412 2441 earn
436 2378 554 2458 priore
578 2377 776 2439 duodecimi
797 2378 929 2440 saeculi
950 2378 1093 2440 dimidio
1117 2378 1401 2459 praeposituram
1425 2380 1729 2443 Bievnoviensem
1753 2381 1864 2444 fuisse

123 2528 160 2578 et
196 2521 278 2595 1159
310 2537 331 2578 a
360 2516 560 2579 Wladislao
596 2534 682 2598 rege
714 2515 907 2578 Bohemiae
943 2517 989 2577 ad
1026 2516 1208 2579 abbatiam
1244 2518 1460 2581 monasterio
1492 2519 1751 2581 Bievnoviensi
1782 2522 1863 2582 sub-

122 2658 254 2719 iectam
278 2659 489 2737 productam
513 2675 593 2719 esse
607 2655 641 2735 ⁶).

257 2820 375 2883 Etiam
399 2819 528 2884 Silesia
551 2819 631 2882 filiis
655 2840 682 2883 s,
707 2820 894 2883 Benedicti
918 2820 1018 2883 initio
1042 2821 1173 2883 saeculi
1198 2821 1325 2884 decimi
1349 2820 1444 2883 tertii
1467 2829 1594 2901 aperta
1617 2831 1682 2885 est.
1720 2822 1776 2884 Ibi
1799 2824 1864 2886 Ca·

122 2960 266 3023 simirus
289 2960 465 3022 Miecislai
489 2959 589 3022 ducis
612 2958 705 3021 filius
733 2980 809 3022 1211
837 2959 1044 3022 Teschenae
1069 2960 1268 3041 monachis,
1301 2978 1389 3041 quos
1419 2979 1465 3021 ex
1494 2960 1862 3023 coenobio'Polonico

122 3100 224 3162 Tiniz
247 3118 360 3179 prope
383 3098 606 3160 Krakoviam
630 3097 699 3160 sito
723 3110 930 3181 vocaverat,
952 3099 1165 3161 domicilium
1188 3097 1277 3162 fixit.
1321 3104 1401 3176 1269
1425 3117 1510 3161 vero
1535 3101 1657 3161 sedem
1681 3098 1862 3163 Orlaviam

123 3238 384 3300 transtulerunt
399 3239 432 3317 ⁷).
470 3236 537 3299 His
554 3236 778 3299 monasteriis
795 3237 948 3318 denique
969 3243 1050 3315 1146
1066 3257 1196 3300 novum
1221 3238 1430 3301 coenobium
1455 3239 1714 3308 monacharum,
1739 3258 1863 3300 secun-

123 3377 209 3438 dum
234 3355 443 3457 Bohemiae,
472 3377 633 3439 additum
657 3386 730 3456 est,
759 3377 855 3457 quod
877 3375 987 3458 Iudit,
1011 3396 1102 3439 uxor
1124 3376 1314 3438 Wladislai
1338 3376 1448 3459 regis,
1472 3376 1621 3457 Teplicii
1654 3377 1864 3440 condiderat

122 3515 337 3596 magnisque
360 3514 511 3576 fortunis
535 3522 765 3576 exstruxerat
781 3513 815 3594 ⁸).

257 3679 382 3760 Itaque
414 3699 460 3741 ex
490 3698 646 3761 gemma,
682 3699 788 3760 quam
819 3699 846 3741 5.
871 3680 1091 3742 Adalbertus
1120 3661 1263 3742 condito
1291 3680 1506 3743 monasterio
1538 3679 1796 3743 Blevnoviensi
1828 3682 1864 3742 in

121 3833 219 3882 terra
244 3818 438 3881 Bohemica
462 3817 523 3897 993
549 3828 701 3900 severat,
725 3820 831 3881 arbor
854 3819 978 3898 patula
1002 3830 1222 3899 excreverat,
1247 3818 1346 3880 cuius
1370 3818 1475 3880 ramis
1498 3828 1571 3880 tres
1594 3829 1720 3901 terrae,
1745 3819 1863 3881 Bohe-

120 3959 203 4039 mia,
228 3957 401 4037 Moravia,
427 3955 556 4020 Silesia
580 3958 895 4021 obumbrabantur.

256 4122 403 4204 impigri
419 4121 482 4185 filii
500 4142 527 4186 s.
545 4123 733 4185 Benedicti
757 4125 803 4185 ad
819 4143 945 4185 munus
962 4143 1064 4185 suum
1081 4132 1320 4202 accesserunt,
1345 4132 1382 4186 et
1396 4124 1527 4185 multae
1544 4125 1651 4184 urbes
1667 4123 1863 4186 Bohemiae

115 4275 152 4326 et
178 4261 371 4324 Moraviae
397 4281 490 4324 nunc
514 4263 655 4343 amplae
679 4273 715 4324 et
737 4260 907 4324 florentes
932 4261 1053 4323 sudori
1079 4261 1278 4343 „nigrorum
1295 4262 1565 4324 monachorum“
1584 4273 1619 4324 et
1635 4261 1807 4344 originem
1825 4272 1863 4324 et

113 4473 437 4486 ...μ-...ψ

254 4623 275 4701 ι)
301 4623 393 4679 Frind
418 4623 436 4680 Ι.
462 4644 487 4680 c.
513 4624 535 4679 1.

252 4732 275 4812 2)
301 4735 401 4791 Dudik
426 4736 443 4791 l.
469 4754 495 4792 c.
520 4736 543 4792 1.

252 4845 276 4925 ³)
302 4846 511 4921 Ziegelbauer,
536 4848 615 4903 Hist.
641 4861 766 4903 monast.
791 4848 942 4904 Blevnov.
966 4841 970 4849 ’

252 4958 276 5039 4)
301 4960 359 5016 Alii
383 4973 502 5036 portam
520 4960 738 5036 Apostolorum
755 4979 774 5015 a
789 4959 899 5015 familia
915 4959 952 5015 de
968 4960 1166 5016 erowecen
1184 4958 1333 5015 conditam
1351 4976 1418 5013 esse
1435 4956 1626 5013 arbitrantur.
1649 4957 1673 5011 F
1676 4955 1740 5011 rind
1757 4956 1774 5012 l.
1794 4976 1820 5013 c.
1838 4958 1861 5013 Ι.

252 5070 276 5151 5)
302 5073 393 5129 Frind
417 5073 435 5129 Ι.
461 5092 487 5130 c.

255 5181 279 5265 ⁶)
304 5186 477 5243 Chronicon
500 5185 595 5242 breve
619 5187 769 5243 Blevnov.

250 5298 274 5376 7)
300 5299 416 5372 Heyne‚
441 5298 626 5354 Geschichte
650 5298 704 5355 des
728 5299 879 5355 Bisthums
903 5300 1037 5363 Breslau‚
1063 5300 1098 5354 ΙΙ.

251 5410 275 5490 ὅ)
301 5408 448 5478 Schaller,
472 5410 501 5466 T
503 5411 704 5487 opographie.
