4178 6196
907 434 1191 507 ‚—152—

180 622 377 706 magisterii
400 620 632 706 gymnasialis
655 622 739 705 egit,
763 624 876 685 donec
900 620 1008 686 dies.

181 745 266 809 Maii
295 749 373 825 1878
398 745 578 827 professor
604 744 782 828 gymnasii
810 744 1023 808 declaratus-

182 878 245 948 est,
263 887 284 929 a
300 886 370 948 quo
385 877 547 948 ternpore
561 866 598 929 in
613 867 801 950 gymnasio
813 865 1009 929 Mellicensi

181 989 401 1051 iuventutem
426 989 607 1052 historiam
639 990 874 1052 universalem
904 989 1009 1082 docet

181 1129 222 1173 ac
239 1108 413 1192 praefecti
429 1110 464 1173 in
480 1112 646 1174 convictu
661 1111 919 1193 archivariique
934 1130 1008 1173 mu·

180 1253 246 1295 nus
262 1233 346 1296 obit.
371 1230 536 1316 Scripsit:

267 1377 376 1432 Kaiser
392 1374 528 1434 Gratian.
553 1373 583 1454 (i.
604 1395 630 1434 e.
655 1377 701 1433 De
723 1379 907 1454 imperatore
929 1376 1008 1435 Gra·

180 1481 271 1545 tiano,
288 1480 458 1555 disquisitio
475 1477 639 1559 historica.)
657 1481 699 1538 lm
713 1480 940 1558 Jahresbericht
955 1482 1009 1540 des

180 1584 209 1640 k.
226 1585 256 1640 k.
274 1584 488 1660 Gymnasiums
504 1605 539 1641 zu
556 1585 637 1641 Melk
657 1583 748 1659 1879.
772 1586 816 1643 lm
836 1583 1008 1644 Selbstver·

180 1689 247 1763 lage
263 1688 317 1745 des
333 1688 556 1764 Gymnasiums.
573 1688 673 1757 Wien,
691 1688 795 1746 Druck
807 1707 867 1746 von
879 1690 1008 1766 Ludwig

180 1795 293 1868 Mayer.
312 1793 355 1851 8⁰.

261 1957 1006 2058 GumppIgnatius(San·Blasianus),

177 2096 281 2149 natus
302 2097 357 2150 est
372 2088 407 2155 in
423 2088 628 2172 Briilingen.
653 2087 788 2153 Studiis
808 2089 1008 2173 Salisburgi

177 2209 359 2292 absolutiS,
375 2210 509 2285 in,divo
522 2211 643 2275 Blasio
658 2212 795 2275 litteras
810 2214 1007 2278 humanita-

176 2331 222 2394 tis
250 2341 287 2394 et
313 2332 530 2415 theologiam
554 2353 618 2416 pro
641 2335 784 2417 ingenio
811 2335 903 2398 illius
926 2338 1006 2400 aevi

177 2455 339 2516 docebat.
365 2452 572 2518 Sacellanus
591 2457 876 2520 reverendissimi
896 2460 1006 2521 abba-

176 2575 222 2637 tis
238 2575 349 2638 Blasii
365 2576 427 2640 III.
445 2596 524 2639 curn
540 2596 583 2640 eo
595 2577 771 2641 Viennam
787 2587 824 2641 et
840 2579 908 2642 alio
925 2599 1005 2660 pro-

175 2697 291 2760 fectus
304 2707 368 2763 est.
384 2698 634 2769 Ratiocinator
646 2700 729 2763 dein
741 2710 778 2763 et
790 2720 1004 2764 oeconomus

175 2821 212 2883 in
228 2841 255 2884 s.
268 2821 399 2904 Blasio,
416 2841 458 2884 ac
474 2824 701 2905 praepositus
716 2823 753 2886 in
765 2823 893 2905 Berau,
909 2843 1004 2887 amo·

175 2962 249 3005 rem
279 2963 321 3006 ac
352 2944 636 3006 aestimationem
668 2944 883 3007 confratrum
912 2947 1003 3009 adeo

175 3066 243 3128 sibi
267 3067 477 3137 conciliavit,
505 3077 545 3129 ut
570 3066 666 3149 prior
695 3076 892 3130 conventus
915 3065 1003 3131 San·

175 3187 333 3249 Blasiani
357 3190 722 3269 expeteretur,.quod
746 3187 899 3252 officium
925 3210 1004 3252 cum

174 3311 276 3372 annis
300 3311 455 3392 quinque
479 3310 670 3393 tenuisset,
698 3311 1003 3394 exspectationem

174 3433 315 3495 abbatis
332 3444 368 3496 et
385 3432 600 3496 confratrum
616 3435 711 3496 haud
728 3434 815 3497 satis
831 3433 1001 3517 implevit.

174 3554 261 3618 Inde
285 3555 529 3618 Todtmosium
553 3558 764 3619 amandatus
792 3577 870 3621 cum
898 3559 1001 3623 titulo

174 3678 365 3759 superioris
382 3679 540 3742 eiusdem
555 3680 634 3761 loci,
651 3700 755 3761 quem
768 3681 881 3743 abbas
894 3681 1003 3744 Fran-

174 3799 288 3861 ciscus
304 3800 339 3863 in
355 3802 470 3863 locum
487 3802 687 3883 regularem
704 3803 856 3864 evehere
872 3822 1002 3885 propo-

174 3931 304 4004 suerat,
328 3922 421 3985 inter
443 3923 562 3985 varias
584 3923 847 3987 vicissitudines
869 3927 1001 3989 cultum

172 4044 461 4128 Thaumaturgae
477 4065 686 4128 promovere
699 4048 889 4110 admodum
905 4049 1002 4111 labo-

173 4168 274 4248 ravit,
291 4169 501 4251 praesertim
519 4170 562 4231 de
579 4170 717 4232 aerario
737 4170 830 4233 illius
850 4190 1002 4254 pauper-

173 4291 281 4353 rimae
299 4291 470 4353 ecclesiae
487 4293 647 4372 parando
668 4292 840 4374 cogitans.
863 4292 1002 4356 Decen-

174 4413 231 4476 nio
252 4413 392 4496 integro
413 4413 461 4475 ibi
482 4432 591 4496 aegre
612 4424 752 4496 exact0,
776 4416 1002 4497 praepositus

173 4537 208 4598 in
229 4536 402 4619 Biirglen,
427 4556 468 4598 ac
494 4538 605 4599 altera
628 4537 707 4599 vice
730 4537 765 4598 in
787 4537 918 4619 Berau,
943 4539 1002 4600 de·

154 4633 158 4640 ’
173 4679 266 4721 11111111
282 4638 318 4721 in
335 4656 531 4721 Gurtweihl
545 4656 623 4740 fuit,
645 4659 705 4720 ubi
721 4668 864 4740 praeter
881 4680 1002 4723 curam

172 4782 222 4844 rei
239 4781 431 4864 familiaris,
448 4791 585 4845 amator
596 4782 764 4845 historiae
777 4783 1000 4866 domesticae,

172 4905 207 4967 in
224 4925 267 4967 ea
279 4905 489 4966 elucidanda
501 4906 647 4967 multam
660 4905 834 4987 impendit
845 4925 1000 4989 operam,

172 5039 208 5091 et
224 5028 351 5110 omnia,
368 5045 460 5109 quae
477 5028 521 5088 de
533 5027 689 5108 prioratu
706 5036 742 5090 et
753 5028 1001 5109 praepositura

172 5151 206 5213 in
227 5150 396 5232 Biirglen,
416 5149 571 5229 itemque
594 5150 638 5211 de
659 5150 873 5212 monasterio
893 5150 1001 5233 virgi-

171 5293 253 5334 num
271 5282 306 5334 et
321 5270 571 5353 praepositura
586 5271 622 5332 in
638 5270 756 5333 Berau
779 5291 825 5347 ex
845 5271 1000 5353 antiquis

171 5394 313 5475 scriptis
337 5403 532 5475 repererat,
558 5395 808 5476 comportavit,
834 5405 870 5456 et
894 5403 1000 5476 prout

1089 620 1179 683 eain
1191 620 1394 683 memoriam
1407 629 1443 683 et
1456 621 1629 683 calamum
1642 630 1823 703 venerant,
1837 640 1919 684 con·

1088 742 1240 825 scripsit,
1257 743 1301 806 de
1315 742 1405 824 stilo,
1425 761 1542 805 rerum
1557 742 1648 805 serie
1666 751 1702 805 et
1719 743 1919 807 subtilitate

1089 884 1214 954 parurn
1233 865 1418 946 sollicitus,
1441 866 1641 928 laudandus
1664 874 1797 948 tamen,
1822 867 1919 948 quod

1088 988 1210 1050 labore
1227 1007 1292 1050 suo
1303 987 1569 1050 successoribus
1585 989 1757 1069 prodesse
1773 990 1919 1052 studue-

1088 1110 1143 1173 rit.
1175 1108 1393 1174 Gurtwihlae
1416 1109 1545 1174 iterato
1568 1111 1761 1194 apoplexia
1789 1121 1918 1194 tactuS,

1089 1252 1168 1295 cum
1184 1233 1230 1295 ad
1246 1233 1406 1315 gerenda
1422 1231 1529 1296 officii
1545 1234 1599 1296 sui
1615 1234 1760 1317 negotia
1782 1234 1919 1296 inhabi-

1086 1355 1156 1418 lem
1172 1374 1210 1418 se
1227 1364 1396 1436 cerneret,
1418 1356 1510 1419 ultro
1531 1357 1576 1418 ad
1597 1354 1822 1419 infirmariam
1838 1357 1873 1418 in
1890 1376 1917 1421 s.

1088 1477 1209 1540 Blasio
1226 1478 1405 1560 deportari
1422 1479 1536 1560 petiit,
1552 1478 1672 1560 ibique
1683 1477 1743 1561 pie
1756 1478 1845 1541 obiit
1862 1478 1919 1541 die

1091 1621 1139 1664 11.
1156 1600 1243 1682 Apr.
1265 1603 1356 1681 1763,
1372 1617 1466 1662 anno
1482 1599 1610 1663 aetatis
1629 1596 1708 1678 735⁰·

1175 1738 1380 1822 Sequuntur
1414 1739 1489 1801 eius
1525 1741 1767 1822 manuscripta
1802 1743 1919 1805 adhuc

1087 1862 1244 1926 residua:

1175 2008 1197 2063 Ι.
1214 2005 1427 2064 Sonnen-Aus-
1444 2006 1502 2062 und
1519 2006 1721 2082 Niedergang,
1742 2006 1818 2075 oder
1833 2020 1919 2064 ortus

1087 2124 1118 2168 et
1138 2129 1268 2170 occasus
1287 2130 1348 2168 von
1368 2131 1392 2169 s.
1409 2112 1541 2179 Blasien,
1566 2114 1618 2168 mit
1637 2112 1716 2168 allen
1736 2113 1840 2168 seinen
1857 2111 1919 2168 Ge·

1086 2215 1184 2274 bauen
1213 2215 1303 2291 1756.
1335 2217 1430 2275 Unum
1454 2218 1593 2274 volumen
1617 2219 1646 2273 in
1670 2216 1758 2283 lolio,
1783 2218 1920 2274 continet

1086 2319 1285 2398 paginas'613
1306 2321 1485 2378 adservatur
1508 2323 1537 2377 in
1561 2321 1685 2377 archivo
1707 2320 1919 2377 San-Paulano

1085 2428 1142 2483 No.
1160 2441 1232 2498 204.

1172 2530 1210 2588 ll.
1227 2529 1333 2587 Abbas
1345 2550 1369 2588 s.
1384 2530 1472 2587 Blasii
1486 2532 1695 2606 privilegiatus
1713 2529 1802 2604 1756.
1820 2531 1917 2588 Unum

1084 2633 1226 2691 volumen
1241 2637 1271 2690 in
1287 2633 1369 2701 solio,
1391 2637 1526 2692 continet
1542 2637 1668 2711 paginas
1686 2650 1757 2703 202,
1774 2635 1920 2692 adserva·

1085 2754 1133 2798 tur
1148 2743 1177 2797 in
1193 2740 1317 2796 archivo
1334 2738 1545 2796 San-Paulano
1562 2740 1619 2796 No.
1638 2755 1711 2813 205,
1735 2753 1764 2795 et
1782 2741 1918 2796 contine·

1084 2859 1132 2902 tur
1155 2847 1244 2901 etiam
1268 2845 1297 2900 in
1318 2843 1459 2900 Stanislai
1477 2843 1620 2901 Willberz
1643 2844 1848 2900 analectorum
1871 2857 1918 2899 to·

1083 2968 1132 3007 mo
1148 2950 1200 3006 Vl.

1170 3054 1223 3110 Ill.
1233 3053 1452 3129 Compendium
1465 3052 1619 3110 discursus
1632 3055 1769 3109 canonici
1784 3052 1821 3108 de
1835 3071 1919 3109 men-

1082 3177 1118 3215 sa
1133 3159 1325 3235 privilegiata
1341 3156 1462 3216 abbatis
1479 3178 1503 3214 s.
1521 3156 1611 3214 Blasii
1634 3171 1724 3230 1753.
1748 3157 1844 3214 Unum
1861 3175 1918 3213 vo·

1083 3264 1181 3320 lumen
1198 3266 1227 3320 in
1243 3269 1286 3334 4⁰,
1304 3264 1438 3319 continet
1454 3264 1581 3338 paginas
1602 3261 1671 3328 180,
1692 3260 1871 3319 adservatur
1888 3264 1917 3319 in

1082 3370 1206 3426 archivo
1222 3367 1435 3426 San-Fauiano
1451 3368 1508 3423 No.
1527 3366 1598 3435 260,
1622 3381 1652 3422 et
1673 3368 1762 3422 etiam
1779 3369 1917 3424 contine·

1083 3487 1130 3531 tur
1146 3476 1174 3530 in
1192 3472 1332 3530 Stanislai
1351 3470 1495 3528 Willberz
1511 3472 1717 3527 analectorum
1735 3485 1816 3528 torno
1833 3472 1886 3529 Vl.

1162 3596 1220 3653 -lV.
1249 3598 1307 3652 Pro
1332 3597 1485 3663 memoria,
1514 3594 1561 3675 die
1588 3594 1684 3650 uralte
1712 3613 1736 3651 s.
1760 3595 1914 3651 Blasische

1082 3701 1222 3758 Probstei
1239 3700 1417 3775 Biirglische
1433 3700 1588 3755 historiam
1606 3699 1706 3755 klarer
1727 3699 1786 3755 und
1807 3698 1915 3757 besser

1082 3807 1158 3863 nach
1183 3807 1237 3862 der
1259 3805 1396 3881 Jahrzahl
1420 3824 1456 3859 zu
1479 3804 1653 3861 verstehen.
1682 3803 1861 3860 Continetur
1885 3807 1913 3860 in

1082 3910 1223 3968 Stanislai
1241 3908 1384 3967 Wiilberz
1401 3909 1606 3965 analectorum
1623 3921 1705 3964 tomo
1722 3908 1772 3964 Vl.
1790 3928 1819 3984 p.
1837 3923 1911 3982 390.

1169 4034 1204 4090 V.
1223 4033 1282 4089 Pro
1299 4034 1452 4089 memoria.
1470 4031 1537 4088 Von
1550 4031 1605 4086 der
1618 4031 1750 4087 Kirchen
1766 4050 1801 4086 zu
1819 4032 1915 4107 Biirg·

1082 4138 1138 4195 len.
1163 4135 1238 4194 lbid.
1257 4151 1288 4192 ut
1305 4155 1397 4212 supra
1414 4155 1442 4212 p.
1460 4134 1533 4209 396.

1170 4283 1496 4379 Guppenberger
1525 4294 1781 4358 Erenbertus
1811 4295 1915 4378 (Cre-

1082 4413 1349 4494 mifanensis),
1372 4414 1460 4476 ads.
1477 4413 1614 4477 Mariae
1635 4415 1670 4476 in
1689 4414 1836 4478 Austria
1857 4435 1914 4478 su·

1082 4536 1222 4618 periore
1245 4535 1302 4598 die
1331 4556 1356 4600 1.
1383 4534 1487 4598 Febr.
1517 4540 1596 4598 1836
1621 4546 1725 4600 natus
1748 4537 1914 4619 frequen·

1082 4670 1157 4723 tato
1185 4678 1249 4740 per
1276 4668 1356 4721 octo
1385 4676 1496 4720 annos
1528 4659 1716 4742 gymnasio
1744 4658 1913 4723 Cremifa·

1081 4781 1181 4845 nensi
1193 4781 1229 4844 in
1241 4781 1401 4843 alumnos
1414 4780 1592 4842 seminarii
1606 4781 1820 4863 episcopalis
1830 4781 1912 4845 Lin-

1081 4904 1210 4968 ciensis
1237 4922 1330 4965 anno
1362 4906 1443 4981 1854
1476 4913 1665 4985 cooptatus
1692 4905 1798 4985 paulo
1830 4916 1912 4987 post

1081 5025 1318 5090 Cremifanum
1334 5025 1439 5088 rediit
1459 5034 1495 5088 et
1516 5026 1573 5088 die
1594 5048 1624 5104 4.
1641 5025 1730 5089 Nov.
1752 5027 1910 5089 eiusdem

1080 5149 1162 5212 anni
1200 5148 1398 5212 tirocinium
1440 5147 1638 5221 inchoavit;
1678 5149 1910 5228 quadriennio

1080 5271 1281 5354 theologico
1304 5271 1340 5334 in
1363 5270 1521 5334 Canonia
1546 5292 1571 5332 S.
1597 5270 1752 5334 Floriani
1780 5271 1911 5333 eximia

1079 5413 1159 5457 curn
1181 5395 1286 5456 laude
1307 5394 1471 5456 absoluto
1495 5403 1531 5455 et
1555 5394 1612 5456 die
1638 5415 1688 5472 29·
1706 5394 1800 5475 Aug.
1829 5396 1909 5455 1858
