4178 6196
932 483 974 494 -
1018 447 1140 512 LXIV
1184 484 1229 496 -

339 673 380 736 In
404 673 532 736 ceteris
549 673 742 737 Bohemiae
765 682 803 737 et
817 673 1001 737 Moraviae
1024 675 1257 758 monasteriis,
1282 675 1398 737 sinon
1415 673 1603 757 gymnasia
1619 685 1721 738 erant
1737 675 1944 756 constituta,

209 823 250 874 ut
273 812 497 876 Braunaviae
520 822 556 875 et
572 810 796 895 Cladrubiae,
820 822 857 876 at
872 812 995 875 schola
1017 813 1278 876 monasterialis
1302 823 1338 876 et
1360 832 1512 894 parvum
1527 813 1754 876 seminarium
1771 833 1946 895 nusquam
1976 848 1980 852 -

213 953 345 1014 deerat.
377 950 566 1034 Raigradii
584 950 727 1031 quidem
744 952 838 1015 circa
854 971 984 1015 annum
1004 955 1083 1015 1663
1101 960 1245 1033 praeter
1260 971 1400 1035 pueros,
1426 953 1486 1034 qui
1509 954 1555 1016 ad
1578 953 1699 1016 munia
1721 972 1824 1016 sacra
1847 952 1947 1016 insti-

211 1101 403 1172 tuerentur,
427 1090 534 1152 etiam
557 1090 617 1152 alii
641 1090 827 1153 erudiendi
851 1074 1172 1172 excipiebantur0).

983 1437 1088 1503 CAP.
1112 1439 1176 1503 111.

342 1646 456 1710 Maria
492 1647 664 1710 lberesia
697 1648 922 1729 imperatrice
956 1668 1035 1711 cum
1073 1668 1204 1731 magna
1238 1658 1334 1710 esset
1369 1647 1465 1711 facta
1502 1668 1617 1711 rerum
1655 1647 1949 1711 scholasticarum

211 1785 371 1868 mutati0,
396 1786 501 1848 etiam
525 1787 669 1849 scholae
692 1786 1005 1850 Benedictinorum
1029 1785 1299 1850 Austriacorum
1322 1786 1474 1869 pristina
1497 1806 1614 1850 rerum
1637 1785 1842 1850 conditione
1865 1788 1947 1868 plus

212 1924 373 1987 minusve
397 1935 506 1988 exuta
528 1926 575 1987 ad
598 1944 726 1988 novum
750 1925 908 1988 ordinem
931 1926 1109 1989 adductae
1132 1937 1229 2007 sunt,
1258 1936 1401 2009 praeter
1429 1936 1568 1989 ceteras
1596 1925 1813 1990 universitas
1836 1924 1946 1989 Salis·

211 2063 410 2146 burgensis.
456 2064 611 2127 Decreto
643 2064 736 2127 enim
767 2064 883 2128 aulico
913 2083 1005 2127 anno
1033 2071 1113 2145 1754
1144 2066 1241 2130 edito
1274 2076 1416 2130 cautum
1440 2074 1505 2147 est,
1536 2084 1582 2127 ne
1614 2067 1766 2128 abbates
1799 2063 1948 2128 clericos

212 2202 406 2264 studiorum
430 2203 710 2285 theologicorum
735 2222 844 2265 causa
866 2203 1047 2266 mitterent
1069 2204 1105 2266 in
1129 2214 1297 2268 externas
1320 2202 1571 2266 universitates
1587 2203 1645 2266 vel
1661 2204 1698 2266 in
1715 2202 1811 2266 aliud
1828 2216 1965 2266 mona-¹

212 2341 368 2421 sterium,
393 2352 501 2422 atque
525 2353 564 2404 ut
587 2344 757 2406 abbatum
781 2343 933 2406 maiores
957 2343 1212 2426 (,griisseren“)
1237 2345 1363 2407 saltem
1386 2344 1500 2424 binos,
1525 2343 1679 2406 minores
1696 2342 1947 2426 („kleineren“)

141 2502 144 2507 ·
211 2480 337 2542 saltem
357 2479 517 2562 singulos
537 2480 684 2543 clericos
707 2481 888 2545 mitterent
915 2482 949 2545 in
975 2481 1244 2545 universitatem
1261 2482 1585 2566 Vindobonensem,
1606 2481 1666 2545 ubi
1691 2483 1874 2545 doctorum
1897 2481 1950 2542 in·

212 2619 328 2701 signia
351 2629 604 2700 promererent,
627 2639 693 2682 nec
709 2621 861 2702 amplius
884 2621 983 2685 licuit
1006 2621 1121 2685 thesin
1145 2623 1251 2684 ullam
1274 2631 1335 2684 aut
1359 2621 1637 2703 disputationem
1660 2621 1758 2704 typis
1782 2620 1948 2700 exscribi,

212 2767 404 2840 antequam
427 2758 679 2840 prodirectoris
696 2759 937 2822 universitatis
955 2757 1245 2822 Vindobonensis
1269 2758 1399 2822 iudicio
1424 2770 1520 2823 esset
1541 2761 1704 2841 probata.
1735 2759 1843 2821 Anno
1868 2778 1946 2838 177²

195 2926 197 2930 >
213 2900 394 2962 decretum
408 2909 472 2978 est,
487 2899 658 2981 quidquid
675 2900 719 2961 de
735 2899 886 2961 materia
901 2918 1002 2961 sacra
1018 2899 1188 2980 scriptum
1205 2911 1311 2980 esset,
1327 2911 1367 2963 ut
1379 2898 1697 2962 commentationes
1713 2897 1948 2980 theologicae,

213 3037 416 3117 conciones,
447 3037 527 3100 libri
559 3056 686 3119 preces
717 3049 753 3099 et
780 3036 935 3099 carmina
961 3056 1063 3099 sacra
1090 3038 1311 3101 continentes
1343 3048 1420 3119 etc,
1453 3036 1521 3100 nisi
1552 3055 1737 3099 censuram
1768 3036 1949 3117 publicam

212 3176 382 3240 subiisset
404 3186 512 3257 atque
535 3186 620 3238 nota
645 3175 909 3257 „Imprimatur“
934 3176 1141 3259 insignitum
1164 3185 1270 3258 esset,
1294 3197 1339 3239 ne
1362 3177 1462 3257 prelo
1486 3176 1762 3239 submitteretur.
1798 3174 1948 3239 Sublato

213 3316 369 3399 quinque
398 3315 499 3377 annis
522 3325 605 3396 post
628 3315 745 3396 priore
775 3317 919 3378 decreto
943 3336 1156 3398 quamquam
1184 3316 1398 3379 monasteria
1424 3316 1593 3379 Austriae
1608 3280 1813 3396 superioris
1841 3323 1949 3395 atque

215 3455 422 3518 dioeceseos
443 3452 729 3536 salisburgensis
752 3454 933 3518 redierunt
955 3455 991 3518 in
1015 3455 1223 3518 societatem
1247 3455 1489 3519 universitatis
1513 3453 1807 3537 salisburgensis,
1831 3466 1950 3517 tamen

214 3605 334 3657 cetera
349 3594 564 3657 monasteria
581 3614 680 3656 suam
698 3595 865 3676 quodque
880 3594 975 3656 viam
991 3595 1155 3678 ingressa
1171 3605 1263 3660 sunt.
1287 3595 1363 3657 Aut
1379 3594 1471 3657 enim
1485 3592 1690 3674 domestica,
1705 3613 1796 3675 quae
1809 3563 1948 3674 vocant,

214 3733 331 3795 studia
354 3733 557 3815 theologica
580 3733 866 3814 instituebantur,
890 3744 930 3795 ut
951 3733 1096 3796 Mellicii
1112 3735 1146 3815 ²),
1171 3731 1352 3814 Gottvicii,
1369 3731 1610 3814 Seitenstadii,
1628 3731 1868 3814 Altenburgii,
1888 3741 1950 3794 aut

214 3871 332 3934 clerici
355 3872 390 3934 in
414 3872 681 3935 universitatem
694 3871 1008 3935 Vindobonensem
1031 3873 1089 3935 vel
1104 3859 1323 3954 Pragensem
1343 3871 1585 3951 mittebantur,
1609 3880 1648 3934 ut
1665 3870 1851 3935 Scotorum
1864 3870 1950 3933 Vin-

214 4009 470 4072 dobonensium
501 4019 537 4072 et
567 4011 860 4073 monasteriorum
891 4009 1172 4073 Bohemicorum.
1215 4007 1288 4073 Sed
1316 4009 1512 4072 domestica
1539 4009 1598 4071 illa
1627 4009 1755 4090 studia,
1785 4028 1876 4089 quae
1903 4028 1950 4070 ex

215 4148 359 4211 decreto
383 4149 610 4229 imperatorio
633 4169 726 4212 anno
746 4170 828 4231 1770
851 4151 896 4212 ad
920 4150 1038 4211 studia
1060 4149 1262 4231 theologica
1277 4149 1521 4211 universitatis
1537 4148 1825 4212 Vindobonensis
1849 4159 1951 4210 erant

214 4286 433 4351 conformata
450 4289 620 4353 institutis
637 4290 779 4371 Iosephi
796 4289 839 4352 ΙΙ.
857 4290 954 4352 iussu
971 4308 1063 4352 anno
1081 4293 1160 4369 1783
1178 4288 1376 4351 seminariis
1389 4288 1619 4370 generalibus
1635 4289 1670 4352 in
1687 4288 1834 4351 urbibus
1850 4287 1950 4350 nobi-

213 4427 356 4491 lissimis
376 4448 458 4490 mox
479 4448 558 4491 esse
579 4429 769 4493 desierunt.
798 4428 988 4492 Francisco
1005 4430 1049 4492 II.
1067 4429 1282 4510 imperatore
1302 4428 1500 4491 seminariis
1520 4426 1670 4489 sublatis
1691 4427 1810 4489 studia
1831 4427 1951 4489 dome·
2037 4407 2044 4421 ⁹

214 4567 303 4629 stica
319 4577 488 4631 revocata
504 4579 586 4633 sunt
605 4580 714 4651 atque
730 4579 935 4632 manserunt
949 4588 1063 4650 usque
1079 4570 1125 4631 ad
1140 4589 1270 4632 annum
1288 4573 1377 4651 1813,
1399 4587 1469 4650 quo
1490 4587 1536 4630 ex
1554 4569 1699 4630 decreto
1720 4566 1949 4648 imperatorio

218 4735 521 4748 ———-—.—

214 4843 447 4900 Bievnoviense.
494 4844 523 4900 ls
547 4845 642 4899 virum
667 4844 738 4898 iuris
761 4843 984 4918 peritissimum,
1008 4842 1182 4899 Anselmum
1207 4843 1323 4917 Desing
1345 4841 1603 4898 Ennsdoriensem
1628 4857 1645 4896 e
1668 4839 1835 4895 Palatinatu
1856 4857 1948 4914 supe·

214 4957 308 5023 tiore,
341 4958 495 5013 Oliverum
526 4957 680 5032 Legipont
710 4975 727 5012 e
758 4958 940 5012 monasterio
973 4976 996 5012 s.
1020 4957 1139 5012 Martini
1165 4955 1328 5023 Coloniae,
1361 4954 1534 5012 Udalricum
1559 4954 1663 5011 Weiss
1689 4952 1881 5009 Ursinensem
1910 4951 1948 5007 ad

214 5067 347 5125 eiusdem
371 5071 414 5124 rei
438 5068 567 5124 studium
592 5069 741 5145 perduxit.

344 5179 365 5260 ¹)
390 5181 491 5237 Dudik
514 5182 532 5238 l.
557 5202 583 5238 c.
608 5183 645 5240 11.
675 5194 677 5198 ⁴

343 5292 365 5373 2)
396 5294 516 5350 Mellicii
540 5292 637 5351 abbas
665 5295 835 5369 Gregorius
855 5312 883 5350 a.
912 5292 992 5367 1684
1021 5293 1206 5367 theologiam
1230 5306 1260 5348 et
1282 5252 1506 5368 philosophiam
1531 5289 1944 5368 speculativamtradendam

213 5420 383 5464 curaverat·
