4178 6196
832 476 874 485 —
919 439 1089 503 LXXXI
1135 478 1175 487 —

263 669 481 750 Liuphramo
505 677 650 731 auctore
666 668 757 731 liber
774 669 974 752 „Excerpta
991 669 1035 729 de
1052 668 1244 730 moralibus
1261 665 1426 748 Gregorii
1442 687 1550 750 super
1565 668 1649 730 Iob“
1675 683 1870 752 conceptus

133 818 198 887 est,
225 809 287 890 qui
311 808 510 870 absolvitur
532 807 630 870 hisce
654 807 834 870 versibus:

554 1010 632 1081 „Qui
658 1011 739 1085 legat
761 1010 840 1068 hunc
864 1010 970 1068 librum
996 1012 1075 1068 dicat
1100 1030 1177 1085 rogo
1201 1024 1326 1087 pectore
1350 1029 1444 1086 puro:
1520 1021 1527 1035 ·

552 1124 737 1201 Liuphramo
761 1125 879 1180 veniam
904 1123 1051 1180 scelerum
1074 1123 1111 1179 da
1135 1124 1256 1180 Christe
1280 1141 1447 1198 precamur,

552 1236 627 1293 Cum
651 1238 823 1310 sanctisque
847 1237 905 1292 tuis
930 1235 1039 1291 celsam
1064 1236 1210 1310 perducet
1233 1237 1261 1291 in
1284 1235 1381 1291 aulam

551 1348 651 1422 Atque
676 1348 715 1404 illi
739 1361 891 1404 aeternam
915 1347 1031 1403 tribuas
1054 1349 1203 1422 attingere
1226 1350 1326 1412 uitam.

550 1462 619 1519 Hoc
643 1480 721 1538 opus
744 1463 881 1518 eximium
905 1460 976 1517 lecit
998 1463 1048 1535 qui
1072 1459 1207 1517 scribere
1230 1461 1350 1536 praesul
1423 1472 1425 1476 ’

551 1575 597 1630 Ad
620 1575 713 1631 decus
736 1575 885 1631 ecclesiae
909 1576 1062 1649 propriam
1087 1574 1171 1629 simul
1197 1575 1286 1647 inque
1310 1574 1454 1630 salutem“
1474 1572 1505 1652 ¹).

265 1780 482 1862 Liuphramo
505 1781 670 1862 praesule
703 1779 809 1842 etiam
839 1780 1021 1861 complura
1050 1778 1205 1841 carmina
1236 1797 1341 1840 versu
1373 1778 1594 1843 Hexametro
1624 1783 1682 1844 vel
1709 1784 1871 1848 Disticho

134 1919 335 2002 composita
351 1919 374 2001 2)
410 1929 492 1982 sunt
523 1930 562 1982 ut
591 1919 717 1982 Passio
749 1938 775 1981 s.
799 1917 999 1980 Alexandri
1028 1937 1145 1998 papae
1166 1927 1213 1980 et
1244 1917 1422 1980 Hermetis
1456 1919 1622 2001 martyris
1657 1931 1693 1985 et
1724 1923 1872 1987 aliorum

131 2070 347 2141 sanctorum,
372 2079 478 2140 quam
494 2059 629 2140 excipit
645 2058 817 2120 narratio:
843 2056 1025 2140 „Qualiter
1041 2057 1192 2140 pignora
1208 2076 1235 2121 s.
1251 2056 1431 2120 Hermetis
1448 2056 1682 2142 Salzburgum
1698 2064 1872 2127 translata

131 2197 235 2260 sunt“
254 2198 289 2276 ³).
337 2195 445 2259 Cuius
478 2215 684 2259 successore
707 2205 881 2278 regnante
912 2196 1046 2277 scripta
1077 2208 1132 2257 est
1155 2194 1339 2258 conversio
1362 2196 1619 2279 Bogoariorum
1644 2209 1680 2263 et
1703 2199 1872 2265 Caranta-

131 2356 270 2418 norum‚
304 2337 398 2418 quod
422 2334 717 2418 pretiosissimum
740 2345 1023 2416 monumentum,
1055 2344 1217 2396 exortum
1248 2353 1294 2396 ex
1327 2335 1501 2399 instructo
1525 2335 1728 2401 Carantano
1759 2341 1871 2403 archi-

132 2476 346 2557 episcopatu
371 2474 508 2537 alienae
532 2473 737 2537 auctoritati
760 2493 831 2536 non
854 2473 1023 2555 obnoxi0,
1049 2492 1101 2554 ea,
1126 2492 1218 2554 quae
1243 2473 1394 2536 ecclesia
1411 2472 1696 2558 Salisburgensis
1721 2480 1765 2540 de
1790 2498 1872 2541 con-

132 2615 247 2676 versis
269 2613 455 2677 Bavaricis
479 2623 515 2674 et
539 2611 749 2675 Carantanis
766 2609 883 2674 Slavis
907 2614 998 2673 bene
1022 2622 1208 2692 meruerat,
1234 2610 1442 2691 explanavit
1456 2615 1490 2692 4).

263 2752 485 2834 Quamquam
502 2771 567 2833 pro
586 2761 684 2814 certo
704 2751 946 2813 demonstrare
963 2768 1034 2812 non
1045 2769 1245 2831 possumus,
1262 2750 1417 2812 studium
1433 2751 1630 2816 litterarum
1648 2765 1683 2816 et
1700 2755 1735 2817 in
1752 2775 1872 2818 mona·

132 2893 240 2954 sterio
263 2890 520 2954 Lunaelacensi
549 2900 585 2952 et
613 2890 648 2952 in
672 2888 927 2952 Cremifanensi
956 2899 992 2950 et
1019 2887 1221 2951 Innichensi
1253 2889 1321 2952 illis
1353 2891 1571 2972 temporibus
1601 2893 1671 2954 iam
1698 2892 1871 2975 floruisse,

131 3044 251 3094 tamen
275 3031 361 3093 illud
384 3029 435 3091 rei
457 3027 565 3092 fidem
588 3028 683 3110 facit,
709 3030 804 3110 quod
820 3028 1087 3090 Lunaelacense
1107 3027 1372 3109 frequentatum
1395 3039 1471 3091 erat
1492 3050 1513 3091 a
1533 3031 1724 3112 monachis,
1749 3033 1809 3112 qui
1825 3053 1871 3095 ex

132 3169 347 3233 monasterio
371 3167 574 3231 Cassinensi
598 3177 780 3249 venerant,
809 3176 845 3229 et
869 3165 1106 3230 Cremifanum
1136 3167 1370 3249 regnantibus
1394 3167 1592 3251 Carolingis
1625 3170 1780 3251 alioquin
1810 3191 1871 3233 ex-

132 3310 287 3372 cellebat
304 3318 340 3370 et
355 3306 571 3370 monasterio
587 3306 789 3368 Innichensi
806 3317 972 3388 praeerat
988 3306 1203 3369 clarissimus
1225 3308 1285 3369 ille
1308 3307 1421 3370 Aribo
1445 3306 1637 3389 episcopus
1660 3308 1689 3370 F
1691 3309 1870 3392 risingiae‚

133 3447 193 3528 qui
217 3457 256 3510 ut
281 3445 478 3508 Leidradus
506 3445 698 3526 episcopus
721 3444 972 3527 Lugdunensis
1000 3446 1036 3507 in
1059 3445 1244 3526 provincia
1266 3445 1434 3508 Austriae
1458 3447 1592 3529 Alpina
1616 3457 1720 3510 natus
1745 3449 1871 3511 eadem

133 3586 294 3650 doctrina
318 3595 354 3648 et
377 3584 575 3647 eruditione
599 3584 787 3647 eminebat.

263 3726 313 3787 At
341 3724 574 3805 sequentibus
602 3723 822 3806 temporibus
853 3723 911 3785 ille
943 3724 1048 3785 ardor
1075 3722 1271 3784 animorum
1300 3723 1460 3805 elanguit
1483 3725 1540 3786 vel
1563 3725 1707 3806 penitus
1731 3736 1786 3789 est
1809 3747 1870 3789 ex-

132 3867 294 3929 stinctus.
338 3863 495 3945 Quarum
518 3883 634 3926 rerum
658 3863 810 3925 tristium
834 3882 964 3926 causae
988 3871 1070 3924 sunt
1092 3862 1186 3923 bella
1210 3872 1246 3924 et
1268 3881 1325 3923 res
1348 3861 1515 3944 incertae,
1540 3882 1585 3924 ex
1609 3864 1786 3926 discordia
1809 3866 1870 3926 do-

132 4003 280 4066 mestica
296 4002 627 4083 incursionibusque
640 4002 867 4085 Hungaricae
884 4002 1002 4085 gentis
1019 4011 1166 4064 exortae
1179 4010 1360 4064 et'morum
1374 4001 1409 4064 in
1421 4002 1465 4064 iis
1478 4021 1619 4083 quoque
1636 4004 1869 4085 monasteriis,

132 4161 223 4224 quae
236 4144 282 4204 ab
294 4140 476 4223 Hungaris
488 4151 589 4204 erant
604 4141 750 4222 intacta,
763 4141 952 4221 corruptio.
979 4141 1019 4203 In
1032 4140 1247 4202 monasterio
1263 4149 1400 4202 tantum
1413 4140 1459 4202 ad
1472 4161 1499 4205 s.
1512 4140 1657 4203 Petrum
1670 4140 1870 4224 Salisburgi

131 4283 190 4344 ille
216 4283 330 4363 ardor,
356 4301 460 4362 quem
484 4281 692 4343 incenderat
716 4281 825 4362 Arno,
849 4280 1045 4361 permansit
1069 4280 1216 4361 eiusque
1240 4280 1362 4341 schola
1385 4243 1596 4361 optimorum
1620 4280 1868 4362 magistrorum

130 4441 253 4504 opera,
278 4429 316 4483 ut
337 4432 415 4482 erat
430 4419 668 4483 Chunibertus
692 4420 884 4481 monachus
908 4440 928 4481 e
950 4419 1166 4482 monasterio
1183 4416 1418 4501 Sangallensi,
1443 4419 1538 4499 quod
1559 4417 1679 4480 intime
1696 4428 1772 4480 erat
1789 4437 1870 4480 con·

130 4564 290 4625 iunctum
308 4579 429 4623 cums.
446 4559 602 4641 Ruperti
619 4558 802 4640 coenobi0,
819 4557 1009 4639 Linfridus‚
1026 4559 1094 4641 alii,
1119 4559 1316 4622 etiamtum
1333 4557 1526 4638 discipulos
1550 4557 1679 4618 multos
1702 4555 1869 4638 habebat,

130 4721 176 4762 ex
200 4699 330 4780 quibus
353 4698 512 4760 nonnulli
534 4708 573 4761 ut
597 4718 624 4761 s.
643 4696 857 4760 Godhardus
880 4706 1008 4777 postea
1031 4698 1077 4759 ad
1102 4698 1193 4759 altos
1216 4697 1389 4760 ecclesiae
1405 4697 1559 4758 honores
1582 4695 1820 4757 ascenderunt
1834 4697 1869 4775 5).

264 4942 285 5020 ι)
309 4944 333 4999 F
335 4943 391 5010 olz,
405 4947 454 5019 qui
468 4946 496 4999 in
513 4942 590 5000 libro
608 4945 664 4999 iam
678 4956 843 5000 memorato
857 4944 916 4999 alia
928 4943 1074 5018 quaedam
1094 4941 1132 4998 ab
1142 4942 1304 4998 Adalramo
1318 4957 1348 4999 et
1360 4943 1546 5017 Liuphramo
1559 4941 1710 4995 venientia
1727 4943 1868 4998 nominat.

265 5054 287 5134 2)
312 5056 475 5124 Dummler‚
499 5056 613 5112 Archiv
637 5054 683 5112 liir
706 5062 812 5113 bsterr.
838 5055 950 5112 Gesch.
974 5056 1070 5112 XXll.

260 5167 283 5247 ³)
307 5168 379 5225 Folz
403 5169 421 5224 l.
446 5186 489 5236 c.;
514 5168 668 5224 Diimmler
691 5169 708 5224 l.
734 5188 759 5225 c.

261 5280 284 5360 4)
308 5280 355 5338 ed.
380 5281 580 5338 Wattenbach
606 5283 634 5337 in
658 5282 753 5348 Pertz‚
777 5283 907 5337 Monum.
934 5280 1037 5337 Germ.
1061 5299 1101 5336 ss.
1126 5280 1177 5335 Xl.

260 5393 283 5474 ⁵)
308 5392 508 5450 Wattenbach
533 5394 551 5450 1.
576 5413 602 5449 c.
628 5395 650 5450 l.
