4208 6194
909 458 1188 543 ..363-

185 660 304 723 brosio
329 662 493 741 absente,
518 658 574 721 cui
597 657 769 721 successit
793 658 850 721 die
872 664 900 722 5.
921 659 1008 724 Dec.
1046 667 1050 716 1

191 786 279 864 1838,
298 794 333 844 et
350 783 458 846 multo
475 781 589 864 magis
602 790 684 863 post
696 779 906 843 electionem
922 790 1009 843 tam-

187 927 291 988 quam
318 907 391 967 dux
421 904 544 987 gregis
571 902 701 966 Christi
732 900 925 985 praeliatus
955 912 1011 965 est

147 1088 150 1096 .
185 1029 320 1112 praelia
342 1027 485 1091 Domini
511 1026 868 1130 contraogubernium
893 1025 1010 1108 Argo-

185 1152 321 1231 viense,
344 1150 438 1231 quod
459 1148 638 1211 interitum
659 1148 813 1209 omnium
833 1155 1010 1210 monaste·

185 1262 314 1335 rioru'm
333 1271 368 1333 111
389 1290 453 1332 sua
474 1270 607 1332 ditione
629 1268 848 1333 moliebatur.
877 1266 1010 1349 Expul-

186 1414 245 1455 sus
273 1394 415 1456 tandem
443 1411 521 1453 cum
550 1389 622 1453 suis
650 1390 831 1453 monachis
857 1389 1010 1452 iniustae

184 1514 375 1576 violentiae
385 1512 552 1594 opposuit
564 1511 648 1574 licet
659 1512 790 1575 frustra
803 1531 899 1573 arma
912 1511 1010 1572 iusti-

184 1637 266 1717 tiae,
292 1636 312 1699 i.
335 1654 364 1698 e.
385 1634 662 1717 protestationes
690 1643 725 1697 et
751 1632 1011 1715 appellationes

185 1758 388 1839 permultaS,
406 1776 553 1838 quarum
570 1766 692 1817 auctor
709 1755 1010 1837 ipseplerumque

185 1878 313 1941 extitit.
343 1879 448 1940 Anno
470 1882 548 1956 1845
569 1878 668 1940 venit
691 1879 737 1940 ad
760 1877 1009 1940 monasterium

186 1999 377 2062 Griesense
403 2001 448 2061 ab
472 1999 684 2080 imperatore
705 1999 865 2063 Austriae
889 1999 1010 2062 Ferdi·

186 2122 303 2184 nando
319 2121 575 2203 gratiosissime
595 2121 665 2204 ipsi
685 2123 852 2203 oblatum,
875 2123 935 2184 ubi
956 2142 1011 2184 se-

186 2246 265 2305 dem
296 2242 410 2325 figens
443 2244 611 2307 maiorem
643 2264 726 2306 mox
758 2243 1010 2325 discipulorum

185 2385 366 2427 numerum
383 2366 625 2448 congregavit,
647 2386 751 2447 quam
771 2368 868 2446 apud
888 2366 1010 2428 Muros

185 2488 367 2550 habuerat.
402 2488 516 2572 Regit
540 2491 654 2552 adhuc
681 2486 1010 2568 iubilatusprofes·

186 2609 288 2671 sione
305 2623 341 2672 et
362 2611 561 2673 sacerdotio
586 2610 809 2673 commissum
837 2609 904 2672 sibi
932 2629 1011 2671 coe-

186 2747 268 2796 tum.
291 2733 355 2796 Est
368 2733 475 2796 etiam
488 2733 656 2815 episcopo
669 2733 875 2796 Tridentino
892 2752 913 2794 a
929 2751 1011 2793 con·

187 2856 274 2917 siliis
292 2856 543 2919 ecclesiasticis
565 2865 600 2918 et
622 2855 843 2918 examinator
864 2874 928 2937 pro
949 2873 1010 2935 ap·

186 2977 396 3059 probatione
427 2977 731 3041 confessariorum.
766 2977 851 3040 Eius
878 2978 1011 3059 scripta

186 3101 282 3161 edita
299 3110 334 3162 et
350 3099 482 3162 inedita
499 3111 597 3163 sunt:

274 3280 295 3333 1.
309 3278 527 3353 'l‘emporarius
544 3279 619 3335 ordo
636 3278 809 3352 diei'quoad
827 3279 926 3334 divina
942 3278 991 3334 011
996 3310 1008 3321 -

185 3384 240 3438 cia.
258 3384 360 3448 Muris,
382 3382 470 3454 1839.
493 3388 552 3439 12⁰.
573 3398 607 3438 12
627 3402 655 3458 p.

272 3542 309 3597 ll.
331 3541 493 3608 Recursus,
517 3541 746 3605 declarationes
764 3541 1009 3615 protestationem

185 3646 403 3721 appellationes
429 3659 458 3700 et
481 3646 588 3701 similia
613 3643 824 3702 assistentibus
850 3645 1009 3703 causidicis

184 3750 221 3804 ad
238 3748 415 3823 gubemium
432 3748 623 3821 Argoviense
636 3749 682 3805 vel
695 3749 732 3804 ad
747 3750 901 3806 consilium
917 3768 1009 3824 gene·

185 3854 245 3909 11110
262 3853 451 3909 Helveticum
477 3855 505 3907 in
530 3872 621 3909 causa
643 3855 903 3919 monasteriorum,
929 3855 1008 3928 typis

184 3960 330 4032 impressa
346 3958 393 4012 vel
410 3955 609 4013 Schaffhusae
624 3976 673 4032 ap.
691 3958 813 4025 Hurter,
830 3958 878 4013 vel
895 3957 1008 4014 Lucer-

183 4081 238 4117 nae
255 4081 302 4137 ap.
321 4060 441 4118 Raebcr
457 4062 504 4117 vel
521 4081 545 4118 s.
562 4062 579 4118 1.
602 4059 767 4134 1836—46
792 4064 821 4117 in
842 4062 892 4118 101.
915 4076 945 4118 et
964 4068 1006 4133 4⁰,

183 4186 260 4241 quae
270 4166 355 4222 simul
368 4166 495 4222 collecta
508 4168 656 4240 integrum
665 4167 804 4222 volumen
814 4168 1006 4223 constituunt.

184 4272 218 4327 r).
235 4291 281 4345 gr.
303 4269 552 4344 Rechtsertigung
575 4271 628 4326 der
647 4270 865 4345 aargauischen
886 4270 1009 4327 Kldster

184 4375 257 4433 iiber
283 4377 345 4432 ihre
372 4374 491 4431 irtihere
516 4375 711 4450 ¹Verwaltung
734 4375 793 4431 und
814 4376 1007 4432 Verantwor-

184 4496 255 4554 tung
272 4478 346 4536 tiber
362 4479 409 4536 die
427 4480 513 4535 ihnen
530 4480 707 4553 gemachten
720 4478 1007 4554 Anschuldigungen

182 4604 219 4640 an
236 4586 293 4641 den
309 4603 437 4659 grossen
455 4584 531 4641 Rath
549 4603 608 4640 von
624 4583 756 4659 Aargau‚
778 4582 1006 4641 Schaffhausen.

182 4688 247 4745 Fol.
270 4703 311 4761 40
328 4709 356 4764 p.
375 4722 418 4729 -
433 4687 645 4763 Ehrerbietige
661 4688 854 4763 Vorstellung
871 4688 924 4744 der
940 4706 1006 4744 aar·

181 4794 344 4868 gauischen
355 4793 476 4849 Klbster
484 4812 521 4848 an
531 4793 593 4848 ihre
603 4792 726 4849 oberste
736 4791 1006 4849 Cantousbehdrde

182 4899 240 4954 und
253 4871 301 4955 die
313 4898 391 4954 hohe
404 4897 651 4970 eidgendssische
661 4898 857 4972 Tagsatzung
871 4898 908 4953 im
921 4896 1006 4972 April

185 5002 275 5075 1831),
285 5002 355 5059 ibid.
366 5004 394 5057 in
407 5001 456 5059 101.
471 5000 489 5058 8
499 5021 527 5078 p.
538 5034 581 5041 -
590 5003 647 5057 Die
656 5002 875 5076 aargauischen
884 5002 1006 5057 Kloster

182 5108 239 5164 und
257 5109 320 5163 ihre
333 5106 497 5181 Anklaiger.
519 5106 595 5161 Eine
609 5105 802 5162 Denkschriit
814 5123 851 5161 an
864 5105 921 5162 alle
933 5105 1005 5161 Eid-

180 5230 331 5287 genossen
348 5211 406 5267 und
422 5230 460 5267 an
476 5211 532 5267 alle
549 5209 687 5268 Freunde
704 5209 757 5266 der
773 5209 931 5265 Wahrheit
947 5209 1004 5265 und

181 5316 417 5390 Gerechtigkeit.
440 5316 529 5387 1841,
547 5317 598 5371 mit
614 5315 765 5389 Beilagen.
790 5311 865 5370 Ibid.
882 5320 924 5387 4⁰.
947 5328 1004 5386 154

180 5437 210 5477 et
226 5422 310 5477 XLII
327 5441 356 5497 p.
374 5435 431 5497 etc.

1174 662 1226 718 111.
1248 662 1391 725 Litterae,
1414 679 1538 736 quarum
1561 673 1658 716 textus
1678 661 1789 735 passim
1807 661 1917 715 citatur

1089 765 1126 823 ab
1143 767 1275 823 Henrico
1292 765 1329 821 de
1345 765 1457 821 Hurter
1473 767 1502 820 in
1527 764 1699 834 ,Friedrich
1721 783 1781 820 von
1803 765 1917 822 Hurter

1089 870 1148 926 und
1165 873 1247 927 seine
1263 872 1357 927 Zeit.“
1377 869 1467 936 Graz,
1489 867 1577 942 1876.
1596 885 1612 925 2
1631 870 1690 925 vol.
1708 867 1750 927 8⁰.

1176 975 1226 1032 IV.
1243 973 1444 1048 Abhandlung
1460 973 1536 1031 uber
1552 974 1609 1030 den
1625 974 1824 1032 Unterschied
1844 977 1917 1030 zwi-

1089 1080 1182 1135 schen
1194 1078 1313 1136 blosser
1326 1079 1460 1134 Collatur
1476 1079 1535 1134 und
1549 1081 1769 1154 incorporirten
1782 1079 1839 1134 und
1852 1079 1912 1135 Re·

1090 1182 1334 1259 gularpsrtinden.
1352 1181 1381 1261 (i.
1392 1202 1417 1238 e.
1428 1182 1592 1239 Tractatus
1605 1183 1642 1239 de
1655 1183 1825 1241 discrimine
1837 1187 1915 1241 inter

1090 1287 1251 1363 parochias
1269 1285 1380 1343 liberae
1398 1287 1575 1355 collationis,
1593 1290 1804 1364 incorporatus
1820 1303 1850 1344 et
1866 1307 1916 1344 re-

1090 1387 1232 1468 gulares.)
1257 1391 1342 1447 iussu
1358 1388 1427 1446 abb.
1445 1390 1597 1447 Ambrosii
1619 1391 1696 1466 1827
1715 1405 1837 1448 exarata
1853 1393 1916 1450 dis·

1090 1497 1225 1551 sertatio.
1242 1496 1298 1551 Ms.
1317 1497 1345 1549 in
1361 1495 1474 1551 archiv.
1491 1494 1695 1552 Muto-Gries.
1713 1499 1742 1552 in
1758 1495 1808 1553 fol.
1830 1510 1865 1570 17
1883 1517 1915 1573 p.

1090 1599 1126 1655 Α.
1144 1600 1195 1656 111.
1213 1600 1300 1656 Fasc.
1318 1601 1355 1655 X.

1176 1705 1211 1762 V.
1240 1704 1505 1779 Aufzeichnungen
1537 1702 1611 1761 fiber
1637 1704 1694 1761 den
1721 1704 1828 1782 Abzug
1854 1726 1918 1763 von

1090 1809 1176 1875 Muri,
1193 1808 1241 1864 die
1258 1807 1466 1867 Ueberuahme
1483 1810 1536 1866 des
1553 1809 1736 1884 Collegiums
1753 1813 1782 1866 in
1799 1809 1914 1867 Sarnen

1090 1913 1147 1969 und
1172 1914 1219 1970 die
1244 1914 1478 1988 Niederlassung
1502 1917 1530 1970 in
1555 1915 1653 1972 Gries
1678 1912 1707 1992 (i.
1730 1935 1756 1972 e.
1779 1916 1914 1973 Diarium

1089 2032 1207 2091 gestum
1220 2019 1257 2075 de
1270 2019 1415 2093 degressu
1426 2020 1570 2085 Murensi,
1586 2024 1778 2097 susceptione
1795 2022 1914 2097 collegii

1090 2120 1250 2178 Sarnensis
1274 2136 1303 2179 et
1327 2124 1447 2180 colonia
1463 2122 1651 2203 Griesiensi.)
1674 2127 1706 2181 111
1722 2124 1793 2182 bibl.
1812 2127 1915 2183 Muro-

1090 2224 1190 2282 Gries.
1208 2226 1283 2283 Cod.
1303 2243 1330 2284 2.
1353 2242 1420 2285 102.
1438 2235 1480 2301 4⁰.
1498 2243 1536 2300 52
1556 2248 1584 2305 p.

1175 2330 1225 2388 VI.
1253 2329 1415 2389 Sermones
1437 2333 1474 2388 ad
1498 2334 1640 2410 populum
1667 2348 1715 2407 79.
1739 2334 1814 2392 ibid.
1837 2336 1914 2392 Cod.

1094 2449 1119 2491 1.
1141 2449 1208 2492 110.

1176 2540 1241 2596 VII.
1268 2539 1469 2598 Stammbaum
1494 2542 1547 2598 der
1567 2542 1785 2600 Geschlechter
1809 2546 1837 2600 in
1861 2544 1915 2601 der

1089 2644 1203 2701 Psarrei
1219 2646 1305 2701 Muri.
1323 2643 1352 2723 (i.
1368 2666 1393 2702 e.
1411 2645 1542 2702 Stemma
1559 2647 1735 2704 familiarum
1751 2649 1913 2725 parochiae

1090 2746 1259 2827 Murensis.)
1277 2765 1292 2806 2
1307 2750 1368 2806 vol.
1386 2753 1414 2806 in
1428 2750 1477 2808 fol.
1495 2754 1524 2807 in
1537 2750 1608 2808 bibl.
1619 2753 1820 2810 Muto-Gries.
1838 2768 1868 2810 et
1884 2757 1914 2810 in

1090 2853 1233 2930 parochia
1248 2856 1390 2911 Murensi.

1175 2966 1342 3060 Regner
1376 2977 1616 3042 Cornelius
1652 2981 1913 3060 (Emautinus

1090 3093 1485 3177 Montserratensis),
1503 3097 1679 3161 Bohemus
1692 3099 1912 3163 Lukavicen-

1089 3215 1147 3297 sis‚
1169 3226 1273 3278 natus
1293 3222 1383 3298 1804,
1404 3218 1587 3299 professus
1612 3225 1701 3302 1832,
1723 3225 1913 3305 presbyter

1089 3337 1270 3399 ordinatus
1291 3342 1380 3418 1834,
1401 3339 1497 3420 prior
1517 3352 1553 3403 et
1572 3342 1781 3405 novitiorum
1801 3344 1913 3426 magi-

1089 3468 1171 3540 ster,
1198 3459 1511 3542 archiepiscopalis
1535 3463 1685 3527 ordinat.
1710 3467 1912 3528 commissa·

1087 3581 1160 3641 rius
1180 3580 1216 3642 in
1236 3601 1264 3642 c.
1282 3603 1307 3644 r.
1328 3585 1515 3666 gymnasio
1530 3585 1853 3670 Vetero-Pragensi
1876 3599 1913 3652 et

1046 3719 1050 3785 4
1089 3704 1287 3766 scholarum
1311 3706 1455 3768 realium
1480 3707 1749 3772 Bohemicarum
1771 3710 1913 3793 Pragae

1088 3825 1264 3907 emeritus,
1285 3829 1442 3889 notarius
1462 3829 1786 3913 archiepiscopalis
1810 3852 1912 3915 gym-

1088 3946 1177 4009 nasii
1195 3947 1417 4012 Benedictini
1430 3949 1606 4014 Emautini
1620 3953 1813 4015 Klatoviae
1831 3973 1912 4036 pro-

1087 4068 1201 4132 fessor
1213 4082 1248 4132 et
1256 4064 1410 4135 director
1419 4074 1596 4155 emeritus,
1607 4085 1724 4138 rector
1737 4076 1912 4138 ecclesiae

1087 4189 1305 4256 Emautinae.
1329 4193 1399 4256 Per
1410 4194 1531 4275 plures
1547 4214 1657 4257 annos
1674 4196 1861 4258 conciones
1875 4197 1910 4258 in

1086 4314 1237 4376 ecclesia
1272 4316 1486 4396 parochiana
1517 4318 1562 4378 ad
1592 4316 1800 4379 Trinitarios
1831 4336 1910 4380 cum

1086 4435 1277 4518 praecipuo
1290 4435 1428 4499 fervore
1442 4438 1574 4518 habuit,
1584 4438 1618 4499 111
1632 4438 1782 4500 ecclesia
1791 4458 1910 4501 mona-

1086 4556 1183 4618 sterii
1198 4557 1375 4620 Emautini
1396 4580 1507 4640 usque
1527 4562 1573 4622 ad
1593 4571 1747 4622 aetatem
1763 4580 1910 4641 provec-

1086 4679 1209 4742 tamin
1226 4681 1440 4762 peragendis
1456 4681 1564 4743 sacris
1581 4681 1707 4745 officiis
1724 4691 1760 4744 et
1772 4681 1910 4744 concio·

1085 4801 1188 4863 nibus
1222 4801 1395 4863 habendis
1429 4821 1600 4883 operosus
1632 4816 1668 4865 et
1699 4802 1909 4885 indefessus,

1085 4923 1251 4986 memoria
1267 4923 1471 4987 fidelissima
1482 4925 1609 5007 vigens
1625 4924 1661 4986 in
1676 4924 1821 4986 historia
1836 4943 1909 4986 mo·
1947 4933 1951 4943 '

1085 5045 1228 5107 nasterii
1249 5047 1357 5108 multa
1381 5046 1500 5128 magni
1523 5046 1690 5109 momenti
1714 5046 1850 5108 addidit
1873 5056 1910 5109 et

1085 5168 1291 5249 complevit,
1324 5168 1450 5230 librum
1485 5168 1760 5230 memorabilium
1790 5187 1909 5230 mona-

1084 5289 1182 5352 sterii
1219 5289 1455 5372 continuavit,
1487 5291 1521 5352 in
1557 5290 1742 5353 annalibus
1778 5290 1909 5353 domini

1084 5413 1296 5495 Ebersberg,
1307 5412 1435 5493 quibus
1448 5430 1574 5474 nomen
1586 5410 1653 5474 fuit
1665 5423 1836 5493 patronus
1845 5431 1908 5494 po·

1256 5547 1259 5551 .
1617 5560 1634 5603 .
1652 5515 1702 5577 46⁸
