4178 6196
892 497 933 507 -
979 459 1108 522 XLIX
1154 495 1196 505 -

169 708 193 750 a
227 686 424 768 praefectis
453 685 654 749 Helveticis
688 691 763 765 1841
803 688 909 749 domo
943 685 1056 767 pulsis
1091 683 1195 748 Gries
1230 684 1484 747 monasterium
1520 683 1770 747 canonicorum
1801 704 1914 766 prope

170 827 370 889 Bolzanum
394 825 429 887 in
453 825 563 888 Tiroli
590 826 697 889 situm
725 827 771 887 ab
799 824 948 911 imperio
972 822 1149 886 Bavarico
1177 828 1255 903 1807
1289 823 1460 885 abolitum
1491 843 1571 885 cum
1602 822 1765 885 omnibus
1795 821 1916 885 fundis

170 965 364 1047 concessit,
386 974 427 1028 ut
450 975 547 1028 esset
569 963 758 1046 prioratus.
805 964 964 1027 Eandem
987 963 1275 1026 benevolentiam
1298 962 1327 1024 F
1330 962 1516 1025 erdinandi
1539 982 1668 1045 nepoS,
1703 963 1915 1026 Franciscus

171 1105 364 1187 IosephuS,
396 1105 458 1186 qui
488 1122 573 1167 vere
604 1112 708 1184 pater
738 1104 951 1184 populorum
982 1122 1075 1165 nunc
1105 1103 1350 1184 gubernacula
1380 1111 1496 1183 tenet,
1528 1102 1642 1164 ordini
1675 1121 1702 1164 s.
1726 1102 1915 1165 Benedicti

170 1250 347 1326 praestat.
392 1242 428 1305 Is
458 1241 637 1324 permisit,
667 1252 707 1305 ut
738 1241 901 1304 monachi
936 1243 969 1303 b.
1001 1241 1137 1304 Mariae
1169 1243 1213 1304 de
1244 1241 1435 1331 Praetalea
1466 1241 1594 1303 Dailae
1626 1242 1660 1304 in
1693 1241 1798 1304 Istria
1833 1245 1914 1305 1866

170 1381 389 1445 domicilium
413 1380 482 1443 sibi
506 1381 773 1462 constituerent,
802 1389 839 1443 et
866 1380 1008 1442 sodales
1032 1343 1322 1462 congregationis
1346 1379 1587 1441 Beuronensis
1614 1380 1696 1461 lege
1721 1380 1915 1442 Borussica

175 1525 259 1599 1875
283 1540 331 1582 ex
354 1519 472 1601 patria
502 1519 598 1601 pulsi
630 1520 782 1602 primum
812 1518 849 1581 in
880 1518 1133 1581 monasterium
1164 1539 1191 1580 s.
1216 1517 1335 1581 Caroli
1358 1519 1403 1580 de
1426 1519 1580 1580 Volders
1610 1537 1723 1600 prope
1755 1519 1839 1581 Hall
1869 1520 1915 1580 ad

171 1656 316 1721 Oenum
347 1656 599 1740 confugerent,
635 1666 672 1720 et
710 1660 791 1719 1880
822 1677 887 1739 per
916 1638 1131 1719 cardinalem
1166 1657 1210 1718 de
1243 1654 1547 1738 Schwarzenberg
1582 1657 1617 1717 in
1651 1655 1914 1738 possessionem

174 1795 384 1858 monasterii
408 1794 589 1857 Emautini
612 1795 808 1878 Pragensis
830 1793 1004 1858 venirent.

308 1934 417 1996 Brevi
447 1933 554 1996 etiam
586 1943 671 1996 vota
708 1933 1011 2015 exaudiebantur,
1042 1943 1081 1996 ut
1111 1934 1198 1995 ordo
1229 1934 1340 1996 artius
1376 1953 1455 1995 cum
1488 1933 1573 1994 sede
1605 1933 1804 2014 apostolica
1835 1953 1917 1996 con·

175 2073 396 2156 iungeretur,
410 2073 531 2153 itaque
548 2071 625 2134 eius
642 2071 852 2135 instauratio
869 2082 1153 2153 praepararetur.
1183 2070 1283 2151 Quae
1299 2080 1385 2134 vota
1401 2090 1422 2131 a
1443 2070 1613 2133 cardinali
1630 2071 1674 2132 de
1688 2068 1915 2134 Schwarzen-

174 2214 278 2293 berg,
302 2209 575 2292 archiepiscopo
600 2209 866 2293 Salisburgensi
890 2219 926 2272 et
948 2210 1100 2290 primate
1121 2207 1333 2272 Germaniae
1356 2229 1486 2291 magno
1510 2228 1619 2289 opere
1643 2208 1914 2271 adiuvabantur.

175 2351 257 2413 Hoc
281 2349 553 2431 archiepiscopo
578 2357 722 2412 auctore
751 2368 772 2410 a
799 2368 902 2411 sacra
929 2348 1207 2431 congregatione
1240 2349 1486 2431 episcoporum
1518 2359 1554 2411 et
1585 2349 1800 2432 regularium
1831 2358 1914 2411 ante

176 2491 272 2553 diem
296 2490 441 2552 tertium
465 2487 642 2552 Calendas
665 2487 811 2569 Apriles
835 2487 918 2550 anni
946 2492 1024 2567 1842
1051 2489 1233 2550 decretum
1257 2499 1321 2570 est,
1346 2496 1385 2549 ut
1409 2488 1486 2570 ipse
1510 2487 1673 2551 visitator
1696 2487 1916 2568 apostolicus

176 2630 282 2691 trium
312 2647 484 2690 annorum
512 2626 623 2709 fieret,
656 2627 760 2708 eique
785 2636 947 2708 potestas
972 2628 1115 2689 daretur
1148 2627 1316 2710 „idoneas
1347 2645 1519 2709 personas
1552 2625 1815 2689 ecclesiasticas
1846 2626 1914 2689 sibi

176 2767 371 2830 benevisas
403 2765 439 2828 in
472 2764 745 2828 convisitatores
776 2776 882 2847 prout
912 2765 947 2827 in
978 2764 1131 2827 Domino
1167 2765 1397 2828 iudicaverit“
1436 2764 1606 2847 eligendi,
1639 2765 1698 2846 qui
1729 2765 1916 2827 visitarent

177 2905 394 2968 monasteria
417 2916 490 2968 tam
513 2904 549 2966 in
572 2904 814 2986 spiritualibus
839 2924 944 2986 quam
967 2904 1003 2966 in
1027 2904 1300 2985 temporalibus;
1331 2903 1505 2984 simulque
1530 2906 1597 2966 hoc
1619 2905 1825 2966 mandatum
1849 2912 1915 2983 est,

177 3056 215 3106 ut
237 3043 455 3107 monasteria
479 3052 515 3104 et
538 3062 602 3105 sua
626 3044 662 3105 et
686 3043 902 3107 dioecesium
926 3044 1166 3107 subiectarum
1195 3042 1505 3127 (salisburgensis,
1537 3040 1745 3124 Gurcensis,
1774 3043 1913 3105 Lavan-

177 3183 298 3264 tensis,
330 3181 568 3261 BrixinensiS,
596 3180 839 3262 Tridentinae)
872 3182 1151 3264 congregatione
1180 3182 1274 3244 inter
1303 3202 1342 3244 se
1375 3181 1616 3265 coniungeret.
1662 3181 1764 3245 Haec
1796 3192 1914 3245 tamen

177 3339 350 3402 prospere
374 3330 503 3401 coepta
526 3340 604 3382 cum
628 3320 706 3382 aliis
729 3322 846 3402 rebus,
871 3328 945 3383 turn
969 3320 1142 3383 seditione
1167 3321 1226 3383 illa
1250 3321 1333 3383 anni
1353 3326 1444 3402 1848,
1469 3341 1539 3403 qua
1562 3341 1633 3384 non
1656 3322 1770 3383 solum
1793 3341 1913 3383 mona·

178 3458 286 3521 steria
309 3460 374 3520 sed
396 3458 584 3541 imperium
607 3458 722 3540 ipsum
746 3459 782 3520 in
807 3459 996 3521 discrimen
1019 3469 1185 3521 vocatum
1210 3468 1275 3540 est,
1299 3461 1345 3521 ad
1369 3459 1512 3522 inritum
1536 3461 1682 3523 redacta
1705 3470 1797 3524 sunt.

305 3598 378 3660 Vix
393 3617 480 3660 vero
502 3600 592 3661 haec
608 3598 720 3680 pestis
744 3598 952 3661 fortitudine
969 3598 1149 3661 exercitus
1164 3599 1311 3661 victoris
1336 3599 1524 3681 exstincta,
1549 3607 1737 3680 terraeque
1760 3609 1913 3681 pacatae

177 3749 288 3818 erant,
312 3757 392 3799 cum
415 3737 548 3801 ordinis
571 3737 783 3801 instauratio
808 3738 924 3799 denuo
948 3735 1024 3799 fieri
1048 3747 1177 3819 coepta
1200 3747 1265 3799 est,
1312 3738 1467 3800 Thomas
1494 3739 1608 3800 abbas
1637 3736 1913 3800 Cremifanensis

177 3875 390 3938 monasteria
413 3875 544 3938 artiore
567 3876 709 3938 vinculo
736 3876 828 3938 inter
851 3895 890 3938 se
915 3875 1166 3938 coniuncturus
1197 3895 1276 3938 cum
1308 3892 1428 3938 eorum
1461 3875 1652 3938 abbatibus
1680 3866 1913 3958 18521egu1n

176 4015 482 4077 adumbrationem
513 4014 803 4095 communicavit,
840 4035 987 4095 quarum
1019 4033 1155 4077 summa
1185 4023 1276 4095 erat,
1312 4023 1350 4076 ut
1381 4012 1634 4076 monasterium
1666 4015 1833 4095 quodque
1865 4016 1911 4075 ab

177 4154 307 4216 abbate
330 4153 442 4215 libere
465 4153 580 4215 electo
604 4161 798 4235 regeretur,
822 4151 940 4214 omnia
962 4172 1049 4214 vero
1072 4153 1288 4215 monasteria
1304 4153 1621 4234 congregationem
1645 4153 1783 4234 inirent,
1808 4154 1911 4234 eique

176 4311 322 4372 praeses
344 4303 382 4354 et
406 4293 476 4354 duo
499 4291 651 4353 abbates
674 4289 709 4352 in
733 4291 885 4353 comitiis
909 4292 1138 4374 generalibus
1162 4292 1268 4355 electi
1290 4304 1510 4375 praeessent.
1556 4293 1604 4355 Hi
1633 4294 1739 4357 tertio
1769 4313 1908 4374 quoque

176 4449 268 4493 anno
290 4430 410 4492 omnia
431 4428 648 4492 monasteria
672 4428 870 4493 visitarent.

305 4566 476 4633 Similiter
496 4568 656 4650 episcopi
673 4567 1078 4651 Austriaco-Hungarici
1107 4573 1186 4648 1849
1211 4579 1247 4633 et
1268 4575 1349 4633 1850
1364 4571 1602 4634 Vindobonae
1626 4581 1661 4634 et
1686 4570 1805 4634 Grazii
1828 4590 1909 4632 con-

176 4709 317 4791 gregati
346 4717 387 4769 ut
416 4706 533 4769 omnia
565 4705 779 4769 monasteria
810 4706 861 4769 ita
892 4707 1146 4770 Benedictinos
1182 4708 1217 4770 in
1252 4709 1376 4772 melius
1413 4709 1629 4772 constituere
1664 4711 1910 4773 decreverunt.

175 4846 277 4926 Quod
301 4865 382 4908 curn
405 4846 567 4927 placeret
590 4843 736 4909 Summo
759 4843 935 4925 Pontifici,
960 4844 1150 4907 cardinalis
1174 4846 1387 4927 Fridericus,
1417 4848 1584 4930 princeps
1613 4848 1657 4908 de
1682 4845 1909 4909 Schwarzen-

174 4985 276 5067 berg,
307 4984 475 5046 visitator
504 4982 682 5065 generalis
714 4992 769 5045 est
799 4981 925 5045 factus
972 4982 1008 5044 Is
1040 4983 1085 5043 ad
1117 4985 1318 5064 complures
1351 4984 1541 5065 episcopos
1573 4984 1784 5047 Austriacos
1815 4985 1908 5048 idem

173 5143 298 5187 munus
327 5121 460 5185 detulit
491 5122 741 5203 (raso-1858).
780 5120 907 5202 Itaque
939 5121 1171 5203 congregatio
1200 5122 1393 5184 Austriaca
1423 5131 1501 5185 orta
1532 5132 1604 5204 est,
1637 5123 1736 5185 cuius
1767 5126 1909 5187 sodales

172 5262 332 5327 monachi
357 5259 653 5342 Salisburgenses
677 5270 713 5322 et
736 5259 998 5321 Lambacenses
1022 5268 1132 5321 erant.
1171 5259 1328 5340 Reliqua
1352 5279 1493 5341 quoque
1517 5262 1741 5342 monasteria,
1765 5271 1803 5324 ut
1827 5283 1909 5325 con·

170 5405 401 5481 sociarentur,
426 5401 660 5481 expetebant,
689 5399 830 5480 iamque
855 5397 1058 5461 Ludovicus
1087 5399 1200 5460 abbas
1224 5397 1552 5481 Seitenstettensis,
1585 5409 1624 5462 ut
1657 5419 1776 5462 eorum
1807 5403 1908 5482 leges

1667 5521 1684 5567 s
