4178 6196
65 4218 68 4223 ’
176 4204 365 4259 monasteriis
382 4203 487 4259 o.s.B.
503 4204 531 4258 in
545 4203 677 4258 Boemia.
695 4201 770 4258 Cod.
788 4203 816 4256 in
833 4200 1003 4276 lol.27op.
1043 4152 1046 4257 l

123 4362 139 4649 l

137 4656 142 4677 l

904 386 1186 469 ...346-

263 588 314 646 IV.
332 587 508 645 Thesaurus
524 586 720 645 absconditus
736 588 765 643 in
781 603 858 663 agro
871 587 1006 643 Blevuo-
1173 590 1209 645 X.
1235 589 1484 665 Diplomatarium
1501 591 1539 648 ad
1556 611 1634 650 mon.
1652 593 1852 651 Zderasiense
1868 613 1922 651 ca·

150 695 155 703 ’
176 695 272 751 viensi
288 712 342 750 seu
359 696 421 750 vita
435 712 460 750 s.
478 692 636 749 Guntheri.
661 693 795 760 Brunae,
817 691 907 766 1762.
930 692 1006 749 Ibid.
1086 695 1260 749 nonicorum
1278 714 1301 751 s.
1319 695 1473 770 sepulchri
1490 696 1630 754 dominici
1647 699 1919 775 Hierosolymitani

176 800 229 855 Bn.
246 796 340 873 5206.
358 806 401 872 4⁰.
419 818 448 874 p.
466 813 482 871 5
502 811 532 854 et
549 811 620 869 230.
1086 811 1116 854 et
1132 799 1289 874 hospitalis
1306 799 1414 857 domus
1427 820 1450 858 s.
1465 802 1618 860 Francisci
1635 804 1751 879 Pragae
1763 818 1919 880 spectans.

263 905 298 961 V.
320 903 479 960 Veuceslai
501 922 518 959 a
539 903 706 960 Chvaletitz
727 901 909 959 benedictini
935 902 1005 957 Rai-
1087 901 1161 959 Cod.
1180 905 1208 957 in
1226 902 1276 959 Iol.
1294 922 1317 960 s.
1336 923 1405 980 pag.
1423 903 1508 980 Sign.
1526 907 1608 964 arch.
1626 906 1665 964 G.
1682 927 1712 982 g.
1731 923 1781 965 20.

176 1008 263 1083 grad.
288 1008 451 1064 Tractatus
475 1008 512 1064 de
537 1009 680 1083 passione
708 1021 738 1063 et
766 1020 861 1063 morte
886 1007 1005 1063 Domini
1172 1026 1225 1081 XL
1248 1026 1448 1085 instrumenta
1470 1029 1508 1084 ad
1526 1030 1715 1086 carthusiam
1732 1031 1918 1105 pragensem

177 1115 271 1170 nostri
282 1113 479 1170 IesuChristi.
498 1109 588 1186 1764.
602 1111 644 1168 8⁰.
659 1111 692 1166 In
706 1123 809 1167 nostra
822 1109 894 1167 bibl.
910 1110 1005 1167 deest.
1089 1129 1225 1200 „hortum
1250 1149 1274 1186 s·
1300 1131 1432 1189 Mariae«
1462 1137 1631 1210 spectantia
1658 1131 1918 1215 (1342—1512).

213 1282 246 1366 b)
263 1282 508 1362 Manuscripta
526 1301 616 1363 quae
633 1282 669 1343 in
685 1280 830 1344 archivo
847 1290 968 1344 nostro
1085 1233 1161 1291 COd'
1180 1237 1207 1290 in
1224 1234 1274 1291 (ω’
1292 1256 1316 1292 8·
1334 1255 1404 1313 pag·
1422 1236 1506 1313 ΒΨ·
1524 1240 1606 1297 arch.
1623 1238 1661 1296 G·
1679 1260 1709 1316 g·
1728 1255 1777 1297 ²¹·

466 1404 716 1466 adservantur:
1173 1371 1299 1453 Quoad
1316 1377 1529 1439 monasteria
1546 1375 1695 1440 Silesiae
1713 1388 1749 1441 et
1766 1379 1917 1441 aliarum

264 1529 1006 1605 LMonasticonMoraviense‚diplomatico-histo·
1085 1502 1272 1558 terrarum?

177 1635 517 1710 rico-chronologicum.
535 1635 567 1691 ln
580 1636 662 1691 arch.
676 1634 760 1709 Sign.
774 1633 812 1690 G.
824 1653 849 1690 c.
864 1651 882 1707 9
896 1647 925 1690 et
937 1653 1005 1709 sqq.
1172 1641 1238 1696 XII.
1249 1641 1420 1716 Diplomata
1431 1656 1460 1698 et
1470 1642 1586 1699 litterae
1596 1646 1826 1719 praepositurae
1836 1646 1917 1701 Neo-

177 1741 307 1799 Codices
320 1742 350 1797 in
364 1740 415 1797 sol.
430 1760 453 1797 s.
469 1759 539 1816 pag.
558 1740 663 1796 Hocce
681 1741 855 1795 immensum
873 1753 904 1794 et
918 1757 1006 1815 prae·
1087 1744 1217 1800 sorensis
1234 1763 1261 1801 ο.
1280 1764 1303 1801 s.
1321 1745 1353 1802 B.
1372 1742 1619 1825 (1266—1700).
1642 1747 1715 1805 Cod.
1735 1750 1764 1804 in
1781 1747 1833 1806 fol.
1852 1751 1917 1806 sine

179 1847 393 1902 stantissimum
410 1865 487 1921 opus
508 1842 644 1922 (alterum
662 1844 815 1920 exemplar
830 1862 885 1919 per
903 1861 1006 1898 manus
1086 1867 1156 1924 pag.
1173 1847 1258 1923 Sign.
1276 1851 1357 1907 arch.
1375 1849 1413 1907 G.
1431 1871 1459 1925 g.
1479 1850 1528 1907 26.

177 1951 378 2025 dlllgentesp·
389 1949 518 2006 Gesasdl
530 1947 684 2005 Leseblffe
696 1949 888 2024 decopiatum
903 1961 1006 2021 14.to·
1173 1972 1254 2027 XIII.
1278 1972 1417 2047 Epistola
1433 1973 1641 2048 chrysostomi
1662 1973 1783 2030 abbatis
1801 1975 1916 2032 Dissel-

177 2074 242 2112 m⁰⁵
260 2052 404 2134 c‘’mlnetl
425 2054 562 2110 undem
585 2066 703 2110 constat
719 2052 920 2109 “luminibus
943 2070 1006 2108 ⁰¹¹¹·
1086 2075 1230 2132 thalensis
1251 2075 1288 2131 ad
1311 2077 1478 2133 Brunonem
1501 2079 1679 2134 monachum
1699 2078 1915 2137 Ossecensem.

176 2163 317 2235 uiumque
334 2159 562 2235 comprehendit
583 2161 672 2225 inse,
694 2177 801 2234 magna
822 2177 858 2214 ex
879 2171 966 2234 parte
989 2177 1007 2214 a
1087 2180 1152 2237 pol·
1170 2200 1194 2237 3,
1210 2199 1280 2257 pag,
1299 2180 1384 2255 sign,
1401 2182 1483 2238 asch,
1500 2182 1538 2239 G,
1556 2203 1585 2257 g,
1605 2198 1654 2257 29·

177 2265 308 2340 losepho
322 2266 359 2321 II.
378 2267 447 2340 imp.
465 2264 641 2331 levaturum,
663 2265 818 2337 utriusque
835 2281 925 2318 sexus
942 2281 1006 2319 mo·

180 2372 378 2425 nastenorum
396 2369 551 2424 Morariae
568 2368 733 2424 historiam.
1173 2316 1233 2378 Ad
1252 2318 1435 2380 historiam
1456 2320 1685 2382 scelestarum
1701 2340 1736 2382 in
1753 2321 1915 2384 Moravra

264 2487 390 2568 Quoad
407 2485 589 2549 historiam
606 2485 897 2548 monasteriorum
914 2485 1005 2547 Boii-
1087 2448 1279 2520 pert¹¹¹e¹¹t²

1172 2584 1252 2640 XIV.
1270 2584 1405 2640 Historia
1418 2584 1848 2660 diplomatico-chronologica
1865 2606 1915 2644 ec·

1086 2688 1196 2744 clesiae
1214 2687 1394 2762 collegiatae
1411 2709 1435 2745 s.
1446 2689 1525 2744 Petri
1538 2690 1654 2746 Brunae
1667 2687 1785 2768 (manc.)
1799 2707 1818 2763 4
1832 2691 1913 2748 lolia.

1086 2791 1172 2866 Sign.
1188 2794 1270 2848 arch.
1289 2793 1327 2849 G.
1346 2793 1373 2850 h.
1393 2809 1442 2849 20.

177 2610 282 2673 miae:

262 2738 300 2794 II.
322 2736 416 2794 Liber
433 2738 622 2793 authenticus
639 2736 866 2813 privilegiorum
884 2748 940 2810 pro
958 2753 1005 2790 ar-

176 2843 319 2899 chisterio
336 2844 485 2898 Bicvnoi'.
504 2861 569 2897 cum
589 2843 669 2896 veris
691 2838 888 2914 originalibus
913 2839 1005 2895 colla·
1043 2838 1046 2891 Ι

176 2961 232 3004 tus.
250 2946 325 3005 Cod.
344 2949 372 3002 in
389 2947 439 3003 lol.
458 2945 519 3003 268
537 2964 566 3021 p.
584 2944 669 3019 Sign.
687 2945 768 3000 arch.
786 2943 824 3000 G.
843 2943 861 2999 l.
880 2958 909 3015 3.

262 3052 314 3108 Vl·
340 3049 442 3108 senes
466 3052 568 3107 ΚΜ·
594 3050 661 3106 DD'
686 3048 829 3105 abbatum
854 3049 1003 3104 Blevnol'
1043 3130 1045 3211 p
1086 3109 1155 3163 tatis
1172 3109 1344 3164 Brunensis.
1362 3107 1425 3164 Fol.
1444 3128 1467 3164 s,
1485 3127 1555 3184 pag.
1573 3108 1657 3183 Sign.
1675 3110 1757 3165 arch.
1771 3109 1809 3167 G.
1822 3111 1851 3167 k.
1868 3126 1912 3183 14.

1171 2897 1236 2954 XV.
1261 2898 1483 2955 Monumentum
1507 2898 1914 2975 diplomatico-chronologi-

1087 3020 1152 3057 cum
1170 3003 1319 3058 ecclesiae
1335 3004 1517 3078 parochialis
1533 3023 1558 3060 s.
1573 3004 1674 3061 Iacohi
1692 3004 1824 3080 apostoli
1842 3007 1913 3061 civi·

175 3154 255 3234 (hinc
277 3156 343 3212 inde
363 3154 563 3231 biographiae
585 3155 738 3229 longiores
760 3168 829 3210 sunt
853 3148 1003 3229 insertae).

176 3262 262 3318 Fasc.
279 3263 382 3316 variae
398 3260 513 3316 formae
531 3279 555 3316 s·
573 3278 643 3335 pag·
665 3257 749 3333 Sign.
771 3259 852 3315 arch·
871 3258 909 3315 G·
926 3278 956 3332 g·
974 3272 1004 3329 3·
1043 3236 1046 3297 ᾗ
1171 3230 1912 3307 XVI.llistoriadiplomatico-chronologicaeccl.

984 3361 1003 3419 s·
1043 3342 1045 3405 l
1085 3354 1109 3391 s.
1124 3334 1236 3402 Iacobi,
1255 3337 1381 3392 Brunae.
1399 3337 1485 3392 Fasc.
1500 3337 1590 3393 insol.
1605 3357 1628 3394 s.
1643 3356 1713 3413 pag.
1731 3336 1816 3412 Sign.
1830 3339 1910 3396 arch.

1043 3442 1046 3459 ⁷
1086 3439 1123 3497 G.
1141 3441 1171 3497 k.
1193 3455 1240 3513 15.

176 3575 211 3630 R.
237 3575 274 3632 D.
300 3573 425 3632 Roberti
452 3575 550 3648 Xugel
574 3575 707 3630 eiusdem
733 3574 839 3630 domus
863 3573 1003 3649 professi.
1043 3570 1045 3633 l

176 3679 250 3736 cod·
269 3681 296 3734 in
313 3679 365 3735 fol·
383 3698 411 3754 p·
428 3693 480 3751 33·
498 3678 582 3753 Sign.
601 3680 683 3735 arch.
701 3679 739 3736 Ο.
755 3698 786 3753 g·
804 3696 832 3751 4·
1043 3660 1046 3695 i
1084 3651 1211 3707 (listerc.
1230 3665 1259 3707 et
1276 3652 1401 3727 parochi
1418 3636 1625 3709 Xarolicensis
1646 3652 1682 3708 ad
1699 3652 1913 3709 efformandam

261 3784 297 3840 V.
323 3784 503 3840 Dissertatio
529 3783 566 3840 <le
588 3787 770 3840 monasterio
789 3785 1004 3840 Bternoviensi

263 3366 312 3422 IV.
339 3366 472 3422 Diarium
496 3366 532 3421 R.
553 3366 586 3421 P.
604 3365 762 3422 Veuceslai
789 3366 903 3420 Bittner
926 3382 982 3440 pro

177 3473 326 3527 Blevnov.
344 3467 392 3547 (ab
409 3489 488 3526 anno
510 3468 687 3548 1607—71)
710 3483 739 3525 et
761 3471 904 3544 synopsis
925 3471 1005 3525 vitae

1171 3546 1265 3602 XVII.
1298 3547 1463 3602 Conamina
1494 3547 1648 3602 cuiusdam
1680 3547 1816 3621 religiosi
1847 3547 1912 3605 ord.

1043 3760 1046 3789 ⁵
1085 3754 1240 3812 historiam
1262 3756 1409 3813 ecclesiae
1434 3770 1465 3812 et
1488 3757 1575 3812 divae
1592 3758 1838 3832 Thaumaturgae
1859 3742 1914 3814 Za·

176 3902 206 3945 et
222 3890 258 3945 de
276 3891 499 3965 propagatione
515 3908 543 3945 0·
561 3908 585 3944 s·
604 3890 636 3945 Β.
661 3891 689 3944 in
713 3890 833 3944 Boffimia
855 3902 885 3944 et
904 3889 1005 3944 Mora,
1043 3864 1046 3929 ζ
1087 3863 1258 3917 roliccnsis.
1281 3862 1368 3918 Fasc.
1387 3881 1450 3918 var.
1469 3861 1583 3918 lormac
1599 3881 1622 3918 S.
1641 3881 1710 3937 pag.
1729 3861 1814 3936 Sign.
1832 3863 1912 3919 arch.

175 3997 233 4051 via.
250 3994 338 4050 Fasc.
352 4011 415 4048 var.
433 3993 547 4049 Iormac
562 4014 585 4049 s.
599 4012 669 4069 pag.
687 3990 771 4066 Sign.
785 3994 866 4048 arch.
880 3991 918 4047 G.
931 4013 961 4067 g.
976 3992 1004 4047 6.
1044 3936 1046 4025 l
1087 3964 1125 4020 G·
1143 3964 1172 4021 l‘·
1195 3980 1241 4038 19·

263 4099 312 4155 Vl.
329 4098 568 4154 Dissertationes
581 4097 955 4173 diplomatico-historicae
968 4096 1005 4154 de
1044 4088 1046 4145 f
1172 4103 1231 4164 Ad
1243 4103 1426 4166 historiam
1440 4103 1660 4166 ecclesiastic
1663 4125 1719 4166 am
1730 4105 1912 4167 Bogmiae:

1170 4247 1281 4303 XVIII.
1305 4249 1505 4304 Instrumenta
1528 4251 1584 4304 uti:
1609 4248 1709 4304 bullae
1732 4249 1913 4323 pontiliciae,

176 4305 261 4382 3¹2³·
278 4308 361 4364 asch·
379 4306 417 4363 G·
435 4328 465 4382 g·
484 4321 511 4381 7·
1085 4352 1209 4407 decreta
1226 4354 1450 4428 episcoporum,
1472 4353 1631 4428 privilegia
1653 4356 1867 4429 imperatorum
1884 4366 1914 4409 et

263 4413 328 4470 VH'
345 4411 449 4470 COde'l
467 4412 838 4487 dlplomanco'hffitoncus
853 4430 908 4486 pso
923 4430 1004 4467 com·
1084 4468 1196 4512 statuta
1206 4457 1364 4512 ecclesiam
1375 4457 1637 4533 metropolitanam
1647 4460 1833 4533 Pragensem
1843 4477 1913 4515 con·

175 4516 655 4695 ἓέζὲἀζῐῗζέἓίἒὺῑῖθάκω
682 4515 757 4572 COd'
783 4518 810 4571 ln
835 4515 886 4571 ἴοι
911 4530 951 4588 39
974 4535 1003 4591 μ
1042 4604 1045 4675 p
1084 4563 1246 4618 cernentia.
1264 4562 1352 4618 Fasc.
1364 4564 1466 4618 variae
1479 4562 1593 4619 formae
1608 4582 1631 4619 s
1645 4582 1716 4639 pag.
1734 4561 1818 4638 Sign.
1833 4562 1912 4619 arch.

1042 4687 1045 4785 Ι
1085 4665 1178 4721 G.m.
1201 4680 1226 4720 1.

261 4726 343 4783 VllI.
375 4725 548 4781 Chronicon
576 4744 674 4781 rerum
707 4723 942 4780 memorabilium
975 4727 1003 4780 in
1209 4792 1215 4804 ·
1298 4792 1305 4806 1
1490 4793 1496 4806 ²
1713 4795 1720 4808 .

175 4831 316 4887 Boemiae
333 4849 429 4905 regno
447 4843 600 4905 gestarum
617 4829 654 4885 ad
668 4830 801 4887 ordinem
815 4849 838 4886 s
850 4829 1001 4886 Benedicti
1171 4791 1352 4855 H¹⁸t⁰r¹⁰a
1369 4793 1543 4855 eceleffiae
1560 4806 1773 4876 generanm

175 4939 375 5010 spectantium
399 4935 438 4992 ab
462 4955 540 4992 anno
567 4933 770 5008 856—1651.
799 4936 873 4993 Cod.
899 4935 1003 4991 insol.
1042 4966 1044 4979 ι
1170 4929 1251 4985 ΧΙΧ.
1281 4928 1453 4985 Chronicon
1483 4930 1738 4987 Laureacensium
1766 4947 1796 4988 et
1826 4934 1912 4989 Pata·

180 5055 235 5113 153
254 5061 284 5116 p.
302 5040 385 5116 Sign.
403 5043 485 5098 arch.
501 5041 539 5098 G.
558 5060 587 5115 g.
610 5055 655 5114 15.
1083 5037 1228 5091 niensium
1243 5034 1541 5111 archiepiscoporum
1554 5050 1679 5092 auctore
1692 5037 1846 5094 Bernardo
1856 5039 1912 5095 No·

263 5146 314 5202 IX.
328 5146 577 5221 Diplomatarium
592 5148 765 5202 monasterii
778 5145 1004 5203 Strahoviensis
1084 5143 1148 5197 rico
1174 5140 1323 5195 monacho
1348 5139 1577 5209 Cremisanensi;
1603 5156 1719 5198 erutum
1743 5163 1781 5199 ex
1804 5142 1912 5200 biblio·

176 5249 293 5323 Pragae
309 5250 373 5307 ord.
391 5252 507 5308 Praem.
528 5251 567 5309 ab
583 5271 662 5308 anno
684 5265 903 5325 1350-1752.
928 5250 1002 5309 Cod.
1043 5214 1045 5291 l
1086 5249 1173 5304 theca
1189 5245 1400 5303 Valdhusiana.
1417 5246 1492 5304 Cod.
1510 5248 1606 5304 insol.
1626 5263 1663 5321 25
1682 5267 1712 5323 p.
1729 5246 1813 5324 Sign.
1831 5249 1910 5306 arch.

179 5355 207 5409 in
224 5353 275 5410 Iol.
292 5374 316 5411 s.
334 5376 404 5432 pag.
423 5355 507 5430 Sign.
525 5358 605 5414 arch.
624 5356 661 5414 G.
679 5375 709 5431 g.
733 5371 778 5429 19.
1043 5296 1046 5423 l
1086 5356 1123 5414 G·
1141 5373 1178 5410 ¹¹¹·
1196 5368 1225 5427 5·
