4178 6196
875 505 917 515 —
963 467 1074 530 XVII
1120 504 1160 514 —

139 705 208 756 est.
245 693 488 776 Wolfgangus
504 692 584 790 pius
600 693 792 774 episcopus
808 693 1097 769 Ratisbonensis,
1120 691 1213 754 fidus
1229 693 1288 755 ille
1305 712 1332 755 s.
1350 694 1537 756 Benedicti
1552 692 1656 775 filius,
1678 693 1885 756 Bohemiam

140 833 317 915 potestati
348 851 435 894 suae
466 831 662 894 subiectam
693 852 715 893 a
747 831 901 893 dioecesi
932 851 996 893 sua
1027 831 1182 894 seiunxit
1214 842 1249 894 et
1281 837 1341 910 973
1367 832 1638 895 Benedictinum
1669 832 1886 895 Tietmarum

140 971 497 1053 Magdeburgensem
520 969 671 1051 primum
703 989 788 1031 suae
820 970 1011 1051 potestatis
1044 971 1251 1050 episcopum
1281 970 1502 1052 Pragensem
1533 971 1681 1053 agnovit
1697 973 1730 1052 ¹).
1768 971 1884 1033 Huius

141 1110 255 1192 igitur
270 1111 336 1171 sub
353 1108 522 1190 auspiciis
546 1108 632 1170 ordo
656 1107 807 1188 primum
832 1108 1047 1170 domicilium
1076 1108 1112 1169 in
1129 1108 1301 1170 Bohemia
1325 1110 1534 1172 conlocavit.
1566 1109 1699 1199 Wlada
1716 1111 1808 1173 enim
1825 1111 1884 1192 pia

141 1250 247 1312 ducis
263 1248 334 1311 filia
351 1268 431 1310 cum
455 1248 696 1329 compluribus
719 1247 775 1309 sui
798 1247 972 1309 similibus
995 1248 1118 1309 adiuta
1141 1268 1162 1309 a
1185 1247 1295 1309 fratre
1317 1248 1482 1310 Boleslao
1499 1249 1543 1311 II.
1568 1259 1651 1329 post
1674 1269 1804 1311 annum
1822 1270 1884 1329 970

141 1388 297 1469 primum
320 1408 347 1451 s.
373 1385 530 1468 Georgio
555 1386 757 1448 dedicatum
782 1386 993 1448 coenobium
1017 1387 1267 1448 monacharum
1292 1387 1433 1469 Pragae
1458 1387 1616 1449 condidit
1631 1389 1665 1468 2).

277 1525 414 1607 Viginti
438 1525 539 1587 annis
563 1534 646 1604 post
668 1523 833 1586 monachi
856 1523 924 1604 ipsi
948 1524 983 1586 in
1007 1543 1049 1585 ea
1072 1535 1185 1605 terra,
1219 1544 1288 1605 quo
1320 1524 1389 1587 iam
1418 1536 1471 1589 tot
1499 1527 1681 1607 apostolos
1704 1526 1884 1609 miserant,

143 1684 294 1727 manens
318 1664 533 1728 domicilium
557 1662 745 1725 aedificato
762 1662 978 1726 monasterio
995 1663 1253 1726 Blevnoviensi
1276 1664 1343 1725 sibi
1361 1664 1629 1727 constituerunt.
1661 1664 1780 1727 Prima
1796 1667 1885 1727 haec

144 1804 286 1866 colonia
309 1824 331 1866 a
354 1823 381 1866 s.
406 1803 616 1882 Adalberto,
640 1804 798 1864 secundo
823 1802 995 1883 episcopo
1019 1803 1203 1884 Pragensi,
1229 1805 1383 1864 deducta
1407 1812 1471 1884 est,
1497 1804 1556 1885 qui
1580 1804 1657 1885 ipse
1681 1804 1763 1866 olim
1784 1815 1885 1867 veste

143 1943 299 2024 simplici
322 1962 349 2004 s.
374 1941 561 2004 Benedicti
585 1941 725 2003 Romae
750 1941 784 2002 in
807 1941 1021 2003 monasterio
1045 1960 1072 2002 s,
1097 1940 1218 2003 Alexii
1252 1952 1287 2003 et
1316 1941 1492 2003 Bonifacii
1522 1941 1667 2004 indutus
1698 1963 1791 2006 anno
1822 1948 1883 2022 993

143 2081 333 2143 duodecim
357 2080 548 2143 monachos
570 2100 615 2142 ex
632 2082 758 2143 eodem
782 2078 954 2142 coenobio
978 2079 1218 2160 advocavit3).
1264 2080 1319 2141 Ibi
1335 2080 1498 2142 monachi
1519 2081 1627 2161 paulo
1651 2093 1733 2162 post
1758 2080 1884 2145 officiis

142 2218 280 2280 ordinis
303 2218 405 2301 fungi
429 2228 633 2299 coeperunt.
674 2218 886 2282 Sedularum
910 2219 1030 2299 apium
1053 2219 1122 2280 ritu
1146 2218 1227 2280 hinc
1255 2218 1385 2300 partim
1415 2218 1583 2280 eremitae
1611 2220 1740 2299 partim
1764 2221 1885 2301 plures

143 2356 358 2439 congregati
382 2356 418 2418 in
441 2357 519 2419 loca
545 2358 689 2418 deserta
711 2356 880 2437 intrepidi
904 2365 1151 2437 penetrarunt,
1181 2357 1289 2418 silvas
1314 2356 1543 2419 densissimas
1566 2358 1783 2440 exciderunt,
1812 2359 1885 2421 exi·

143 2496 228 2578 guis
251 2496 325 2557 suis
349 2495 447 2558 cellis
472 2504 507 2558 et
531 2495 691 2558 ecclesiis
715 2495 855 2577 signum
873 2495 998 2558 salutis
1015 2495 1267 2576 imposuerunt.
1300 2496 1379 2558 Hoc
1403 2498 1507 2558 modo
1532 2497 1674 2558 saeculo
1698 2497 1885 2559 undecimo

143 2633 384 2715 Raigradium
399 2635 422 2713 ⁴)
448 2642 484 2695 et
507 2633 868 2716 Monacogradecium
883 2636 907 2713 ⁵)
931 2634 1147 2697 monasteria
1171 2646 1249 2696 orta
1272 2645 1363 2697 sunt.

277 2773 312 2835 A
340 2773 553 2835 monasterio
581 2773 838 2835 Blevnoviensi
870 2791 897 2836 s.
928 2772 1126 2854 Procopius
1158 2772 1342 2853 profectus
1370 2773 1521 2853 primum
1554 2774 1588 2835 in
1616 2774 1806 2836 solitudine
1838 2778 1884 2837 ad

143 2910 353 2975 Saczawam
377 2911 527 2992 delituit,
556 2920 682 2991 postea
704 2930 800 2993 ver0,
833 2931 911 2973 cum
936 2911 1126 2974 sanctitate
1151 2911 1226 2973 eius
1256 2912 1455 2992 complures
1482 2911 1542 2974 alii
1566 2912 1813 2995 adficerentur,
1839 2932 1884 2975 ex

142 3053 240 3132 stipe
258 3053 399 3114 conlata
415 3052 583 3113 sacellum
600 3063 635 3113 et
652 3051 902 3113 monasterium
920 3050 1131 3133 aedificavit,
1155 3052 1189 3113 in
1210 3071 1279 3132 quo
1299 3054 1365 3114 sub
1389 3051 1514 3133 regula
1538 3071 1564 3113 s.
1586 3051 1772 3114 Benedicti
1795 3052 1884 3114 mili-

141 3192 272 3252 tabant
285 3189 320 3267 ⁶).
359 3189 463 3271 Quod
486 3191 689 3271 exemplum
719 3190 824 3252 etiam
848 3190 1018 3253 Nicolaus
1042 3191 1319 3253 Blevnoviensis
1343 3201 1487 3253 secutus
1512 3191 1546 3252 in
1569 3191 1647 3253 loco
1671 3194 1813 3253 deserto
1837 3195 1883 3254 ad

143 3327 386 3410 Opatovicum
408 3347 521 3409 prope
544 3328 900 3411 Reginogradecium
924 3329 1048 3391 cellam
1073 3329 1141 3391 sibi
1165 3329 1361 3411 exstruxit,
1392 3349 1438 3391 ex
1462 3350 1532 3410 qua
1556 3338 1682 3410 postea
1706 3340 1882 3392 monaste·

142 3467 233 3528 rium
258 3466 390 3547 prodiit
405 3467 439 3547 ⁷).

274 3604 376 3667 Haec
400 3604 507 3687 igitur
529 3607 745 3669 monasteria
762 3607 922 3670 coloniae
939 3616 1040 3670 erant
1057 3608 1259 3688 Btevnovii‚
1278 3609 1373 3688 quod
1389 3608 1515 3690 ipsum,
1536 3617 1576 3669 ut
1592 3627 1699 3689 supra
1716 3608 1880 3689 diximus,

140 3743 318 3824 originem
353 3762 400 3805 ex
430 3744 645 3806 monasterio
674 3763 700 3808 s.
731 3745 853 3807 Alexii
885 3755 921 3808 et
953 3745 1129 3808 Bonifacii
1160 3747 1326 3809 Romano
1365 3746 1484 3809 traxit.
1535 3746 1667 3808 Verum
1699 3746 1806 3808 etiam
1838 3766 1885 3809 ex

140 3880 336 3943 Germania
359 3882 446 3944 ordo
469 3901 582 3943 novas
606 3882 701 3944 vires
724 3883 874 3964 accepit.
907 3884 1094 3946 Boleslaus
1120 3885 1166 3948 ΙΙ.’
1189 3885 1281 3947 enim
1306 3885 1378 3946 dux
1403 3884 1606 3966 Bohemiae,
1632 3894 1802 3966 quantum
1822 3883 1885 3947 filii

275 4168 295 4248 ¹)
319 4169 421 4235 Frind,
446 4170 755 4244 Kirchengeschichte
778 4190 838 4228 von
862 4172 1007 4228 Bdhmen.

272 4279 294 4359 2)
318 4283 385 4338 Hoc
410 4285 623 4340 monasterium
647 4286 764 4358 magnis
789 4286 918 4341 fortunis
944 4300 1120 4342 exornatum
1138 4301 1210 4344 erat.
1243 4288 1310 4343 Non
1327 4289 1422 4342 minus
1443 4301 1501 4358 129
1518 4289 1576 4343 vici
1593 4287 1640 4343 vel
1658 4289 1737 4342 omni
1755 4287 1881 4352 ratione,

136 4395 186 4452 vel
213 4414 251 4451 ex
276 4409 362 4470 parte
386 4397 413 4451 ei
437 4395 548 4452 subditi
574 4410 668 4453 erant.
701 4396 792 4452 Frind
818 4397 835 4454 l.
861 4417 887 4454 c.

271 4504 295 4585 ³)
319 4508 365 4564 De
389 4509 447 4565 hoc
470 4511 654 4565 monasterio
678 4509 862 4566 exstruendo
894 4524 925 4566 et
958 4511 1133 4567 exomendo
1161 4514 1275 4587 optime
1303 4513 1411 4567 meruit
1434 4511 1590 4567 Boleslaus
1615 4512 1652 4566 11.
1692 4512 1758 4566 Dux
1783 4509 1881 4566 Bohe-

133 4624 225 4677 miae.
258 4620 352 4676 Vide:
377 4621 474 4678 Breve
497 4621 671 4679 Chronicon
695 4624 921 4680 Blevnoviense
946 4637 977 4679 et
1000 4623 1209 4702 Ziegelbauer,
1234 4624 1418 4680 Geschichte
1442 4641 1502 4679 von
1526 4625 1675 4680 Bievnov.

271 4732 293 4810 ⁴)
317 4732 513 4808 Raigradium
537 4752 636 4810 prope
659 4736 787 4791 Brunam
812 4738 841 4791 in
863 4736 1000 4792 Moravia
1024 4739 1111 4792 situm
1141 4735 1219 4809 1048
1244 4739 1273 4792 in
1297 4736 1442 4792 honorem
1471 4738 1638 4812 principum
1662 4735 1881 4810 Apostolorum

133 4866 152 4903 a
180 4845 331 4902 Bretislao
355 4846 378 4901 1.
411 4846 487 4903 duce
510 4846 673 4903 Bohemiae
705 4846 855 4903 conditum
887 4859 918 4904 et
943 4848 1120 4905 Meinhardo
1148 4846 1249 4904 abbati
1280 4849 1496 4905 Blevnoviensi
1528 4848 1667 4903 traditum
1700 4860 1755 4905 est.
1788 4847 1880 4904 Vide:

133 4959 252 5024 Dudik‚
277 4957 462 5015 Geschichte
486 4977 546 5016 von
570 4954 762 5034 Raigern‚'l.

270 5068 293 5148 ⁵)
317 5070 621 5162 Monacogradecium
650 5086 731 5144 1054
755 5073 875 5128 circiter
898 5072 1049 5129 conditum
1075 5090 1142 5128 esse
1166 5072 1290 5141 dicitur;
1321 5076 1485 5147 nonaginta
1506 5074 1591 5128 annis
1608 5085 1678 5148 post
1702 5073 1730 5127 in
1755 5092 1879 5148 posses-

131 5187 256 5241 sionem
282 5182 527 5239 Cisterciensium
551 5181 634 5241 abiit.
673 5184 710 5240 V.
735 5181 881 5250 Schaller‚
906 5183 1128 5259 Topographie
1152 5202 1211 5239 ron
1236 5185 1377 5241 Bdhmen.

270 5290 294 5375 ⁶)
319 5297 410 5354 Frind
433 5297 451 5353 l.
478 5314 504 5352 c.
529 5297 552 5353 l.

273 5407 296 5489 7)
319 5410 456 5477 Dobner‚
480 5411 612 5466 Monum.
638 5410 705 5466 hist.
730 5409 853 5465 Bohem.
