4178 6196
835 469 878 481 -
923 432 1048 496 LXIII
1092 469 1134 479 —

109 661 155 722 de
179 660 400 741 eloquentia.
438 657 556 741 Saepe
580 658 843 740 disputationes
867 659 1153 738 instituebantur,
1177 658 1212 721 in
1237 658 1367 740 quibus
1391 658 1557 740 discipuli
1579 659 1700 722 theses
1722 678 1853 741 propo-

110 800 200 862 sitas
224 798 471 862 defendebant
495 807 531 861 et
554 796 728 881 quidquid
756 808 879 862 contra
907 799 1108 880 dicebatur,
1136 798 1357 862 refellebant.
1403 797 1491 861 Cum
1522 797 1759 880 professores,
1793 799 1852 881 qui

111 939 323 1020 plerumque
352 958 399 1001 ex
427 937 682 1019 capitularibus
711 937 1035 1001 Cremifanensibus
1067 948 1185 1020 erant,
1216 947 1381 1019 spectata
1412 945 1533 1001 essent
1562 937 1712 1001 scientia
1743 949 1851 1020 atque

111 1077 255 1158 vlrtute,
280 1097 366 1140 mox
389 1075 521 1156 ubique
546 1075 699 1138 innotuit
721 1077 1095 1158 academiaenomen,
1128 1087 1236 1157 atque
1267 1075 1370 1157 pueri
1400 1067 1538 1138 nobiles
1565 1095 1636 1139 non
1664 1076 1776 1138 solum
1806 1096 1852 1139 ex

113 1216 264 1279 Austria
288 1228 325 1279 et
347 1215 544 1298 Hungaria,
569 1216 633 1277 sed
657 1215 764 1278 etiam
789 1236 808 1278 e
833 1214 1034 1296 Germania,
1051 1215 1213 1297 Francia,
1231 1215 1334 1277 Italia
1350 1214 1555 1295 frequentes
1571 1213 1853 1292 adveniebant1).

245 1355 285 1416 In
310 1354 492 1435 Bohemia,
517 1373 732 1436 quamquam
755 1355 851 1416 bello
875 1354 1022 1436 triginta
1049 1372 1221 1415 annorum
1249 1372 1408 1415 summae
1439 1362 1547 1433 atque
1578 1351 1854 1415 innumerabiles

113 1493 339 1558 calamitates
362 1505 465 1557 erant
488 1505 670 1576 acceptae,
695 1504 813 1556 tamen
838 1492 1061 1555 Benedictini
1085 1491 1292 1555 monasterii
1317 1490 1596 1553 Braunaviensis
1624 1491 1766 1553 scholae
1791 1490 1854 1594 im·

111 1633 218 1715 pigre
234 1652 383 1715 operam
399 1634 544 1696 dabant.
576 1633 704 1696 Abbas
720 1634 844 1696 Benno
862 1632 1140 1695 Braunaviensis
1158 1630 1407 1712 (ren-1646),
1433 1650 1512 1693 cum
1529 1630 1637 1713 (1624)
1655 1631 1855 1712 aperuisset

114 1773 276 1835 scholam
301 1774 449 1835 duarum
473 1772 651 1854 classium,
680 1791 751 1854 quo
773 1772 894 1853 plures
916 1773 1142 1834 traderentur
1165 1782 1270 1854 artes,
1299 1769 1419 1833 David
1443 1767 1637 1852 Georgium
1661 1768 1854 1833 Comerum

113 1910 473 1993 Hirschbergensem'
487 1913 519 1992 (e
543 1908 695 1991 Silesia),
719 1910 779 1991 qui
801 1909 900 1971 libris
924 1909 1029 1972 editis
1047 1929 1223 1992 *magnam
1250 1909 1392 1972 laudem
1420 1909 1613 1971 adsecutus
1640 1920 1718 1972 erat
1746 1918 1854 1990 atque

113 2049 295 2130 posterius
319 2050 434 2111 abbas
457 2049 662 2111 monasterii
686 2046 930 2111 Gottvicensis
954 2047 1072 2111 factus
1095 2058 1159 2128 est,
1190 2048 1415 2130 eloquentiae
1447 2049 1628 2111 doctorem
1658 2047 1853 2110 arcessivit.

99 2187 246 2250 *Paucis
271 2188 376 2250 annis
399 2197 482 2269 post
505 2187 649 2251 scholae
673 2189 762 2250 duas
785 2187 918 2250 adiecit
942 2188 1077 2250 classes
1101 2198 1209 2269 atque
1233 2187 1371 2250 clericis
1393 2187 1598 2250 monasterii
1626 2187 1680 2250 sui
1713 2207 1854 2250 cursum

112 2327 404 2409 philosophicum
426 2327 588 2407 instituit,
613 2327 659 2389 ad
683 2346 788 2408 quem
811 2327 918 2389 etiam
943 2327 1190 2390 adolescentes
1213 2327 1294 2391 laici
1318 2327 1608 2391 admittebantur.
1642 2326 1730 2391 Cum
1752 2310 1854 2390 multi

113 2465 198 2529 anni
223 2464 450 2528 transiissent
465 2464 562 2546 pleni
577 2465 807 2528 vexationum
823 2466 909 2529 belli
925 2465 1137 2547 calamitosi,
1160 2464 1422 2529 funestissimus
1446 2466 1579 2548 ingruit
1602 2486 1715 2528 annus
1733 2465 1853 2547 (1647),

113 2626 187 2687 quo
218 2615 364 2685 praeter
394 2606 527 2668 bellum
558 2614 594 2667 et
624 2605 864 2686 pestilentiam
897 2605 1006 2668 tertia
1040 2605 1207 2688 apparuit
1240 2605 1313 2667 irae
1348 2605 1515 2668 coelestis
1550 2606 1695 2684 nuncia,
1730 2606 1854 2668 fames.

113 2744 261 2807 Fratres
285 2744 584 2826 Braunavienses,
609 2745 669 2826 qui
693 2764 805 2826 usque
830 2746 876 2807 ad
900 2745 993 2807 hunc
1017 2764 1147 2807 annum
1170 2745 1268 2806 varie
1292 2744 1420 2826 agitati
1448 2744 1534 2807 nihil
1563 2745 1782 2808 remisissent
1811 2746 1855 2806 de

113 2883 299 2962 industria,
323 2892 363 2946 ut
385 2883 495 2946 vitam
519 2893 769 2966 sustentarent,
792 2884 828 2947 in
851 2884 1066 2947 monasteria
1090 2884 1339 2966 Blevnovium,
1362 2883 1610 2966 Raigradium,
1634 2906 1661 2949 s.
1676 2883 1854 2966 Procopii,

112 3045 140 3089 s.
172 3025 317 3088 Ioannis
349 3023 596 3107 confugerunt.
642 3025 739 3088 Pace
765 3024 1015 3105 Westphalica
1046 3024 1155 3107 (1648)
1188 3024 1392 3106 constituta,
1420 3024 1542 3087 schola
1566 3023 1853 3104 Braunaviensis,

113 3183 208 3244 quae
238 3164 346 3245 plane
378 3171 601 3244 cessaverat,
636 3165 754 3227 denuo
789 3162 948 3226 excitata
982 3183 1065 3226 mox
1096 3182 1226 3245 magna
1259 3163 1364 3225 laude
1399 3162 1554 3226 effloruit
1587 3182 1653 3245 per
1687 3165 1854 3226 abbatem

112 3302 361 3385 Augustinum
386 3305 637 3386 (1652-1663),
662 3305 722 3386 qui
739 3323 809 3366 non
825 3305 939 3366 solum
963 3323 982 3365 e
1006 3303 1216 3366 lesuitarum
1240 3302 1370 3366 scholis
1393 3303 1566 3366 rationem
1591 3303 1787 3366 studiorum
1811 3322 1854 3365 eo

112 3454 278 3524 tempore
302 3442 429 3505 merito
452 3446 669 3507 celebratam
692 3442 869 3524 assumsit,
901 3444 965 3506 sed
994 3443 1101 3505 etiam
1131 3444 1323 3506 monachos
1353 3461 1437 3505 suos
1467 3443 1513 3504 ad
1545 3443 1696 3506 docendi
1728 3462 1855 3505 munus

112 3582 357 3644 instituendos
380 3581 524 3645 lesuitis
547 3581 703 3644 tradidit.
751 3581 946 3664 Augustini
971 3591 1007 3643 et
1030 3581 1197 3662 Thomae,
1229 3580 1289 3662 qui
1318 3580 1369 3643 illi
1397 3581 1571 3644 successit
1602 3581 1854 3663 (roos-1700),

113 3721 244 3784 studiis
268 3720 403 3785 factum
428 3733 493 3802 est,
518 3731 556 3784 ut
580 3741 705 3783 cursus
728 3721 997 3803 philosophicus
1022 3730 1200 3784 cresceret
1228 3722 1263 3783 in
1291 3721 1421 3784 iustam
1445 3721 1602 3784 scholam
1634 3732 1670 3783 et
1701 3721 1856 3801 philoso-

114 3859 223 3942 phiae
248 3871 284 3922 et
305 3861 507 3944 theologiae
524 3861 705 3925 doctrinas
722 3861 1029 3941 complectentem.
1063 3859 1249 3942 Gymnasii
1265 3859 1484 3942 disciplinae,
1502 3861 1546 3922 de
1564 3860 1692 3942 quibus
1707 3861 1854 3923 multum

115 4018 160 4061 ea
183 3997 462 4080 amplificatione
487 4001 686 4062 detractum
711 4010 796 4078 erat,
821 3999 855 4061 in
877 3998 1064 4079 pristinum
1080 3999 1266 4061 restitutae
1284 4011 1365 4061 sunt
1381 4018 1448 4080 per
1462 4002 1630 4062 abbatem
1649 4000 1855 4061 Bennonem

114 4137 304 4202 thelium
323 4140 574 4220 (1738—1751),
599 4138 660 4221 qui
683 4137 785 4200 bellis
801 4135 1055 4201 Silesiensibus
1072 4137 1285 4200 monasterio
1302 4138 1561 4201 Braunaviensi
1578 4137 1857 4201 damnosissimis

116 4296 187 4340 non
211 4279 423 4357 perterritus
447 4297 512 4340 nec
536 4278 720 4360 impensae
744 4297 809 4340 nec
832 4277 946 4340 labori
974 4277 1137 4359 pepercit
1151 4279 1185 4358 2).
1231 4277 1329 4340 Idem
1361 4278 1489 4340 comite
1518 4277 1684 4360 Philippo
1712 4279 1856 4361 Kinsky

31 4406 36 4418 '
116 4417 293 4479 suadente
327 4425 435 4496 atque
462 4415 578 4479 Maria
601 4417 772 4481 Theresia
803 4416 1029 4499 imperatrice
1060 4426 1207 4498 optante
1239 4417 1512 4498 pulcherrimum
1544 4418 1640 4500 cepit
1671 4419 1856 4482 consilium

116 4552 328 4615 condendae
352 4553 388 4615 in
411 4555 498 4616 urbe
514 4554 634 4637 Praga
651 4555 856 4618 academiae
872 4574 1062 4636 puerorum
1077 4554 1256 4636 nobilium,
1273 4556 1329 4618 cui
1346 4566 1508 4637 sumptus
1532 4577 1552 4619 e
1576 4557 1855 4639 congregatione

117 4690 356 4755 Benedictina
380 4692 809 4756 Bohemico·M0raviensi
832 4695 1090 4776 praeberentur
1113 4703 1221 4774 atque
1243 4693 1467 4774 professores
1491 4715 1537 4757 ex
1561 4696 1684 4757 eadem
1709 4713 1858 4777 congre·

116 4831 264 4914 gatione
292 4832 526 4895 mitterentur.
573 4832 678 4914 Quod
702 4854 747 4896 ne
770 4832 890 4915 fieret,
923 4833 1037 4895 altera
1059 4831 1251 4894 Borussica
1281 4832 1482 4896 incursione
1512 4833 1720 4915 impeditum
1753 4844 1808 4895 est
1822 4835 1857 4912 ³).

251 5070 271 5148 ¹)
298 5071 388 5145 Hagn
412 5071 430 5126 l.
455 5091 480 5127 c.

249 5186 271 5264 ²)
296 5185 507 5250 blatauschek,
532 5185 717 5243 Geschichte
742 5187 795 5243 des
821 5186 1035 5262 Gymnasiums
1059 5187 1207 5243 Braunau.

247 5298 272 5376 ³)
296 5296 406 5354 Abbas
429 5299 540 5366 benno,
566 5312 598 5355 ut
621 5301 812 5375 propositum
831 5313 1057 5374 exsequeretur,
1082 5296 1513 5373 MagnoaldumZiegelbauer
1535 5294 1685 5376 (†1750),
1709 5301 1805 5355 virum
1822 5300 1859 5356 de

115 5412 207 5470 rebus
236 5412 355 5469 ordinis
379 5410 545 5468 scribendis
569 5414 805 5478 meritissimum,
839 5431 855 5468 e
885 5412 1073 5469 Zwiesaltern
1103 5413 1264 5468 advocarit
1295 5413 1324 5468 in
1355 5414 1568 5471 monasterium
1600 5433 1624 5470 s.
1648 5413 1860 5488 Margarethae
