4178 6196
851 450 1113 513 —LXI—

106 699 179 742 non
202 679 319 742 solum
343 679 389 741 de
412 676 529 740 causis
552 677 703 759 privatis
733 678 798 740 sed
829 677 936 740 etiam
966 675 1120 759 publicis
1151 685 1187 739 et
1217 674 1432 756 capitalibus
1462 673 1654 737 iudicabat.
1700 671 1741 736 In
1773 673 1850 735 eius

107 827 293 901 potestate
322 827 401 880 erat
428 816 632 880 docentium
660 816 943 898 discentiumque
973 815 1087 878 omnis
1118 815 1238 896 copia,
1270 812 1495 877 academicus
1525 832 1698 877 accensus
1705 862 1714 896 ,
1747 821 1851 911 typo-

108 957 288 1040 graphus,
323 955 506 1036 librarius,
542 975 607 1019 nee
643 975 714 1019 non
750 954 967 1037 amplificata
1004 953 1236 1018 universitate
1272 962 1381 1034 atque
1418 972 1463 1015 ex
1500 952 1670 1015 laicorum
1708 971 1850 1033 quoque

110 1115 260 1159 numero
284 1094 548 1176 professoribus
571 1094 701 1158 accitis.
718 1096 842 1156 horum
866 1112 1007 1173 uxoreS,
1036 1092 1149 1176 liberi,
1180 1092 1304 1155 famuli
1330 1090 1566 1172 famulaeque.
1612 1091 1709 1154 Nulli
1739 1089 1851 1172 magi-

110 1235 241 1297 stratui
264 1234 320 1296 ius
344 1242 421 1296 erat
444 1233 746 1314 comprehendere
771 1232 885 1296 civem
908 1232 1161 1314 academicum,
1185 1232 1253 1295 nisi
1279 1231 1334 1314 „in
1349 1230 1548 1315 flagranti“,
1573 1231 1682 1295 etsie
1707 1251 1849 1313 quoque

111 1392 225 1456 penes
248 1385 424 1436 rectorem
447 1381 524 1435 erat
548 1372 592 1435 de
614 1391 677 1434 reo
700 1371 879 1436 iudicium.
925 1372 1127 1435 Provocare
1157 1370 1291 1434 licebat
1319 1390 1340 1431 a
1368 1379 1507 1432 rectore
1536 1370 1582 1431 ad
1609 1370 1851 1434 academicum

111 1522 288 1593 senatum,
311 1511 553 1593 professorum
576 1510 856 1593 universitatem,
879 1511 962 1574 inde
986 1512 1032 1573 ad
1055 1509 1373 1593 archiepiscopum.
1404 1508 1565 1592 Insignia
1580 1510 1728 1574 rectoris
1749 1521 1851 1575 erant

111 1651 249 1714 mitella
272 1649 471 1713 holoserica
498 1648 612 1712 instar
634 1651 805 1713 abbatum
835 1657 944 1731 atque
976 1660 1173 1732 sceptrum,
1206 1651 1300 1731 quod
1330 1649 1367 1712 in
1400 1650 1540 1732 pompis
1570 1649 1851 1731 praeferebatur.

111 1789 302 1873 Dignitate
326 1789 479 1871 proximi
502 1797 604 1852 erant
626 1799 811 1871 prorector
835 1799 871 1850 et
893 1787 1203 1870 procancellarius,
1232 1788 1332 1851 cuius
1355 1798 1432 1851 erat
1461 1787 1553 1852 tueri
1583 1787 1661 1851 iura
1684 1798 1721 1852 et
1743 1788 1850 1871 privi-

111 1929 210 2012 legia
233 1927 476 1991 universitatis
499 1938 608 2010 atque
631 1928 666 1991 in
690 1926 935 2007 facultatibus,
968 1946 1060 2008 quae
1088 1937 1161 1989 tres
1190 1937 1306 2008 erant,
1333 1928 1536 1991 licentiatos
1562 1927 1783 2009 renuntiare,
1815 1940 1852 1991 et

114 2066 254 2129 decani.
299 2065 387 2129 Tres
409 2065 601 2130 facultates
629 2067 812 2128 habebant
835 2084 901 2127 sua
924 2084 1087 2147 quaeque
1112 2074 1247 2129 statuta
1270 2084 1442 2147 suamque
1466 2086 1585 2130 arcam
1609 2066 1851 2149 nummariam,

113 2205 384 2288 philosophicae
401 2215 438 2269 et
453 2203 679 2288 theologicae
696 2204 891 2267 communis
913 2212 990 2266 erat
1007 2222 1099 2283 arca,
1125 2223 1170 2265 ex
1187 2223 1259 2285 qua
1275 2213 1439 2285 sumptus
1454 2204 1684 2268 sollemnibus
1700 2205 1850 2289 agendis

114 2343 450 2427 suppeditabantur.

244 2482 353 2545 Vitae
376 2492 453 2546 erat
476 2502 613 2545 summa
636 2481 802 2545 alacritas
825 2490 933 2564 atque
957 2480 1127 2544 hilaritas.
1165 2480 1349 2544 Interdum
1373 2481 1409 2544 in
1433 2482 1559 2563 amplis
1582 2483 1698 2546 Aulae
1724 2483 1850 2565 spatiis

111 2641 244 2705 magno
269 2621 489 2684 audientium
513 2641 688 2685 concursu
716 2621 761 2682 de
788 2623 896 2684 rebus
924 2619 1172 2682 diversissimis
1199 2619 1366 2701 publicae
1398 2621 1659 2703 disputationes
1689 2622 1850 2686 institue·

111 2765 254 2845 bantur,
278 2762 316 2824 in
338 2761 466 2844 quibus
490 2781 560 2824 non
583 2761 697 2824 solum
720 2780 851 2843 magna
875 2760 1058 2823 doctrinae
1073 2759 1128 2822 vis
1144 2761 1209 2823 sed
1225 2760 1333 2822 etiam
1350 2778 1487 2822 summa
1504 2780 1588 2822 eura
1604 2781 1645 2823 ac
1662 2761 1850 2844 diligentia

110 2903 325 2984 apparebat.
370 2901 472 2982 Nam,
496 2910 536 2963 ut
558 2901 609 2963 ait
631 2900 940 2982 historiographus
964 2899 1216 2980 universitatis,
1242 2900 1359 2983 ,nicht
1383 2900 1583 2963 ideenloses
1604 2902 1850 2965 Brotstudium

112 3063 188 3104 war
213 3042 271 3104 die
295 3040 476 3124 Aufgabe,
500 3042 654 3103 sondern
679 3059 717 3102 es
741 3040 818 3123 galt
841 3040 904 3102 der
927 3040 1060 3102 hehren
1084 3039 1350 3102 Wissenschaft
1373 3040 1426 3102 als
1450 3039 1620 3102 solcher“.

246 3181 466 3243 Adiumento
494 3190 571 3243 erat
602 3179 761 3243 discendi
793 3178 934 3261 cupidis
965 3179 1181 3242 bibliotheca
1212 3198 1342 3261 magna
1372 3179 1541 3242 librorum
1576 3179 1680 3260 copia
1715 3192 1850 3262 ornata,

111 3340 231 3384 rerum
261 3319 473 3383 naturalium
501 3330 609 3401 atque
640 3318 952 3381 instrumentorum
981 3319 1209 3401 physicorum
1240 3318 1403 3382 collectio
1436 3319 1622 3383 uberrima.
1670 3319 1849 3402 Quantum

110 3459 224 3522 fuerit
247 3458 444 3521 studiorum
467 3468 657 3540 certamen,
682 3456 843 3538 inprimis
866 3478 913 3520 ex
936 3477 1067 3541 magno
1092 3477 1213 3520 eorum
1240 3476 1386 3520 numero
1417 3437 1641 3541 intelligitur,
1672 3459 1732 3541 qui
1760 3459 1853 3523 intra

112 3608 258 3661 centum
290 3616 403 3660 annos
431 3600 670 3678 (1618-1718)
701 3598 836 3680 gradus
867 3597 1091 3661 academicos
1122 3597 1277 3660 assecuti
1307 3607 1399 3660 sunt.
1446 3596 1537 3661 Sunt
1570 3599 1663 3661 enim
1693 3599 1729 3662 in
1759 3600 1851 3681 albe,

113 3737 213 3819 quod
237 3744 367 3798 exacto
390 3737 457 3798 hoc
471 3736 599 3816 spatio
622 3736 773 3816 primum
797 3736 900 3799 simul
920 3745 1028 3818 atque
1048 3735 1209 3799 ultimum
1225 3735 1359 3798 editum
1375 3744 1431 3799 est
1447 3741 1529 3800 3862
1547 3739 1852 3819 baccalaureatus,

115 3881 200 3953 2452
227 3874 444 3958 magisteria,
473 3895 531 3954 ¹79
556 3876 761 3938 doctoratus
777 3877 810 3956 ¹).

218 4014 335 4078 -Cum
369 4034 505 4078 summa
538 4014 681 4078 floreret
720 4015 917 4078 litterarum
955 4014 1051 4077 fama
1087 4015 1214 4098 „Alma
1248 4026 1361 4079 mater
1395 4015 1709 4092 Benedictinorum
1744 4016 1853 4080 Salis·

112 4153 338 4237 burgensis“,
369 4173 501 4237 magna
532 4163 610 4217 erat
641 4155 843 4217 auditorum
876 4154 1075 4217 celebritas.
1120 4154 1201 4217 Non
1235 4156 1347 4217 solum
1380 4175 1401 4217 a
1434 4155 1748 4219 Benedictinorum
1778 4157 1854 4220 fere

115 4294 279 4357 omnibus
302 4293 537 4374 monasteriis,
563 4313 654 4375 quae
677 4305 779 4358 erant
797 4294 833 4357 in
850 4292 1051 4375 Germania,
1069 4293 1226 4374 Austria,
1244 4294 1426 4375 Bohemia,
1442 4294 1640 4377 Hungaria,
1664 4296 1852 4359 sedetiam

116 4433 264 4495 aliorum
296 4432 459 4496 ordinum
491 4432 623 4515 clerici,
654 4442 694 4496 ut
716 4433 1012 4515 Augustinorum,
1043 4432 1347 4514 Cisterciensium,
1371 4433 1787 4516 Praemonstratensium,
1818 4436 1854 4498 in

116 4572 209 4635 hanc
232 4584 478 4637 convenerunt
501 4574 778 4637 universitatem.
817 4574 971 4657 Magnus
995 4573 1103 4637 etiarn
1127 4573 1296 4636 nobilium
1322 4584 1399 4636 erat
1421 4593 1602 4654 numerus,
1631 4593 1697 4636 nec
1727 4575 1857 4638 desunt

117 4712 152 4774 in
175 4711 372 4774 matriculis
390 4712 615 4795 theologicae
632 4723 667 4775 et
683 4712 853 4776 iuridicae
876 4712 1057 4775 facultatis
1074 4713 1215 4775 nomina
1231 4713 1478 4793 illustrissima,
1500 4723 1540 4776 ut
1555 4689 1710 4795 AttemS,
1723 4713 1858 4777 Auers-

118 4870 220 4934 perg,
247 4851 454 4933 Batthyani,
478 4851 644 4933 Brandis,
668 4852 869 4935 Bissingen,
895 4852 1059 4934 Cobenzl,
1089 4852 1236 4933 Colalto,
1262 4853 1457 4933 Collored0,
1482 4850 1658 4932 Coronini,
1682 4851 1857 4917 Dietrich·
1896 4898 1899 4903 -

277 5088 298 5168 ¹)
323 5091 464 5165 Longum
489 5102 545 5156 est,
570 5109 746 5148 enumerare
770 5110 874 5148 corum
900 5094 1029 5158 nomina,
1054 5096 1104 5166 qui
1129 5094 1294 5149 litterarum
1321 5092 1397 5147 fama
1414 5093 1590 5148 enituerant.
1624 5093 1856 5151 Emonasteriis

119 5219 206 5262 extra
232 5204 308 5260 sines
334 5205 451 5279 imperii
476 5201 627 5259 Austriaci
651 5205 717 5259 sitis
740 5204 768 5259 hi
787 5217 889 5261 erant:
914 5205 1104 5262 Coelestinus
1128 5202 1282 5259 Sfondrati
1305 5202 1526 5277 Sangallensis‚
1555 5206 1605 5279 qui
1630 5220 1737 5281 postea
1760 5209 1858 5264 cardi·

117 5319 194 5375 nalis
220 5317 322 5374 sactus
347 5328 403 5382 est,
428 5316 601 5372 Bernardus
624 5315 743 5385 Stuart,
772 5336 796 5373 s.
822 5314 924 5373 Iacobi
948 5314 1193 5383 Ratisbonensis,
1217 5318 1263 5372 vir
1285 5317 1314 5371 in
1338 5314 1429 5372 rebus
1452 5317 1669 5375 mathematicis
1700 5334 1730 5377 et
1760 5323 1857 5377 archi·

121 5431 284 5488 tectonicis
309 5428 520 5504 peritissimus,
545 5425 746 5484 Corbinianus
771 5429 906 5485 Thomas
929 5428 1149 5502 Elchingensis‚
1173 5427 1231 5483 alii.
