4178 6196
839 514 882 522 -
927 477 1059 540 XXIII
1105 515 1147 523 —

252 699 405 764 Saeculo
430 701 641 764 duodecimo
666 702 882 765 constitutae
904 713 987 764 sunt
1003 704 1188 766 abbatiae:
1213 706 1246 764 b.
1264 704 1400 765 Mariae
1418 715 1497 768 ets
1514 704 1613 766 Petri
1629 707 1674 767 de
1691 705 1817 768 CsatAr
1831 711 1864 787 1),

120 862 147 903 s.
172 840 335 902 Helenae
358 840 403 902 de
427 839 597 916 Fomvar,
621 841 654 902 b.
679 840 815 903 Mariae
841 843 885 904 de
908 841 1064 903 Diimiilk
1079 842 1113 923 1),
1145 843 1178 903 b.
1204 843 1339 904 Mariae
1368 844 1412 904 de
1437 841 1592 925 Szeplak
1607 846 1640 924 ³),
1673 863 1700 907 s.
1725 844 1864 907 Nicolai

120 981 166 1041 de
189 979 364 1041 Madocsa
377 980 413 1058 ⁴),
437 997 464 1040 s.
481 976 655 1060 Stephani
676 980 954 1060 Protomartyris
979 981 1023 1042 de
1047 980 1146 1043 Kaet
1161 984 1195 1060 5),
1220 982 1254 1042 b.
1271 980 1406 1042 Mariae
1431 981 1475 1042 de
1493 979 1652 1064 Giissing
1666 981 1701 1062 ὁ),
1725 1003 1752 1044 s.
1770 983 1864 1045 Mar·

120 1119 294 1199 garethae
319 1118 364 1180 de
387 1117 528 1180 Meszes
544 1119 577 1198 ⁷).

252 1256 404 1321 Saeculo
428 1256 615 1319 undecimo
636 1257 694 1319 vel
718 1258 928 1320 duodecimo
953 1258 1167 1320 exstiterunt
1191 1257 1374 1319 abbatiae:
1399 1259 1433 1319 b.
1451 1258 1586 1320 Mariae
1603 1260 1648 1320 de
1664 1259 1860 1339 Babolcha‚

119 1416 168 1458 ss.
192 1395 344 1458 Cosmae
368 1405 404 1459 et
420 1395 585 1459 Damiani
602 1397 647 1458 de
663 1396 823 1479 Ludany,
848 1370 893 1458 ss.
911 1395 1109 1460 Salvatoris
1127 1396 1398 1477 deKapornak,
1423 1418 1468 1459 ss.
1487 1398 1744 1477 Apostolorum
1762 1398 1864 1460 Petri

120 1545 159 1597 et
182 1535 284 1597 Pauli
308 1536 354 1597 de
377 1535 574 1615 Taplocza,
606 1545 712 1598 natae
737 1535 958 1618 Angelorum
982 1536 1150 1617 Reginae
1175 1537 1219 1597 de
1243 1536 1433 1615 Kompolt,
1465 1556 1490 1598 s
1515 1535 1660 1599 Martini
1686 1537 1730 1599 de
1754 1537 1863 1599 Bulcs

119 1675 169 1736 ad
192 1672 371 1756 Solymos,
395 1694 421 1736 s.
446 1673 616 1735 Andreae
640 1674 808 1754 Apostoli
833 1675 877 1736 de
901 1673 1044 1754 Bistria,
1067 1675 1101 1735 b.
1127 1673 1262 1735 Mariae
1287 1674 1331 1735 de
1356 1674 1487 1735 Almad
1503 1672 1537 1754 ⁸).

252 1811 377 1873 Priore
400 1821 504 1892 parte
528 1811 661 1873 saeculi
685 1812 813 1874 decimi
836 1811 933 1874 tertii
949 1820 1096 1874 exortae
1114 1822 1196 1873 sunt
1212 1810 1399 1872 abbatiae:
1424 1831 1450 1873 s.
1468 1811 1590 1874 Iacobi
1608 1813 1651 1872 de
1668 1810 1863 1895 Lebeny9),

120 1970 148 2012 s.
173 1947 349 2031 Stephani
372 1950 417 2011 de
442 1930 545 2012 Telki
559 1951 605 2031 1ο),
638 1969 664 2012 s.
689 1950 877 2013 Benedicti
910 1952 954 2013 de
986 1949 1123 2014 Skalka
1155 1971 1219 2014 seu
1248 1953 1292 2014 de
1321 1951 1534 2031 rupibusu),
1567 1971 1593 2014 s.
1623 1948 1788 2032 Gregorii
1820 1952 1864 2012 de

120 2089 285 2168 Colocza‚
309 2107 355 2150 ss.
380 2087 636 2169 Apostolorum
660 2109 687 2152 s.
711 2090 810 2151 Petri
835 2100 871 2152 et
894 2090 996 2152 Pauli
1020 2092 1065 2153 de
1088 2092 1199 2171 Kacs‚
1224 2090 1370 2153 abbatia
1394 2088 1448 2151 de'
1463 2090 1604 2151 Aracsa
1620 2090 1666 2170 ¹²),
1691 2110 1717 2153 s
1743 2090 1864 2152 Iacobi

119 2229 167 2288 de
191 2227 379 2308 Eremos),
403 2245 430 2288 s.
455 2227 707 2309 Margarethae
731 2228 775 2289 de
799 2228 1005 2308 Hahoth14),
1030 2247 1057 2292 s.
1079 2227 1225 2312 Georgii
1251 2231 1295 2290 de
1318 2229 1460 2290 Dombd
1474 2229 1520 2309 ¹⁵),
1545 2248 1590 2291 ss
1608 2228 1793 2291 Trinitatis
1819 2230 1864 2290 de

119 2367 244 2428 Siklos
259 2365 304 2446 ¹⁶),
329 2367 579 2447 praepositura
602 2387 628 2429 s.
654 2368 840 2430 Benedicti
865 2369 909 2430 de
934 2366 1084 2450 Simigio
1109 2370 1197 2431 alias
1221 2366 1447 2449 Kaposfou).

256 2504 325 2566 His
344 2494 432 2567 'addi
455 2515 607 2586 possunt
630 2505 715 2568 talia
738 2505 963 2586 monasteria,
989 2525 1136 2586 quorum
1154 2506 1319 2588 origines,
1341 2526 1555 2587 quamquam
1572 2505 1741 2568 historiae
1758 2506 1865 2567 docu-

119 2653 244 2705 menta
268 2645 407 2724 desunt,
432 2653 550 2706 tamen
575 2645 621 2706 ad
644 2645 735 2706 hanc
759 2654 915 2707 aetatem
931 2643 1140 2706 referendae
1158 2657 1257 2706 sunt:
1282 2665 1309 2705 s.
1328 2645 1441 2706 crucis
1458 2644 1559 2707 iuxta
1575 2644 1724 2724 Muram,
1742 2664 1768 2705 s.
1788 2664 1864 2705 cru·

118 2782 172 2843 cis
197 2783 244 2844 de
268 2781 408 2862 Vertes,
433 2801 460 2845 s,
485 2782 599 2844 crucis
623 2783 667 2844 de
691 2781 795 2844 Telki
810 2781 856 2862 ¹⁸),
880 2802 907 2845 s.
925 2783 1071 2864 spiritus
1096 2785 1140 2845 de
1165 2783 1368 2862 Monostra‚
1393 2804 1419 2845 s.
1445 2782 1631 2845 Benedicti
1656 2783 1700 2843 de
1723 2782 1864 2854 Borchi,

258 3051 279 3130 ¹)
303 3054 460 3127 Regnante
484 3054 557 3109 Bela
580 3055 616 3110 11.
646 3054 725 3111 1108
750 3074 768 3110 a
791 3055 920 3110 Martmo
945 3057 1056 3110 comite
1080 3053 1267 3111 Saladinensi
1294 3055 1422 3111 condita.
1457 3056 1565 3110 Czinar
1589 3054 1606 3108 Ι.
1632 3072 1658 3108 1.
1683 3054 1704 3108 1.

256 3164 277 3243 ²)
301 3167 429 3223 Condita
453 3185 471 3222 a
495 3167 566 3222 Bela
590 3167 627 3222 11.
660 3168 768 3223 Czinar
792 3168 809 3222 l.
836 3187 861 3224 c.
886 3168 909 3222 1.

256 3275 279 3354 ³)
302 3276 367 3334 Sub
390 3277 495 3353 Geysa
517 3279 556 3334 11.
585 3293 663 3350 1143
690 3281 811 3335 circiter
835 3294 903 3335 orta
927 3281 1034 3335 Czinar
1058 3279 1075 3335 l.
1101 3299 1126 3335 c.
1152 3280 1173 3334 1.

255 3389 278 3467 ⁴)
302 3391 413 3446 Erecta
437 3409 492 3466 per
515 3392 655 3465 Magnum
680 3391 793 3448 Bikach
818 3392 964 3467 regalium
989 3394 1212 3447 tavernicorum
1237 3395 1421 3466 magistrum.
1455 3393 1562 3447 Czinar
1586 3392 1603 3447 l.
1629 3411 1654 3447 c.
1680 3392 1701 3447 1.

255 3501 278 3581 ⁵)
303 3504 371 3558 Dux
394 3503 483 3560 Belus
506 3504 606 3559 Banus
630 3507 711 3560 circa
740 3519 820 3577 1150
845 3505 902 3561 hoc
927 3507 1140 3560 monasterium
1166 3504 1299 3560 fundavit
1321 3507 1350 3559 in
1366 3505 1492 3579 proprio
1513 3503 1604 3558 fundo
1622 3522 1677 3559 suo
1694 3504 1769 3559 Caet
1787 3504 1866 3561 unde

73 3691 75 3695 Ι
120 3633 152 3672 et
177 3617 417 3673 Bau-Monostra
440 3619 633 3674 nominatum.
666 3618 774 3674 Czinar
797 3618 814 3673 l.
840 3637 866 3674 c.
892 3618 913 3672 1.

256 3724 278 3806 ⁶)
303 3729 445 3785 Erectum
470 3748 526 3804 per
548 3728 716 3786 Wolterum
741 3732 878 3786 comitem
904 3729 941 3785 de
964 3729 1090 3804 Gissing
1114 3749 1193 3785 anno
1222 3744 1300 3802 1157
1327 3730 1383 3786 sub
1408 3730 1511 3803 Geysa
1528 3748 1610 3802 rege.
1642 3730 1748 3785 Czinar
1765 3730 1782 3785 l.
1801 3749 1826 3785 c.
1845 3731 1867 3785 l.

257 3838 278 3918 7)
302 3840 406 3896 Almus
430 3840 489 3896 dux
514 3842 605 3897 Belae
629 3842 665 3897 11.
691 3843 771 3915 regis
795 3856 882 3916 pater
905 3845 1119 3897 monasterium
1145 3843 1202 3898 hoc
1227 3842 1370 3897 fundavit.
1404 3841 1511 3897 Czinar
1534 3842 1551 3896 l.
1578 3862 1603 3896 c.
1629 3842 1651 3896 1.

257 3947 279 4029 ⁸)
303 3953 411 4008 Czinar
435 3953 452 4008 l.
479 3972 504 4009 c.
529 3954 551 4009 1.

255 4063 279 4141 ⁹)
302 4065 517 4121 Monasterium
543 4065 601 4122 hoc
624 4084 642 4121 a
666 4067 806 4140 Cheparo
831 4080 861 4123 ct
885 4067 961 4121 Poth
986 4066 1130 4122 fratribus
1159 4067 1196 4122 de
1221 4081 1312 4141 gente
1336 4065 1532 4141 Hedervarya
1556 4067 1690 4122 oriundis
1720 4086 1755 4121 ac
1784 4066 1868 4120 Hun-

120 4181 230 4252 gariac
255 4177 439 4252 proregibus
462 4196 540 4234 anno
568 4192 649 4251 1209
674 4178 770 4234 ordini
794 4198 818 4234 s.
843 4179 998 4235 Benedicti
1022 4193 1069 4235 est
1092 4179 1253 4236 conlatum.
1278 4179 1387 4234 Czinar
1411 4178 1429 4233 l.
1454 4198 1480 4234 c.
1505 4178 1528 4232 Ι.

242 4285 278 4365 ¹⁰)
301 4287 434 4345 Abbatia
457 4289 531 4347 haec
555 4289 733 4347 liberalitate
758 4293 876 4347 comitis
901 4291 1001 4347 Micha
1025 4293 1110 4347 initio
1135 4290 1246 4347 saeculi
1271 4290 1352 4347 11111.
1377 4293 1517 4347 surrexit.
1551 4291 1658 4346 Czinar
1681 4291 1699 4346 l.
1718 4310 1743 4346 c.
1768 4291 1789 4345 1.

244 4400 280 4478 ¹¹)
303 4402 519 4459 Monasterium
543 4403 601 4460 hoc
626 4402 777 4459 conditum
802 4415 849 4459 est
872 4422 890 4458 a
913 4402 1027 4459 Iacobo
1052 4404 1194 4458 Nitriensi
1219 4404 1365 4478 episcopo
1390 4421 1468 4458 anno
1498 4418 1587 4474 1224.
1620 4403 1730 4458 Czinar
1754 4402 1772 4458 1.
1795 4421 1820 4456 c.
1845 4403 1868 4457 l.

248 4512 282 4591 ¹²)
307 4514 387 4571 Tres
411 4515 467 4571 hac
490 4513 630 4571 abbatiae
655 4517 712 4570 iam
736 4515 858 4572 saeculo
883 4515 954 4570 Xlll
979 4516 1155 4571 floruerunt.

243 4625 278 4702 ¹³)
302 4624 350 4681 Ab
374 4626 495 4683 Andrea
519 4628 556 4683 11.
582 4646 657 4701 rege
686 4641 766 4698 1230
790 4645 846 4702 pro
871 4629 1002 4683 eremitis
1027 4628 1288 4683 Benedictinorum
1313 4627 1442 4683 condita.
1477 4629 1584 4684 Czinar
1607 4628 1625 4684 1.
1651 4647 1676 4683 1.
1703 4627 1725 4682 1.

244 4736 278 4816 ¹⁴)
303 4738 461 4812 Regnante
484 4738 605 4796 Andrea
629 4741 666 4797 11.
691 4758 765 4814 rege
789 4741 963 4814 Hungariac
994 4760 1012 4796 a
1040 4743 1150 4797 comite
1175 4739 1316 4796 Hoholde
1345 4743 1471 4813 eiusque
1504 4740 1570 4795 filiis
1604 4738 1783 4794 fundatum.⁴
1802 4740 1869 4794 (Izi-

116 4873 174 4910 nar
199 4853 218 4908 l.
247 4869 274 4907 c.
300 4852 321 4907 1.

242 4962 278 5042 ¹⁵)
302 4964 381 5021 Ante
404 4984 511 5021 annum
540 4979 617 5038 1247
644 4967 858 5022 monasterium
882 4966 940 5021 hoc
965 4967 1021 5020 iam
1047 4967 1159 5022 floruit.
1191 4966 1300 5022 Czinar
1324 4965 1341 5018 1.
1369 4983 1393 5018 1.
1419 4963 1440 5017 1.

247 5072 281 5155 ¹⁶)
307 5077 448 5134 Erectum
471 5091 541 5134 ante
564 5097 671 5134 annum
701 5093 781 5151 1249
806 5097 823 5133 a
847 5078 909 5133 Iula
934 5078 1026 5133 Ban0.
1061 5079 1169 5134 Czinar
1192 5078 1210 5133 l.
1236 5097 1261 5133 c.
1287 5079 1308 5132 1.

246 5187 281 5266 ¹⁷)
306 5190 519 5263 Praepositum
551 5191 624 5247 haec
656 5205 702 5246 est
733 5190 855 5245 fundata
885 5209 965 5246 anno
1001 5205 1079 5261 1252
1112 5188 1151 5244 ab
1180 5190 1267 5264 Moys
1291 5203 1321 5244 et
1345 5186 1516 5244 Alexandro
1548 5187 1616 5244 filiis
1645 5188 1735 5262 Moys
1759 5190 1868 5261 Magni.

113 5309 234 5362 lizinar
262 5302 279 5356 l.
306 5320 332 5356 c.
357 5303 379 5357 1.

245 5408 281 5490 18)
307 5415 364 5468 Per
386 5413 581 5470 Wladislaum
599 5415 637 5470 11.
663 5432 765 5488 regem
783 5415 957 5488 Hungariac
986 5413 1065 5486 1510
1091 5415 1185 5470 Monti
1212 5416 1384 5470 Pannoniae
1408 5411 1601 5471 adtributum.
1635 5415 1743 5472 Czinar
1765 5416 1782 5470 l.
1801 5434 1825 5469 c.
1848 5415 1871 5468 1.
