4178 6196
904 473 1152 534 -le—

287 694 527 759 Cremifanum
551 716 692 779 quoque
716 696 861 760 Henrici
884 697 929 761 H.
952 697 1003 779 pii
1027 697 1252 780 imperatoris
1275 718 1360 761 cura
1384 718 1449 781 per
1472 697 1703 763 Godhardum
1727 703 1895 764 abbatem

155 835 512 900 Altahae-Inferioris
535 836 679 900 ineunte
703 838 847 899 saeculo
870 835 1058 899 undecimo
1082 837 1277 900 excitatum
1302 847 1366 900 est.
1407 836 1559 900 Omnino
1584 858 1669 901 vero
1693 840 1759 902 hoc
1775 860 1896 902 mona·

156 974 313 1057 sterium,
337 985 529 1056 postquam
551 995 617 1057 per
632 975 864 1038 Altmannum
888 975 1096 1057 episcopum
1115 975 1390 1039 Passaviensem
1407 976 1509 1039 novis
1526 976 1709 1040 monachis
1732 976 1896 1059 frequen·

156 1124 270 1177 tatum
301 1122 374 1196 est,
406 1132 495 1194 quos
518 1113 761 1177 Theodoricus
791 1115 905 1176 abbas
937 1115 982 1176 ab
1011 1114 1206 1176 Altmanno
1237 1115 1451 1177 constitutus
1481 1135 1500 1177 e
1531 1116 1746 1179 monasterio
1779 1098 1913 1179 Gorce

154 1262 360 1334 vocaverat,
384 1252 505 1332 itaque
528 1252 629 1333 leges
651 1251 928 1334 Hirsaugienses
951 1251 1175 1314 introductae
1198 1261 1298 1333 sunt,
1329 1251 1491 1334 vigorem
1518 1252 1706 1334 pristinum
1734 1254 1895 1334 recipere

157 1391 327 1472 coepit1).

287 1529 409 1610 Atque
433 1527 540 1591 etiam
563 1528 785 1590 Lunaelacus
810 1536 846 1590 et
869 1527 1151 1590 Michaelburum
1175 1548 1255 1590 cum
1277 1528 1403 1610 regula
1426 1529 1530 1592 Beati
1547 1528 1728 1592 Guilielmi
1752 1531 1895 1594 abbatis

157 1668 303 1730 inducta
331 1677 437 1748 esset,
467 1666 685 1729 revixerunt.
727 1665 883 1748 Magnus
905 1665 962 1728 hic
986 1665 1197 1728 reformator
1231 1666 1345 1728 ordini
1374 1667 1550 1749 susceptis
1582 1670 1763 1732 monachis
1786 1669 1896 1751 laicis,

158 1806 216 1888 qui
241 1786 501 1869 etiam'fratres
524 1805 666 1867 barbati
689 1805 747 1867 vel
771 1804 940 1868 inliterati
962 1805 1198 1886 nominantur,
1222 1824 1353 1867 novum
1375 1824 1490 1888 genus
1514 1808 1712 1872 addiderat.
1761 1809 1896 1870 Horum

158 1953 243 2026 erat,
267 1944 472 2007 muneribus
495 1944 720 2007 inferioribus
742 1943 844 2025 fungi
868 1953 904 2006 et
927 1943 1132 2006 monasterii
1161 1943 1328 2025 regiones
1358 1944 1541 2007 silvestres
1571 1945 1608 2008 in
1639 1967 1802 2010 arvorum
1826 1947 1897 2010 for-

157 2104 249 2146 mam
272 2084 447 2166 redigere.
485 2083 653 2147 Monachi
676 2092 795 2146 autem
819 2081 897 2163 ipsi,
921 2082 1050 2145 fratres
1073 2082 1231 2164 litterati,
1255 2083 1355 2164 operi
1377 2081 1456 2163 Dei,
1484 2103 1674 2164 puerorum
1699 2085 1895 2167 disciplinis

156 2223 355 2305 litterisque
378 2223 558 2285 vacabant
573 2223 607 2302 ²).
652 2221 731 2284 Hoc
761 2221 924 2285 instituto
956 2221 1063 2284 etiam
1095 2242 1115 2284 a
1146 2221 1372 2285 monasteriis
1396 2222 1596 2286 Austriacis
1628 2236 1777 2307 accepto
1810 2227 1896 2288 ordo

157 2364 192 2425 in
216 2362 429 2444 exequendo
453 2380 598 2423 munere
621 2380 751 2443 magno
776 2380 886 2442 opere
909 2361 1156 2424 adiuvabatur.
1195 2361 1358 2443 Longum
1381 2371 1436 2424 est
1459 2362 1620 2444 singulos
1651 2371 1784 2425 tractus
1813 2384 1898 2426 enu-

157 2521 304 2583 merare,
329 2501 390 2581 qui
413 2501 545 2562 sudore
569 2510 605 2562 et
628 2501 750 2562 labore
773 2499 1025 2562 monachorum
1049 2519 1071 2560 a
1093 2498 1237 2562 feritate
1261 2501 1308 2562 ad
1331 2500 1512 2562 meliorem
1536 2500 1632 2563 vitae
1661 2503 1793 2564 cultum
1817 2522 1896 2582 per-

159 2642 397 2714 ducebantur;
433 2641 500 2703 hoc
532 2639 690 2721 dicimus,
725 2640 837 2702 valles
865 2657 1034 2701 amoenas
1066 2638 1213 2720 Alpium
1242 2637 1526 2720 Austriacarum,
1560 2637 1895 2722 Salisburgensium,

158 2776 399 2861 Stiriensium,
438 2778 666 2842 Carnicarum
702 2779 833 2841 cultum
870 2788 978 2859 atque
1015 2777 1270 2839 humanitatem
1306 2775 1388 2839 filiis
1424 2799 1451 2841 s.
1480 2778 1667 2851 Benedicti
1706 2780 1896 2842 maximam

158 2929 298 3001 partem
322 2927 473 3000 accepta
496 2917 629 2981 referre
644 2919 678 2998 ³).

289 3057 355 3119 His
380 3057 532 3120 strenuis
556 3077 583 3121 s.
607 3056 793 3119 Benedicti
816 3054 907 3137 filiis,
933 3075 1080 3136 quorum
1104 3054 1246 3136 plurimi
1270 3054 1439 3118 Germani
1463 3064 1564 3118 erant
1586 3075 1729 3138 genere,
1753 3058 1898 3121 saeculo

160 3197 370 3260 duodecimo
394 3196 453 3259 alii
476 3216 516 3258 se
539 3197 792 3276 adiunxerunt,
822 3195 881 3277 qui
904 3213 1109 3275 spumosam
1133 3193 1345 3256 Brittaniam
1374 3194 1525 3274 patriam
1554 3205 1704 3277 vocant,
1736 3197 1900 3258 monachi

158 3334 318 3412 Scotici.¹
341 3333 494 3399 Saeculo
517 3333 704 3397 undecimo
727 3333 953 3397 Ratisbonae
977 3332 1231 3396 monasterium
1255 3353 1281 3396 s,
1306 3332 1437 3394 Iacobo
1462 3343 1708 3396 consecratum
1732 3333 1899 3397 condide-

157 3486 249 3539 rant.
294 3475 387 3537 Hinc
416 3478 495 3536 1158
522 3493 635 3554 parva
665 3493 771 3536 manu
803 3472 939 3555 egressi
964 3472 1134 3537 Sanctino
1165 3474 1299 3535 abbate
1331 3474 1422 3534 duce
1444 3471 1693 3534 Vindobonam
1725 3483 1901 3535 venerunt

158 3613 281 3694 ibique
304 3612 555 3675 monasterium
579 3622 615 3674 et
638 3611 830 3693 hospitium
854 3614 900 3674 ab
924 3611 1080 3674 Henrico
1103 3611 1334 3693 Iasomirgott
1356 3610 1471 3692 primo
1495 3610 1664 3673 Austriae
1698 3613 1788 3674 duce
1819 3632 1901 3675 con-

160 3772 300 3815 cessum
324 3753 562 3833 possederunt
577 3753 611 3830 4).

293 3953 312 4034 ¹)
336 3953 563 4011 Rettenbacher
586 3954 604 4010 l.
630 3971 673 4022 c.;
698 3953 829 4009 Loserth
853 3952 871 4007 l.
896 3970 922 4008 c.

293 4066 315 4146 ²)
337 4067 386 4125 Ab
411 4070 495 4125 initio
519 4068 637 4124 incolae
660 4067 910 4123 monasteriorum
942 4065 1006 4122 lere
1034 4083 1139 4121 omnes
1170 4064 1238 4121 laici
1269 4077 1364 4121 erant.
1410 4066 1515 4139 Neque
1549 4084 1614 4121 cum
1648 4066 1765 4142 plurimi
1798 4085 1901 4122 mona-

163 4181 287 4237 chorum
316 4180 431 4237 ordinis
462 4179 662 4237 sacerdotalis
692 4192 808 4246 essent,
841 4178 907 4234 laici
943 4177 1056 4234 exclusi
1085 4191 1180 4233 erant.
1226 4179 1271 4233 Ne
1298 4195 1316 4233 a
1344 4179 1527 4234 monasterio
1556 4177 1746 4235 Cluniacensi
1782 4179 1902 4253 quidem

160 4292 351 4350 arcebantur.
391 4294 430 4349 Hi
459 4295 536 4349 enim
565 4294 754 4368 potissimum
786 4305 888 4358 erant,
920 4292 970 4365 qui
1002 4291 1130 4346 animum
1161 4289 1246 4363 vulgi
1278 4291 1462 4346 monasterio
1494 4291 1698 4347 conciliarent.
1738 4292 1902 4347 Praeterea

163 4424 261 4480 neque
284 4407 405 4471 vestitu,
430 4423 529 4480 neque
552 4407 632 4461 votis
656 4422 674 4460 a
696 4405 821 4480 reliquis
850 4402 1042 4471 differebant,
1067 4415 1097 4458 et
1120 4403 1145 4458 si
1169 4404 1311 4459 scientias
1335 4405 1525 4459 necessarias
1553 4403 1610 4460 sibi
1640 4418 1915 4480 comparaverant,-

160 4521 200 4576 ad
223 4520 397 4593 dignitatem
420 4518 639 4576 sacerdotalem
662 4517 828 4575 ascendere
852 4528 1001 4593 poterant.
1041 4516 1226 4590 Hirsaugiae
1249 4533 1323 4571 vero
1347 4518 1501 4591 propriam
1518 4517 1653 4591 regulam
1671 4529 1855 4592 acceperunt
1872 4532 1902 4574 et

161 4635 308 4707 magistro
331 4630 443 4689 subditi
467 4634 556 4688 etiam
580 4631 661 4688 cultu
685 4628 820 4708 (tonsura
844 4633 969 4707 propria
992 4642 1022 4686 et
1046 4626 1154 4707 barba)
1182 4648 1201 4685 a
1224 4628 1342 4685 clericis
1373 4628 1552 4687 differebant
1584 4630 1621 4687 cl.
1645 4629 1799 4696 Mabillon,
1825 4629 1902 4686 Acta

160 4765 203 4802 ss.
228 4744 340 4802 ordinis
363 4764 388 4802 s.
414 4744 577 4813 Benedicti,
603 4744 640 4800 11.
669 4759 694 4801 1.
719 4764 801 4802 saec.
832 4758 862 4801 et
885 4745 935 4802 VI.
964 4743 1059 4820 praef.
1092 4755 1253 4818 praeterea
1283 4741 1417 4810 Kerker,
1450 4742 1590 4800 Wilhelm
1623 4743 1676 4798 der
1707 4741 1811 4817 Selige
1843 4762 1903 4800 von

160 4858 322 4915 Hirschau.

289 4970 313 5048 ³)
337 4971 459 5040 Quanta
482 4971 638 5046 diligentia
662 4972 799 5028 monachi
823 4988 915 5045 agros
939 4969 1101 5036 coluerint,
1132 4987 1168 5024 ex
1192 4969 1442 5025 monasteriorum
1467 4966 1611 5034 urbariis,
1644 4986 1721 5043 quae
1752 4967 1901 5037 dicuntur,

158 5085 269 5151 elucet,
293 5102 422 5158 quorum
446 5085 538 5140 multa
566 5084 604 5140 ad
634 5098 767 5140 nostram
794 5095 942 5139 venerunt
972 5083 1153 5137 memoriam.
1193 5081 1324 5138 Plurima
1355 5081 1555 5146 monasteria,
1588 5098 1655 5136 cum
1689 5080 1901 5148 conderentur,

157 5197 251 5253 silvas
275 5209 468 5272 acceperant,
492 5216 569 5272 quas
592 5194 801 5271 exstirpabant
824 5208 854 5250 et
879 5195 907 5250 in
932 5193 1067 5250 colonias
1099 5194 1211 5250 divisas
1241 5191 1384 5250 fratribus
1416 5193 1500 5249 laicis
1524 5192 1571 5248 vel
1595 5192 1766 5250 hominibus
1794 5212 1900 5250 saecu·

156 5309 271 5367 laribus
280 5309 531 5366 administrandas
544 5307 711 5366 tradebant.
729 5307 780 5365 Sic
794 5306 904 5363 iactum
916 5324 985 5363 esse
997 5305 1133 5363 videmus
1142 5306 1262 5374 Melicii,
1272 5306 1440 5380 Gottwigii,
1454 5304 1659 5375 Seitenstadii,
1671 5307 1832 5363 Cremiiani
1844 5320 1901 5362 etc.

289 5418 314 5499 4)
338 5421 503 5487 Hauswirt,
529 5419 712 5477 Geschichte
736 5420 790 5476 des
814 5418 920 5476 Stistes
943 5417 1091 5485 Schotten
1115 5421 1144 5475 in
1167 5418 1267 5475 Wien.
