4178 6196
901 467 1185 536 ..213-

170 650 249 731 ivit,
272 648 392 730 ibique
418 653 446 713 5.
468 649 563 732 Aug.
588 654 669 713 1858
695 651 899 713 sollemnem
921 670 1002 733 pro·

172 770 364 835 sessionem
384 770 511 834 emisit.
536 771 698 835 Mortuus
723 783 777 836 est
798 769 1002 855 praeclarus
1028 852 1031 856 ⁴

171 895 224 959 vir
240 895 297 957 die
319 915 365 973 17.
383 893 479 977 Aug.
500 898 580 974 1876
597 894 693 976 prior
709 904 907 958 conventus
919 893 1007 958 Car·

171 1017 369 1081 melitarum
385 1015 610 1079 laurinensis.
635 1014 802 1099 Scripsit:

258 1143 281 1199 1.
306 1144 364 1199 Die
388 1141 618 1200 Sternenkrone
641 1143 764 1200 Mariae.
790 1140 863 1222 (1.0.
882 1145 1002 1201 Corona

171 1248 323 1305 stellarum
345 1249 378 1304 13.
400 1248 440 1304 M.
457 1245 505 1326 V.)
533 1248 610 1305 Eine
637 1247 830 1324 zwolftagige
852 1248 1001 1305 Andacht.

173 1351 355 1426 Presshurg,
377 1350 468 1426 1848.
485 1351 527 1411 8⁰.
549 1350 605 1425 165
624 1373 654 1430 p.
671 1351 745 1410 Sine
761 1356 891 1410 nomine.

258 1457 296 1514 11.
313 1457 405 1515 Varia
420 1459 537 1515 minora
552 1460 582 1515 in
598 1457 648 1515 lib.
664 1457 797 1535 period:
822 1457 904 1530 „Der
919 1457 1002 1515 kath.

173 1563 304 1629 Christ“,
323 1573 368 1618 ut:
391 1564 423 1637 a)
439 1560 515 1618 Vom
532 1561 729 1637 Tischgebet.
752 1558 825 1640 (1.0.
849 1560 1003 1618 1)0110110-

171 1666 303 1724 dictione
319 1663 462 1746 mensae.)
484 1665 573 1740 1848.
597 1667 630 1742 b)
645 1667 702 1724 Die
715 1666 857 1742 Religion
872 1666 932 1723 und
944 1666 1003 1723 Re-

172 1772 318 1829 volution.
340 1768 369 1849 (i.
387 1790 413 1828 e.
436 1771 555 1846 Religio
577 1785 607 1828 01
626 1768 758 1850 50111110.)
783 1769 873 1845 1849.
902 1770 1003 1845 c)F.in

173 1877 263 1935 Wort
279 1874 355 1932 uber
368 1875 633 1955 Versohnlichkeit
653 1875 712 1932 und
733 1874 839 1933 Liebe.
862 1871 891 1952 (i.
911 1894 938 1932 e.
957 1875 1003 1931 De

171 1980 377 2059 placabilitate
394 1994 424 2036 et
441 1975 609 2058 charitate.)
626 1978 716 2054 1849.
740 1980 843 2056 171110
856 1979 1003 2036 1101101111-

171 2105 232 2163 gen
247 2085 302 2142 der
317 2085 401 2141 Welt
416 2084 475 2141 und
491 2084 545 2141 der
560 2084 682 2141 Kirche.
705 2080 735 2162 (i.
753 2103 780 2141 e.
802 2082 881 2161 Spes
902 2083 1002 2141 mundi

172 2206 203 2251 et
225 2186 397 2268 ecclesiae.)
426 2188 516 2264 1849.
551 2191 579 2264 e)
602 2190 659 2246 Die
679 2190 813 2265 Konigin
836 2189 890 2246 der
909 2191 1002 2267 Jung·

172 2298 277 2354 frauen
294 2295 352 2351 und
368 2294 416 2351 die
429 2296 562 2369 Kdnigin
575 2294 629 2351 der
641 2295 815 2352 Biissenden
832 2308 919 2351 unter
935 2294 1002 2351 dem

171 2405 292 2459 Kreuze
306 2401 388 2477 Jesu.
411 2396 440 2478 (i.
458 2418 485 2456 e.
502 2399 620 2474 Regina
635 2401 783 2474 virginum
800 2412 830 2457 et
846 2401 1002 2477 poeniten-

172 2512 245 2566 tium
268 2505 324 2563 sub
345 2523 436 2561 cruce
457 2501 547 2583 lesu.)
575 2503 665 2578 1850.
689 2505 728 2583 s)
752 2506 809 2561 Die
824 2505 1004 2580 Verehrung

171 2615 243 2691 Jesu
267 2614 306 2669 im
330 2609 433 2666 allerh.
454 2593 738 2667 Altarssaciament.
763 2606 793 2687 (i.
811 2628 837 2666 e.
859 2609 906 2667 De
923 2609 1003 2668 cultu

173 2719 241 2776 Iesu
258 2720 288 2774 in
304 2736 329 2773 s.
342 2715 446 2772 altaris
459 2711 671 2793 sacramento)
689 2714 778 2787 1850.
800 2717 836 2789 g)
847 2714 911 2772 Das
924 2714 1003 2771 Kind

173 2823 232 2880 und
254 2822 308 2879 der
325 2819 540 2894 Gekreuzigte.
565 2816 595 2898 (i.
617 2837 643 2876 e.
664 2820 813 2877 Puerulus
834 2819 1003 2879 0101110111-

172 2926 251 3005 xus.)
276 2924 366 3000 1850.
398 2926 431 2997 h)
450 2925 511 2982 Wo
532 2926 571 2981 ist
590 2924 645 2981 des
666 2925 807 2982 Christen
822 2922 1004 2982 Vaterland?

173 3029 203 3112 (i.
225 3051 252 3089 e.
277 3031 336 3089 Ubi
363 3043 411 3086 est
433 3031 531 3106 patria
555 3025 739 3108 christiani?)
769 3027 858 3103 1850.
893 3031 918 3104 i)
941 3031 1005 3086 Der

175 3134 293 3194 Glaube
307 3133 365 3191 und
379 3132 538 3208 Unglaube
548 3151 595 3188 am
608 3132 813 3191 Sterbebette.
830 3131 860 3212 (i.
874 3152 900 3190 e.
913 3133 1004 3190 Fides

175 3255 207 3298 et
218 3242 357 3318 impietas
369 3241 452 3295 iuxta
460 3233 658 3316 morientem)
675 3211 765 3311 185ὀ.
786 3237 817 3313 k)
830 3239 893 3294 Der
903 3238 1006 3295 Monat

174 3347 298 3404 Mariae.
316 3341 346 3423 (i.
363 3362 391 3401 e.
407 3343 520 3399 Mensis
535 3338 673 3417 Mariae.)
694 3339 783 3414 1850.
807 3342 1004 3416 1701001510

175 3451 383 3508 Communion.
405 3445 435 3526 (i.
453 3467 479 3504 e.
502 3447 601 3503 Prima
617 3443 809 3525 communio.)
831 3445 921 3519 1851.
946 3460 1004 3504 cet.

260 3578 334 3652 Iud
364 3590 644 3652 Willibaldus
676 3589 1004 3674 (Lambertinus),

175 3718 280 3772 natus
304 3719 359 3772 est
382 3710 418 3771 in
437 3709 643 3792 Hirschegg
663 3707 806 3791 Styriae
832 3730 882 3789 27.
899 3710 1004 3773 Mart.

179 3837 276 3911 1751;
293 3851 320 3895 s.
334 3830 559 3894 Benedictini
575 3831 708 3894 ordinis
719 3831 880 3895 habitum
893 3831 1007 3895 induit

174 3954 212 4017 in
234 3952 450 4017 monasterio
474 3972 501 4015 s.
522 3952 704 4016 Lamberti
733 3958 783 4018 16.
805 3953 884 4019 001.
913 3958 1004 4037 1766,

176 4077 232 4140 0111
249 4078 295 4140 ad
312 4076 388 4139 dies
403 4075 500 4138 vitae
515 4074 621 4138 fidem
634 4076 734 4139 vovit
752 4082 801 4141 28.
817 4075 895 4140 Oct.
914 4081 1005 4158 1767.

176 4199 363 4271 Absolutis
390 4199 425 4261 in
450 4199 529 4281 ipso
552 4199 767 4262 monasterio
791 4219 856 4263 suo
879 4200 1006 4264 studiis

175 4321 432 4405 philosophicis
456 4330 492 4384 et
516 4321 726 4405 theologicis
753 4323 903 4404 primum
927 4323 1006 4386 Deo

175 4444 305 4508 obtulit
318 4442 528 4506 sacrificium
540 4444 761 4507 incruentum
772 4450 800 4508 3.
811 4444 899 4528 Apr.
915 4464 1005 4524 1774.

175 4567 341 4631 Plurimis
355 4567 485 4629 exinde
498 4566 641 4629 functus
650 4574 705 4628 est
714 4567 927 4651 muneribus,
939 4566 1005 4631 sci-

175 4690 274 4753 licet:
291 4687 510 4751 Professoris
523 4689 725 4772 theologiae
738 4689 911 4772 simulque
925 4711 1006 4754 coo·

176 4811 352 4893 peratoris
375 4811 410 4874 in
432 4813 600 4893 parochia
622 4813 816 4895 claustrali,
838 4833 1007 4896 coopera-

177 4935 263 4998 toris
279 4935 315 4997 in
328 4935 566 5017 Edelschrott,
583 4945 623 4998 ut
635 4936 741 4999 etiam
754 4936 789 4998 in
801 4936 910 4999 Piber
926 4942 1004 5016 1783

176 5063 313 5140 -1786,
331 5060 473 5121 sublato
486 5058 700 5121 monasterio
714 5058 840 5122 decani
852 5058 888 5121 in
899 5059 1008 5121 Piber

181 5183 359 5262 1787-94,
380 5180 575 5263 provisoris
596 5181 642 5242 ad
663 5201 689 5242 s.
707 5178 938 5263 Stephanum,
962 5183 1008 5244 ad

177 5321 205 5366 s.
211 5301 394 5365 Nicolaum
407 5302 726 5385 penesDrassling,
736 5303 849 5366 curati
861 5303 897 5365 in
907 5303 1008 5366 Zeut·

177 5426 318 5508 schach,
336 5426 529 5506 provisoris
546 5426 581 5489 in
597 5426 760 5490 Lassnitz
779 5436 816 5490 et
835 5426 872 5489 111
888 5425 1008 5491 Schei-

1081 654 1162 742 ben,
1179 651 1443 733 poenitentiarii
1462 652 1498 715 in
1513 651 1620 717 Cellis
1636 653 1678 716 Β.
1690 652 1734 717 V.
1756 656 1912 734 1801—6,

1083 773 1165 836 dein
1190 792 1255 854 per
1283 777 1320 836 16
1344 794 1455 837 annos
1478 775 1640 858 magistri
1664 793 1853 856 puerorum
1877 773 1912 837 111

1082 896 1189 959 choro
1201 895 1429 959 cantantium.
1455 895 1555 962 Obiit
1567 917 1638 979 qua
1649 897 1767 960 senior
1779 905 1912 977 coetus,

1082 1016 1265 1100 professus
1278 1027 1314 1080 et
1323 1020 1491 1082 sacerdos
1503 1019 1661 1082 iubilaris
1671 1023 1702 1083 3.
1712 1018 1806 1102 Aug.
1821 1022 1911 1082 1835.

1169 1138 1304 1203 Edidit:

1169 1266 1268 1322 Meine
1279 1265 1494 1342 Gesinnungen
1506 1267 1585 1325 beim
1595 1267 1762 1342 jahrlichen
1770 1269 1913 1342 Bittgang

1083 1387 1138 1425 aus
1154 1369 1208 1426 der
1223 1370 1411 1447 Hauptstadt
1425 1371 1502 1429 nach
1518 1371 1670 1429 Mariazell
1686 1371 1746 1428 und
1761 1390 1808 1429 am
1821 1372 1912 1428 Feste

1084 1473 1139 1530 der
1155 1471 1366 1533 unbefleckten
1382 1475 1610 1552 Empfa'tngniss.
1632 1473 1661 1555 (i.
1679 1495 1705 1533 e.
1723 1475 1838 1533 Sensus
1855 1477 1911 1532 mei

1083 1580 1112 1635 in
1135 1597 1234 1635 annua
1256 1582 1501 1656 peregrinatione
1525 1599 1562 1637 ex
1583 1580 1743 1657 metropoli
1764 1581 1793 1637 in
1814 1579 1913 1638 Cellas

1082 1683 1234 1740 Marianas
1258 1697 1289 1740 et
1308 1687 1337 1741 in
1358 1684 1437 1742 festo
1458 1685 1666 1742 immaculatae
1682 1681 1913 1761 conceptionis.)

1083 1789 1116 1844 ln
1133 1787 1152 1845 6
1164 1789 1296 1845 Liedern
1312 1790 1371 1845 und
1388 1787 1465 1847 eben
1478 1809 1513 1846 so
1525 1790 1623 1847 vielen
1636 1789 1794 1846 Melodien.
1812 1788 1912 1854 Wien‚

1088 1891 1178 1949 1816.
1195 1891 1238 1951 8⁰.
1251 1908 1290 1966 32
1309 1913 1338 1970 p.
1363 1895 1501 1951 Dicatum
1517 1893 1690 1951 Alexandro
1707 1893 1833 1968 Rudnay
1849 1893 1913 1968 epi·

1085 2016 1181 2074 scopo
1191 1998 1456 2073 Transsylvaniae‚
1469 2012 1579 2074 postea
1590 1997 1823 2074 archiepiscopo
1836 1995 1912 2054 Stri-

1083 2105 1232 2180 goniensi.

1169 2233 1273 2328 Iung
1294 2244 1506 2307 Amandus
1531 2246 1564 2326 (a
1585 2263 1612 2307 5.
1633 2244 1761 2308 Petro
1784 2241 1912 2307 Salis-

1082 2361 1228 2445 burgi),
1252 2362 1445 2425 Tirolensis
1473 2383 1519 2426 ex
1541 2362 1784 2446 Rattenberg,
1808 2371 1913 2425 natus

1088 2505 1135 2548 10.
1148 2484 1254 2550 Mart.
1275 2490 1365 2566 1814,
1382 2486 1509 2548 studiis
1520 2485 1786 2549 humanioribus
1798 2485 1913 2548 Halae

1083 2609 1119 2671 in
1135 2608 1254 2690 Tituli,
1275 2607 1529 2690 philosophicis
1551 2607 1751 2692 Salisburgi
1772 2609 1913 2671 absolu·

1084 2731 1140 2813 tis,
1164 2730 1319 2793 novitius
1342 2753 1372 2809 4.
1388 2730 1479 2793 Nov.
1500 2736 1590 2813 1836,
1615 2731 1808 2794 monachus
1833 2749 1913 2812 pro-

1083 2854 1200 2917 fessus
1217 2859 1247 2918 5.
1263 2854 1327 2918 Iul.
1348 2858 1438 2936 1838,
1455 2863 1642 2936 neomysta
1662 2857 1709 2917 16.
1722 2853 1818 2934 Aug.
1832 2857 1913 2930 1840

1083 2979 1131 3041 ad
1147 2997 1244 3040 aram
1264 2976 1374 3040 stetit.
1402 2976 1566 3057 Accepta
1586 2975 1827 3038 iurisdictione
1848 2992 1913 3056 pro

1085 3120 1171 3164 cura
1192 3099 1388 3163 animarum
1415 3099 1617 3162 successive
1644 3106 1856 3178 cooperator
1878 3095 1914 3158 in

1055 3236 1058 3243 ’
1085 3224 1265 3304 Abtenau,
1288 3221 1500 3285 novitiorum
1524 3229 1560 3284 et
1582 3220 1786 3283 clericorum
1802 3217 1914 3301 magi·

1085 3355 1167 3427 ster,
1184 3344 1422 3408 confessarius
1439 3343 1635 3406 ordinarius
1655 3340 1858 3405 monialium
1878 3339 1914 3403 in

1084 3467 1290 3550 Nonnberg,
1316 3464 1543 3546 archivarius,
1564 3463 1855 3526 bibliothecarius
1879 3472 1915 3526 et

1084 3589 1181 3671 prior
1201 3589 1400 3653 claustralis
1421 3589 1635 3651 constitutus
1655 3596 1720 3650 est.
1749 3584 1913 3668 Scripsit:

1172 3718 1194 3774 I.
1212 3714 1316 3774 Series
1331 3714 1474 3773 abbatum
1491 3716 1663 3773 monasterii
1688 3733 1717 3772 0.
1733 3735 1758 3773 s.
1776 3716 1808 3772 B.
1830 3715 1867 3771 ad
1888 3733 1913 3770 s.

1085 3824 1206 3879 Petrum
1223 3819 1402 3895 Salisburgi.
1420 3820 1528 3895 Duyle‚
1550 3819 1640 3894 1864.
1657 3818 1700 3877 8⁰.
1717 3835 1757 3892 52
1776 3839 1804 3896 p.

1173 3945 1210 4002 II.
1227 3946 1420 4002 Monumenta
1436 3944 1580 4000 historica
1592 3943 1779 4020 disciplinam
1796 3942 1915 4018 regula·

1086 4069 1148 4108 rem
1169 4051 1342 4107 monasterii
1364 4066 1392 4106 ο.
1410 4069 1435 4106 5.
1452 4050 1485 4106 B.
1505 4048 1542 4104 ad
1565 4068 1590 4105 s.
1606 4048 1727 4105 Petrum
1744 4046 1916 4122 Salisburgi

1086 4154 1273 4212 illustrantia.
1294 4155 1350 4211 Ms.
1373 4155 1402 4210 in
1419 4152 1502 4210 folin.
1523 4166 1541 4225 5
1561 4154 1642 4209 tomi.
1667 4151 1756 4209 Tom.
1772 4153 1796 4209 I.
1820 4153 1915 4208 conti-

1086 4278 1160 4317 nens
1181 4272 1372 4317 monumenta
1389 4256 1593 4334 disciplinaris
1609 4275 1627 4313 a
1643 4256 1765 4313 saeculo
1781 4256 1847 4314 VII.
1864 4275 1915 4312 us·

1086 4383 1146 4441 que
1177 4378 1253 4437 1451
1287 4365 1317 4418 111
1347 4364 1451 4438 specie
1482 4360 1725 4418 reformationem
1757 4359 1916 4417 Cluniaco-

1087 4470 1345 4544 Hirsaugiensem,
1367 4479 1429 4541 479
1451 4483 1496 4543 p.;
1521 4478 1592 4522 tom.
1610 4465 1647 4522 11.
1672 4463 1915 4523 reformationem

1086 4571 1437 4642 Sublaco-Mellicensem
1463 4567 1682 4643 1431—1619,
1704 4582 1734 4626 et
1753 4568 1916 4625 Cassinen·

1086 4698 1149 4736 sem
1169 4677 1488 4752 1619—41,319p.;
1510 4688 1581 4731 tom.
1599 4673 1651 4730 111.
1673 4673 1914 4730 reformationem

1086 4783 1333 4858 congregationis
1349 4778 1591 4854 Salisburgensis
1612 4776 1831 4852 1641-1818.

1173 4928 1401 5024 Iungwfrth
1440 4937 1666 5002 Caietanus
1702 4937 1916 5023 (Cremifa-

1087 5057 1254 5140 nensis),
1270 5057 1306 5121 in
1322 5078 1403 5123 arce
1421 5058 1658 5144 Schaunburg
1674 5059 1843 5123 Austriae
1859 5078 1916 5121 su·

1088 5180 1238 5263 perioris
1262 5181 1319 5244 die
1345 5203 1391 5261 14.
1408 5182 1481 5245 Ian.
1502 5186 1583 5262 1748
1604 5192 1720 5266 natus,
1743 5181 1916 5245 absolutis

1088 5301 1279 5367 Cremifani
1307 5304 1434 5367 studiis
1457 5305 1709 5369 monasterium
1733 5305 1917 5389 ingressus

1088 5436 1125 5491 et
1145 5428 1203 5492 die
1224 5433 1270 5492 18.
1287 5428 1377 5493 Nov.
1399 5432 1477 5510 1767
1501 5429 1683 5511 professus
1704 5429 1918 5493 sacerdotali
