4178 6196
906 531 1186 602 -471-

171 717 308 783 Baaden,
334 716 486 790 gedruckt
511 717 569 772 und
594 737 628 772 zu
654 717 752 773 haben
776 717 824 772 bei
848 717 1005 792 Aegydius

171 821 269 877 Rciss
293 818 383 877 1808.
401 818 442 876 8⁰.

258 925 295 981 ll.
324 924 567 997 Betrachtungen
597 922 670 979 iiber
702 924 756 980 das
784 923 1006 981 unaulldsliche
1046 960 1048 966 ι

172 1029 253 1085 Band
270 1030 419 1085 zwischen
437 1027 504 1084 dem
522 1028 681 1102 Regenten
699 1029 757 1084 und
772 1030 884 1084 seinem
897 1029 923 1084 V
926 1028 1004 1085 olke.
1045 1046 1047 1053 ⁴

171 1133 200 1212 (i.
215 1154 241 1190 e.
259 1134 305 1189 De
322 1134 462 1208 ligamine
481 1135 558 1188 inter
574 1145 728 1207 regentem
746 1146 776 1188 et
789 1132 927 1189 subditos
944 1151 1005 1188 me·

170 1235 353 1315 ditationes.)
390 1236 527 1302 Anrede,
558 1237 699 1310 gehalten
737 1257 772 1291 zu
807 1236 1005 1293 Matzendorl.

171 1344 270 1408 Wien,
288 1343 394 1397 Bauer.
417 1340 507 1414 1809.
527 1338 569 1397 8⁰.

257 1447 308 1502 Ill.
335 1444 633 1501 Freundscbaltliche
649 1445 840 1518 Erdrterung
862 1443 937 1500 iiber
957 1443 1005 1499 die

172 1551 282 1606 Kirche
299 1569 358 1606 von
375 1549 514 1623 England
537 1549 596 1604 und
619 1548 666 1603 die
684 1548 892 1604 Reformation
916 1547 1004 1604 iiber-

171 1655 272 1730 haupt.
290 1652 319 1733 (i.
335 1672 361 1709 e.
379 1653 425 1708 De
443 1653 659 1709 reformatione
676 1652 844 1727 Anglicana
861 1652 1005 1708 dilucida·

171 1756 291 1835 tiones)
316 1758 378 1814 Der
395 1756 609 1813 Geistlichkeit
635 1756 709 1813 aller
729 1757 1004 1833 protestantischen

171 1863 389 1919 Bekenntnisse
410 1864 592 1936 zugeeignet
608 1880 668 1917 von
685 1861 750 1916 dem
769 1859 857 1917 Abba
873 1860 910 1916 de
927 1861 1004 1916 Tre-

171 1987 253 2035 vern,
278 1966 465 2041 vormaligen
482 1965 701 2022 Generalvicar
724 1985 760 2020 zu
782 1965 921 2038 Langres
946 1964 1004 2019 und

170 2072 305 2147 Mitglied
322 2072 376 2127 der
391 2070 562 2128 Sorbonne.
584 2070 668 2126 Nach
685 2069 752 2126 dem
767 2069 1004 2125 Franzdsischen

170 2179 224 2234 der
245 2178 323 2251 1817
341 2197 377 2232 zu
395 2176 523 2232 London
541 2175 758 2232 erachienenen
771 2173 1004 2247 Original·Aus·

170 2283 259 2357 gabe.
287 2297 303 2338 2
330 2280 401 2337 Bde.
427 2282 454 2335 in
480 2298 498 2352 4
522 2279 755 2351 Abtheilungen.
783 2279 882 2345 Wien,
912 2277 1002 2345 1821,

175 2387 265 2454 1822,
283 2386 331 2444 bei
350 2387 445 2441 Franz
462 2386 619 2442 Wimmer.
637 2384 679 2440 8⁰.

257 2491 307 2547 lV.
326 2491 401 2547 Was
418 2493 457 2545 ist
473 2490 527 2545 der
543 2487 663 2545 Ablass.
688 2485 717 2564 (i.
736 2507 762 2543 e.
786 2487 831 2542 De
849 2486 1004 2561 indulgen·

171 2593 241 2673 tiis.)
258 2596 358 2662 wien,
380 2592 470 2650 1826.
490 2592 531 2649 8⁰.

256 2700 292 2756 V.
310 2698 452 2772 Liturgik
469 2699 544 2754 oder
561 2697 723 2771 Anleitung
738 2716 791 2751 zur
807 2695 1002 2768 Veru'altung

170 2805 224 2860 der
248 2804 439 2861 offentlichen
464 2802 763 2875 Gottest'erehrung,
789 2800 933 2856 zuni'tchst
956 2798 1003 2854 llir

170 2908 356 2984 angehendc‚
371 2907 445 2964 aber
459 2908 535 2964 auch
550 2907 596 2962 fiir
610 2905 763 2961 wirldiche
776 2906 918 2960 Priester.
935 2901 964 2980 (i.
976 2923 1002 2959 e.

171 3014 321 3068 Institutio
348 3009 527 3089 liturgicae.)
551 3011 618 3066 Von
641 3011 667 3085 J.
689 3009 725 3064 Α.
748 3008 779 3065 S.
805 3010 861 3064 Ms.
887 3024 903 3064 2
930 3008 1001 3064 Bde.

174 3117 237 3172 Fol.
256 3118 288 3172 ln
305 3115 490 3172 bibliotheca
507 3115 681 3170 Mellicensi.

257 3221 308 3277 Vl.
332 3222 388 3276 Die
406 3219 521 3275 Leiden
538 3219 591 3274 des
608 3218 816 3291 Seelsorgers.
839 3213 868 3286 (i.
887 3236 913 3272 e.
931 3215 1003 3273 Ser·

172 3346 219 3382 mo
241 3325 278 3381 de
300 3327 432 3400 pastoris
449 3325 612 3379 animarum
629 3319 819 3398 infortuniis)
847 3322 921 3376 Eine
941 3320 1002 3376 Ge·

171 3427 411 3504 {egenheitsrede
439 3427 487 3483 bei
516 3427 570 3482 der
593 3428 719 3482 zn'eiten
740 3425 925 3481 Primizfeicr
949 3423 1003 3479 des

171 3535 407 3609 hochwiirdigen
430 3534 529 3588 Herrn
551 3531 688 3587 Plarrers
714 3532 742 3585 in
766 3528 1002 3603 Kottingbrunn‚

170 3640 339 3696 Stanislaus
356 3637 555 3712 Obermayer.
580 3635 771 3709 Abgehalten
792 3653 839 3689 am
861 3649 885 3688 1.
903 3630 1002 3688 Soun-

171 3760 240 3818 tagc
258 3744 332 3799 nach
346 3744 469 3799 Ostern.
488 3742 586 3805 wien,
602 3741 692 3806 1821,
706 3739 754 3795 bei
768 3739 875 3812 Georg
888 3734 1003 3794 Ueber-

171 3864 281 3905 reuter.
300 3848 341 3905 80.

259 3996 553 4069 Summerauer
567 4004 848 4084 Ildephonsus
859 4003 1003 4082 (Emau-

170 4125 281 4186 tinus
303 4122 706 4202 Montserratensis)‚
728 4122 907 4184 Bohemus
928 4120 1003 4182 Ra-

169 4245 382 4326 konicensiS‚
392 4254 497 4307 natus
507 4264 600 4306 anno
614 4248 705 4324 1698,
712 4243 896 4325 professus
912 4246 1003 4320 1725,

170 4370 216 4429 ob
230 4366 468 4448 eloquentiam
482 4368 587 4428 modo
598 4366 768 4428 diaconus
778 4365 880 4427 verbi
894 4363 1004 4426 divini

170 4509 301 4570 praeco
326 4488 459 4569 faetus,
488 4489 680 4570 presbyter
703 4486 886 4549 ordinatus
909 4504 1003 4547 anno

176 4617 266 4691 1726,
283 4621 402 4673 orator
419 4632 440 4671 a
457 4610 567 4672 sacris
583 4607 807 4688 BohemicuS,
830 4609 877 4670 ob
893 4605 1004 4669 facili·

170 4743 280 4796 tatem
297 4731 533 4813 concipiendi,
547 4730 698 4809 dicendi,
716 4729 929 4791 suavitatem
947 4748 1005 4790 ca·

170 4874 277 4917 norae
295 4854 393 4916 vocis
411 4862 487 4915 erat
503 4853 549 4913 ad
565 4853 803 4933 perorandum
820 4859 936 4930 natus,
958 4852 1004 4911 ad
1044 4920 1047 4927 ¹

170 4977 458 5059 persuadendum
486 4974 701 5055 aptissimus
735 4973 834 5037 Obiit
863 4973 1004 5055 Pragae

171 5118 263 5161 anno
285 5103 363 5178 1753
383 5099 441 5161 die
458 5121 488 5176 4.
506 5099 594 5180 Apr.
612 5117 704 5159 anno
720 5096 850 5159 aetatis
868 5099 918 5158 55.
943 5094 1005 5156 Di·

171 5221 275 5283 cendi
293 5221 407 5303 gloria
423 5231 622 5302 praestans,
640 5221 685 5281 ad
696 5218 846 5282 festivas
865 5217 1005 5279 concio·
1044 5252 1047 5301 Ι

171 5362 234 5404 nes
250 5343 437 5404 habendas
453 5341 623 5405 invitatus
640 5343 675 5403 in
691 5341 844 5403 omnium
862 5339 1005 5420 Pragae

172 5464 402 5527 ecclesiarum
440 5466 629 5528 cathedras
664 5463 825 5525 ascendit
861 5471 1006 5542 praeter
1044 5507 1048 5521 .

1086 726 1295 797 suggestum
1322 716 1495 778 ecclesiae
1519 717 1832 798 Metropolitanae‚
1856 740 1923 801 per

1088 857 1127 912 24
1152 856 1263 898 annos
1289 837 1469 901 orationes
1496 859 1617 902 sacras
1644 840 1783 921 habuit,
1811 859 1920 921 saepe

1087 957 1194 1020 etiam
1225 969 1364 1039 septem
1396 961 1653 1040 quadrantibus
1689 962 1797 1023 horae
1829 961 1920 1024 intra

1086 1101 1192 1142 unam
1221 1081 1411 1143 dictionem
1443 1082 1574 1144 nemini
1606 1082 1823 1145 audientium
1854 1082 1921 1144 fuit

1085 1202 1266 1282 molestus
1292 1202 1424 1265 ultimis
1447 1204 1548 1265 annis
1569 1213 1707 1266 tantum
1728 1204 1861 1267 notatis
1886 1205 1920 1266 in

1086 1324 1247 1386 chartula
1263 1323 1405 1404 scriptis
1422 1344 1517 1405 usus,
1543 1325 1757 1387 domesticas
1779 1325 1919 1387 concio·

1086 1463 1149 1505 nes
1165 1444 1240 1506 fere
1259 1463 1401 1525 semper
1421 1446 1513 1507 ultra
1536 1467 1640 1508 unam
1662 1448 1785 1508 horam
1803 1459 1921 1509 extra-

1085 1568 1203 1646 hebat,
1222 1567 1312 1628 duas
1325 1567 1513 1630 conciones
1527 1587 1598 1629 una
1611 1568 1679 1649 die,
1696 1588 1799 1630 mane
1813 1568 1919 1648 domi,

1085 1707 1106 1748 a
1122 1687 1268 1749 meridie
1286 1687 1370 1749 alibi
1386 1689 1518 1749 habere
1535 1688 1685 1751 nonfuit
1701 1689 1750 1750 illi
1764 1687 1919 1751 difficile.

1172 1825 1275 1887 Multi
1293 1826 1389 1889 docti
1405 1826 1675 1890 concionatores
1692 1848 1796 1889 unam
1811 1828 1920 1908 scrip-

1085 1959 1157 2010 tam
1183 1949 1388 2010 concionem
1415 1951 1460 2009 ab
1485 1968 1527 2010 eo
1549 1949 1733 2029 accepisse
1750 1967 1920 2030 magnum

1086 2070 1216 2131 donum
1234 2079 1270 2131 et
1286 2089 1457 2131 summam
1474 2070 1627 2150 gratiam
1643 2080 1876 2150 putaverunt:

1172 2213 1193 2267 1.
1221 2210 1334 2267 Habuit
1356 2215 1571 2287 panegyricam
1593 2214 1759 2268 orationem
1786 2214 1813 2266 in
1839 2211 1918 2268 [esto

1085 2318 1179 2372 sancti
1208 2316 1329 2371 Patricii
1362 2316 1442 2391 apud
1470 2316 1577 2371 Patres
1609 2315 1762 2372 Hibernos
1790 2316 1918 2389 Pragae,

1084 2439 1173 2494 quam
1191 2423 1270 2496 typis
1283 2420 1366 2477 dedit
1380 2434 1409 2476 et
1423 2420 1625 2476 illustrissimo
1640 2419 1741 2477 abbati
1755 2438 1810 2475 suo
1824 2420 1918 2474 Maxi-

1085 2526 1205 2581 miliano
1223 2524 1313 2589 Bach.
1331 2524 1482 2599 quondam
1500 2542 1555 2598 per
1571 2537 1633 2580 tres
1650 2543 1744 2580 annos
1762 2526 1915 2591 eremitae,

1084 2630 1243 2696 dedicavit,
1253 2648 1330 2704 quae
1341 2631 1525 2704 panegyrica
1535 2631 1634 2685 oratio
1648 2630 1754 2684 mansit
1768 2631 1795 2683 in
1808 2626 1918 2684 biblio·

1084 2735 1172 2790 theca
1189 2737 1299 2790 montis
1316 2735 1441 2789 Mariani
1456 2734 1605 2789 Emautini
1624 2731 1757 2799 Bezdiez,
1776 2730 1823 2786 ubi
1839 2750 1917 2786 anno

1088 2837 1182 2911 1786,
1208 2858 1274 2895 cum
1304 2840 1517 2894 monasterium
1543 2836 1741 2893 Bezdiezense
1773 2835 1917 2891 abolitum

1084 2942 1148 3006 fuit,
1169 2960 1274 2998 omnes
1300 2941 1364 2997 libri
1387 2940 1590 2998 bibliothecae
1615 2960 1680 2996 cum
1707 2940 1918 3013 manuscriptis

1084 3045 1247 3121 obsigillati
1273 3060 1303 3102 et
1325 3045 1468 3101 divenditi
1492 3045 1619 3100 luerunt.
1646 3044 1739 3100 Unum
1765 3042 1918 3117 exemplar

1083 3152 1170 3207 huius
1192 3152 1338 3207 orationis
1362 3150 1541 3205 adservatur
1562 3151 1591 3203 in
1615 3145 1799 3204 bibliotheca
1820 3146 1918 3201 archi·

1084 3257 1166 3310 sterii
1185 3254 1369 3311 Benedictini
1384 3255 1626 3310 Blernoviensis.
1652 3252 1760 3307 Oratio
1772 3251 1846 3305 haec
1861 3267 1915 3325 pa-

1084 3361 1227 3433 negyrica
1236 3361 1381 3434 inscripta
1390 3371 1451 3413 est:
1462 3358 1613 3413 Coelestis
1624 3356 1813 3431 imperatoris
1823 3354 1918 3409 archi·

1084 3463 1279 3519 marschallus
1296 3465 1376 3518 ensis
1396 3476 1534 3537 portator
1554 3461 1738 3524 sacratioris,
1756 3458 1843 3514 divus
1861 3459 1918 3513 Pa-

1084 3569 1187 3623 tricius
1211 3580 1269 3622 etc.
1298 3567 1404 3622 Oratio
1429 3568 1456 3620 in
1478 3571 1520 3636 4⁰.
1545 3564 1815 3635 Vetero-Pragae,
1838 3563 1918 3636 typis

1084 3671 1242 3729 Venceslai
1260 3669 1372 3727 Urbani
1390 3667 1492 3725 Suchi.
1515 3682 1605 3741 1732.

1171 3776 1208 3832 Il.
1232 3775 1362 3851 Scripsit
1386 3774 1486 3847 elogia
1503 3785 1676 3828 sanctorum
1693 3769 1807 3825 ordinis
1824 3770 1920 3825 sancti

1085 3880 1238 3936 Benedicti
1253 3882 1281 3935 in
1295 3877 1458 3954 quemlibet
1470 3878 1537 3932 anni
1555 3874 1643 3940 diem,
1659 3877 1706 3931 cui
1720 3872 1797 3930 libro
1811 3890 1919 3929 nomen

1084 3985 1165 4041 dedit
1182 4002 1276 4039 annus
1294 3982 1503 4038 Benedictinus
1521 3994 1550 4037 et
1568 3978 1675 4036 librum
1692 3979 1769 4034 hunc
1787 3979 1918 4032 eminen-

1085 4091 1200 4146 tissimo
1211 4087 1354 4144 cardinali
1366 4087 1514 4161 episcopo
1525 4084 1721 4140 Olomucenci
1731 4082 1768 4138 W
1772 4080 1918 4154 ollgango

1085 4196 1186 4251 comiti
1204 4193 1241 4250 de
1258 4188 1499 4249 Schrattenbach
1524 4189 1609 4244 fratri
1631 4185 1750 4243 abbatis
1768 4185 1919 4240 Emautini

1085 4299 1207 4354 Ernesti
1223 4299 1339 4354 comitis
1353 4295 1391 4351 de
1402 4291 1642 4350 Schrattenbach
1655 4290 1815 4346 dedicavit.
1833 4289 1920 4362 Opus

1086 4403 1143 4459 hoc
1160 4416 1258 4457 tamen
1283 4401 1320 4456 ad
1347 4414 1449 4476 typum
1472 4416 1531 4453 non
1556 4397 1702 4472 pervenit,
1727 4395 1797 4468 quia
1822 4390 1919 4448 abbas

1086 4506 1262 4561 Emautinus
1280 4503 1372 4560 irater
1389 4501 1548 4559 cardinalis
1570 4500 1687 4555 interim
1710 4512 1844 4554 mortuus
1863 4508 1918 4551 est.

1086 4611 1322 4683 Manuscriptum
1340 4609 1396 4662 iam
1410 4624 1469 4660 non
1486 4604 1582 4660 adest.

1174 4713 1226 4768 Ill.
1250 4711 1382 4786 Reliquit
1400 4723 1613 4786 postmortem
1631 4709 1738 4765 multas
1756 4707 1920 4762 conciones

1087 4820 1114 4873 in
1132 4816 1204 4874 lolio
1222 4818 1360 4890 scriptas.
1382 4813 1523 4871 Biblioth.
1542 4814 1663 4870 Emaut.
1679 4812 1760 4868 V111.
1777 4823 1828 4882 57.
1846 4805 1919 4880 376.

1173 4939 1225 4996 IV.
1242 4939 1336 4994 Poeta
1353 4939 1478 5011 insignis
1495 4948 1582 4991 natus
1599 4936 1679 5010 typis
1700 4931 1782 4987 dedit
1797 4945 1918 4985 carmen

1086 5048 1205 5121 epicum
1216 5044 1294 5101 sesto
1306 5043 1515 5099 installationis
1524 5039 1644 5097 abbatis
1655 5036 1773 5093 Martini
1784 5031 1921 5089 Schmidt

1087 5168 1165 5206 anno
1187 5163 1263 5222 1741
1284 5151 1403 5205 nomine
1424 5140 1826 5218 „Silrulaaggratulatoria“
1846 5153 1918 5191 con-

1087 5257 1183 5311 tinens
1200 5255 1383 5309 succinctam
1401 5250 1555 5306 historiam
1574 5249 1727 5305 metricam
1743 5242 1917 5298 monasterii

1088 5360 1239 5416 Emautini
1265 5369 1294 5412 et
1317 5358 1425 5411 seriem
1450 5353 1592 5410 abbatum
1609 5347 1920 5411 Montserratensium‚

1087 5462 1168 5539 quod
1197 5478 1317 5518 carmen
1338 5461 1368 5515 in
1388 5459 1523 5515 sollemni
1546 5455 1757 5514 benedictione
1775 5449 1852 5505 illius
1868 5446 1922 5503 ab·
