4178 6196
837 491 880 501 -
925 454 1076 516 XXVII
1120 492 1163 500 -

122 682 192 745 fuit
215 681 421 764 vigilantia,
446 691 485 744 ut
509 681 617 761 (1275)
647 680 776 762 dignus
799 681 1006 762 haberetur,
1038 681 1098 760 qui
1121 681 1313 761 episcopus
1338 678 1559 744 Lavantinus
1591 693 1868 745 consecraretur.

125 822 254 903 Etiam,
272 823 333 903 qui
349 822 602 902 succedebant,
620 819 791 901 imprimis
807 819 1025 882 Weriandus
1042 821 1155 881 abbas
1170 819 1326 901 vestigia
1342 820 1417 881 eius
1434 839 1595 901 premere
1611 821 1823 883 studuerunt
1834 819 1867 901 ¹).

122 962 167 1024 In
188 959 373 1023 Carinthia
396 960 648 1022 monachorum
672 957 1000 1041 salisburgensium
1023 978 1133 1040 opera
1157 958 1263 1021 etiam
1286 978 1380 1021 nova
1404 959 1654 1040 praepositura
1677 960 1868 1052 Wietingii

124 1101 322 1163 constituta
345 1108 402 1162 est
416 1101 450 1180 2).

258 1239 310 1302 Ut
340 1238 377 1301 in
411 1237 558 1319 reliquis
589 1237 752 1319 partibus
781 1236 987 1319 provinciae
1015 1234 1299 1318 Salisburgensis
1332 1237 1382 1301 ita
1413 1238 1519 1300 etiam
1550 1239 1586 1300 in
1615 1238 1726 1301 Tiroli
1752 1241 1868 1302 Bene·

125 1377 252 1441 dictini
274 1377 393 1440 officio
418 1396 482 1439 suo
506 1386 650 1439 strenue
678 1375 937 1458 fungebantur,
968 1375 1131 1457 quamvis
1162 1377 1256 1438 vires
1288 1395 1408 1439 eorum
1440 1377 1719 1441 debilitarentur.
1765 1378 1866 1441 India

124 1520 208 1602 plus
234 1522 300 1596 450
327 1516 431 1579 annis
457 1525 541 1597 post
567 1535 674 1596 quam
703 1514 847 1577 condita
875 1524 962 1596 erat,
995 1535 1073 1592 1142
1103 1514 1138 1576 in
1167 1514 1395 1597 collegiatam
1425 1515 1676 1579 transformata
1706 1527 1761 1580 est
1775 1518 1799 1596 ³)
1832 1528 1868 1580 et

124 1655 352 1720 Benedictini
383 1675 410 1718 s,
440 1654 621 1718 Laurentii
650 1653 850 1717 Tridentini
883 1657 962 1716 1235
997 1653 1137 1716 circiter
1170 1655 1312 1715 domum
1340 1653 1523 1734 antiquam
1554 1655 1670 1719 ordini
1699 1677 1727 1720 s.
1755 1659 1784 1721 F
1786 1679 1865 1721 ran-

125 1798 212 1860 cisci
235 1816 351 1878 nuper
374 1805 453 1858 orto
477 1806 731 1858 concesserunt
746 1795 780 1875 ⁴).
819 1794 938 1857 Nihilo
969 1794 1083 1857 minus
1115 1795 1278 1857 monachi
1310 1813 1400 1876 opus
1432 1814 1533 1856 suum
1564 1797 1745 1878 persecuti
1774 1806 1866 1861 sunt.

124 1937 269 1999 Incolae
292 1935 423 1998 montis
447 1953 473 1996 S.
499 1932 648 2016 Georgii
677 1953 862 1996 amoenam
891 1935 1021 1996 vallem
1045 1936 1189 2015 Achen‚
1222 1955 1327 2015 quam
1360 1957 1438 1997 1112
1472 1935 1612 1998 circiter
1643 1937 1736 1999 dono
1767 1957 1868 2000 acce-

123 2085 265 2159 perant,
283 2077 401 2139 colere
418 2084 614 2157 coeperunt
631 2084 667 2137 et
683 2074 819 2156 Fiecht,
836 2075 1007 2155 oppidum
1024 2094 1116 2138 nunc
1133 2075 1340 2156 opulentum
1357 2074 1392 2137 in
1409 2075 1588 2137 radicibus
1605 2075 1734 2138 montis
1751 2076 1866 2158 situm,

124 2235 249 2278 eorum
273 2215 393 2277 sudori
422 2214 595 2296 originem
623 2214 782 2294 debet5).
821 2212 976 2275 Eosdem
1007 2232 1092 2275 vero
1124 2211 1335 2293 disciplinae
1363 2212 1539 2295 regularis
1569 2222 1715 2275 tenaces
1745 2212 1866 2295 fuisse,

123 2356 239 2417 multa
253 2352 430 2416 beneficia
445 2355 491 2415 ab
508 2353 688 2434 episcopis
704 2352 977 2415 Brixinensibus
993 2351 1037 2414 iis
1053 2352 1193 2415 conlata
1210 2354 1423 2415 documento
1440 2361 1539 2425 sunt;
1557 2361 1666 2432 atque
1682 2352 1867 2416 Conradus

124 2493 320 2575 episcopus
344 2491 573 2555 Tridentinus
600 2494 679 2552 1205
706 2492 829 2553 sedem
851 2489 901 2551 ibi
924 2490 1124 2567 conlocavit
1139 2491 1173 2571 ⁶).
1212 2490 1338 2572 Neque
1361 2490 1416 2552 his
1444 2488 1629 2553 inferiores
1660 2500 1761 2553 erant
1794 2511 1867 2554 mo·

124 2633 232 2696 nachi
254 2630 562 2711 Mariaemontani,
586 2628 750 2711 quamvis
773 2649 795 2690 a
818 2629 995 2692 tutoribus
1018 2629 1176 2712 graviter
1204 2638 1422 2692 vexarentur
1449 2632 1551 2711 ade0,
1580 2641 1619 2694 ut
1641 2631 1867 2693 Hermannus

123 2775 241 2835 abbas
275 2770 489 2850 intrepidam
525 2767 768 2830 defensionem
803 2767 1008 2830 monasterii
1043 2774 1124 2845 1304
1160 2768 1278 2849 capite
1313 2769 1427 2830 lueret
1443 2768 1477 2848 ⁷).
1524 2767 1694 2832 Similiter
1728 2770 1864 2833 incolae
1915 2821 1917 2824 ,

124 2911 271 2994 Augiae
294 2909 438 2972 maioris
464 2908 501 2970 in
524 2906 683 2970 colendis
713 2907 806 2990 iugis
838 2907 1007 2969 montium
1032 2905 1322 2988 Brigantinorum
1351 2905 1461 2969 defixi
1491 2917 1593 2970 erant
1622 2907 1744 2988 ibique
1772 2928 1865 2971 com-

123 3052 250 3133 plures
273 3048 462 3130 parochias
485 3057 524 3110 ut
548 3046 867 3128 Alberschwende,
896 3046 1162 3127 Andelsbuche,
1186 3044 1372 3127 Lingenau
1397 3054 1480 3108 cett.
1505 3045 1739 3109 condiderunt
1753 3044 1786 3127 ⁸).

256 3188 421 3250 Exeunte
438 3205 523 3249 vero
539 3187 683 3249 saeculo
699 3185 836 3248 decimo
858 3196 985 3265 quarto
1008 3185 1076 3246 hoc
1100 3185 1255 3247 studium
1280 3186 1534 3266 elanquescere
1557 3196 1594 3249 et
1617 3186 1727 3249 menti
1750 3189 1864 3252 malae

123 3348 167 3391 ac
191 3345 326 3408 pravae
349 3327 465 3389 locum
489 3327 575 3388 dare
604 3325 733 3407 coepit.
780 3323 942 3389 Schisma
973 3323 1093 3406 triste,
1126 3343 1197 3406 quo
1227 3324 1366 3387 viscera
1395 3323 1570 3388 ecclesiae
1597 3325 1666 3388 Dei
1694 3325 1865 3389 dilacera-

122 3469 272 3546 bantur,
296 3475 333 3528 et
357 3464 552 3528 certamina
581 3465 724 3545 crebra,
755 3482 848 3544 quae
872 3464 918 3524 ab
946 3467 1026 3541 1379
1050 3472 1199 3544 propter
1222 3462 1434 3543 partitiones
1458 3472 1630 3525 terrarum
1653 3463 1746 3526 inter
1769 3465 1865 3545 prin-

90 3664 94 3671 ,
124 3606 225 3688 cipes
248 3605 552 3688 Habsburgenses
576 3613 802 3684 exarserant,
831 3602 938 3665 etiam
963 3601 1302 3684 congregationibus
1325 3601 1549 3684 regularibus
1572 3601 1688 3664 fraudi
1711 3602 1864 3666 fuerunt.

124 3745 236 3808 Aliud
260 3763 403 3826 quoque
425 3742 588 3805 accessit.
630 3742 672 3804 In
695 3741 854 3823 plurimis
877 3739 1102 3803 monasteriis
1129 3739 1291 3803 fortunas
1323 3740 1486 3802 omnibus
1516 3759 1720 3803 communes
1751 3743 1865 3805 abbas

124 3897 162 3948 et
184 3883 381 3965 capitulum
403 3883 497 3946 inter
520 3901 559 3944 se
581 3881 705 3964 partiti
729 3891 830 3945 erant
857 3892 893 3944 et
920 3882 1016 3944 haud
1046 3879 1152 3963 pauci
1183 3882 1334 3942 abbates
1365 3899 1434 3942 non
1465 3879 1770 3943 administratores
1801 3883 1865 3944 sed

124 4022 286 4087 dominos
320 4042 438 4085 rerum
469 4042 507 4085 se
543 4040 623 4084 esse
657 4021 906 4104 opinabantur.
953 4017 1105 4082 Comitia
1143 4019 1293 4101 ordinis,
1329 4019 1364 4081 in
1402 4019 1549 4102 synodis
1586 4019 1864 4101 provincialibus

124 4161 462 4245 Salisburgensibus
485 4160 593 4225 etiam
616 4170 725 4242 atque
753 4160 860 4224 etiam
885 4160 1149 4241 commendata,
1179 4166 1218 4221 et
1248 4156 1474 4221 visitationes
1504 4158 1796 4221 monasteriorum
1828 4159 1864 4221 in

123 4301 340 4365 oblivionem
364 4311 467 4364 erant
488 4301 664 4381 adducta,
694 4310 816 4362 votum
847 4299 963 4381 ipsum
993 4298 1218 4382 paupertatis
1250 4298 1444 4361 identidem
1476 4297 1730 4362 oblitteratum.
1775 4298 1863 4360 Inde

254 4606 275 4687 ¹)
299 4607 381 4666 Beda
403 4606 533 4677 Schroll,
558 4608 622 4664 Das
645 4607 944 4665 Benedictiner·Stist
967 4605 1012 4664 St.
1036 4606 1119 4664 Paul.

252 4720 276 4801 2)
298 4722 471 4779 Chronicon
495 4721 700 4777 novissimum.

250 4832 275 4913 ³)
298 4835 413 4910 Egger,
437 4832 623 4890 Geschichte
645 4850 706 4889 von
729 4831 826 4890 Tirol.

250 4946 274 5027 ⁴)
296 4947 403 5022 Egger
426 4948 444 5004 l.
470 4965 496 5004 1.

251 5058 275 5139 ⁵)
297 5059 510 5129 Wendenthal,
534 5059 674 5117 Oesterr.
699 5058 838 5115 Klerisei.

249 5169 274 5252 ό)
298 5171 432 5242 Staffler,
457 5173 521 5230 Das
546 5171 691 5229 deutsche
715 5171 812 5228 Tirol.

251 5285 274 5366 7)
297 5285 423 5344 Staffler
447 5287 465 5344 Ι.
489 5306 516 5343 1.

250 5395 273 5481 ⁶)
298 5400 476 5474 Bergmann,
499 5398 714 5472 Necrologinm
737 5395 859 5471 Augiae
882 5396 1016 5451 maioris.
