4178 6196
967 468 1198 530 —LII-

216 692 262 754 ad
282 712 309 777 s.
327 692 514 774 Petrum1),
537 692 572 754 in
589 713 658 774 qua
680 693 892 774 scriptorum
908 693 1097 755 latinorum
1113 713 1300 774 rerumque
1316 694 1644 757 mathematicarum
1661 695 1780 759 studia
1795 715 1952 760 assume·

216 833 355 911 bantur,
380 850 470 912 quas
493 831 668 894 Alcuinus
692 831 816 894 scribit
839 832 977 894 Arnoni
1000 832 1222 894 necessarias
1246 851 1325 895 esse
1354 832 1400 893 ad
1423 832 1596 896 rationem
1619 834 1807 916 mysticam
1830 854 1952 898 nume·

216 989 333 1032 rorum
356 970 391 1031 in
415 968 545 1032 divinis
567 969 695 1032 litteris
718 970 785 1032 rite
809 969 1077 1052 intelligendam
1092 970 1126 1052 2).
1164 969 1298 1055 Magna
1321 990 1401 1033 cum
1423 971 1528 1034 laude
1552 971 1717 1054 discipuli
1733 974 1779 1034 ab
1797 973 1951 1036 Alcuino

216 1108 314 1170 missi
337 1108 490 1171 docendi
512 1128 657 1170 munere
680 1107 922 1191 fungebantur
935 1110 969 1191 ³).

345 1247 460 1309 Etiam
485 1248 529 1310 de
553 1267 715 1310 sermone
739 1248 925 1329 epistolico
952 1258 1060 1330 atque
1083 1247 1217 1310 forensi
1240 1257 1435 1329 praecepta
1458 1249 1692 1310 tradebantur
1721 1259 1829 1331 atque
1858 1250 1950 1313 haec

215 1405 346 1467 magna
369 1404 453 1465 pars
477 1395 553 1448 erat
576 1385 817 1449 institutionis.
856 1386 897 1449 In
921 1397 1080 1448 veterum
1103 1395 1289 1468 poetarum
1315 1395 1351 1449 et
1374 1386 1593 1449 ethnicorum
1616 1395 1653 1449 et
1676 1387 1950 1450 christianorum

215 1523 358 1606 scriptis
381 1523 561 1585 imitandis
585 1534 755 1604 quantum
778 1524 978 1605 profectum
1001 1524 1057 1606 sit,
1081 1524 1234 1587 maxime
1257 1523 1467 1607 intelligitur
1483 1543 1529 1586 ex
1545 1525 1650 1607 nugis
1670 1525 1832 1607 poeticis,
1857 1546 1950 1607 quae

216 1671 370 1743 exstant,
395 1662 527 1724 saeculi
550 1661 634 1724 noni
648 1663 682 1742 ⁴).

344 1799 479 1883 Magna
503 1801 646 1863 scholae
670 1799 938 1862 monasteriales
962 1810 1178 1881 acceperunt
1201 1799 1427 1880 incrementa,
1457 1819 1537 1863 cum
1561 1819 1607 1862 ex
1631 1802 1777 1864 decreto
1801 1801 1950 1865 Concilii

216 1938 520 2021 Aquisgranensis
545 1943 604 2018 817
631 1938 841 2019 disciplinae
865 1957 973 2000 causa
997 1938 1240 2001 dividerentur
1271 1939 1307 2000 in
1331 1938 1527 2002 exteriores
1550 1939 1670 2021 pueris
1692 1939 1806 2022 laicis,
1836 1952 1871 2002 et
1899 1941 1950 2002 in-

217 2078 367 2139 teriores
384 2077 503 2159 pueris
520 2076 651 2140 oblatis
667 2075 874 2139 destinatas.
905 2075 953 2137 Hi
976 2076 1011 2138 in
1036 2076 1193 2157 capitulo
1209 2076 1339 2139 erudiri
1354 2076 1448 2138 soliti
1464 2076 1785 2159 magistrorumque
1801 2096 1950 2141 severae

215 2215 399 2278 custodiae
423 2215 557 2278 subditi
571 2217 595 2296 5)
624 2235 695 2277 non
718 2216 830 2278 solum
853 2216 978 2278 habitu
1001 2215 1206 2297 vestituque
1230 2216 1480 2278 monachorum
1505 2215 1661 2298 speciem
1685 2236 1771 2298 prae
1795 2236 1834 2278 se
1857 2216 1950 2279 fere-

215 2358 311 2435 bant,
337 2356 400 2417 sed
418 2355 524 2417 etiam
540 2354 646 2416 rebus
664 2354 793 2416 divinis
809 2354 1025 2437 peragendis
1041 2365 1150 2436 atque
1166 2355 1201 2417 in
1218 2354 1325 2418 choro
1342 2356 1470 2417 adesse
1487 2356 1678 2417 debebant.
1710 2353 1949 2435 Quamobrem

215 2494 466 2555 monachorum
500 2512 646 2555 numero
679 2494 917 2575 habebantur,
956 2493 1098 2556 nomina
1129 2502 1346 2556 mortuorum
1381 2493 1416 2554 in
1451 2492 1654 2574 necrologia
1692 2492 1948 2575 referebantur,

215 2652 341 2714 preces
369 2640 477 2713 atque
505 2621 635 2694 missae
667 2630 840 2694 sacrificia
868 2632 1166 2712 persolvebantur
1179 2630 1213 2711 ⁶).
1253 2630 1450 2693 Exterioris
1482 2631 1623 2693 scholae
1655 2631 1843 2712 disciplina
1873 2631 1949 2693 fere

216 2771 341 2832 eadem
366 2780 452 2851 erat,
477 2790 568 2852 quae
592 2770 777 2852 interioris,
810 2790 889 2833 cum
917 2770 952 2832 in
974 2771 1071 2833 vitae
1098 2770 1287 2852 religiosae
1316 2770 1537 2832 institutione
1570 2769 1722 2832 maxime
1754 2770 1823 2832 sita
1853 2782 1949 2832 esset

217 2909 330 2971 omnis
354 2909 530 2973 educatio.
562 2907 726 2972 Vestitus
749 2907 1009 2970 monasterialis
1033 2910 1167 2971 aberat.

344 3048 423 3111 Non
448 3057 568 3130 potest
590 3066 656 3129 pro
679 3056 777 3110 certo
801 3046 979 3128 affirmari,
1007 3068 1089 3109 num
1113 3048 1258 3110 decreta
1282 3047 1420 3110 concilii
1444 3035 1750 3130 Aquisgranensis
1772 3049 1950 3113 valuerint

215 3187 322 3250 etiam
351 3186 385 3248 in
417 3185 562 3267 scholis,
594 3205 686 3267 quae
719 3194 820 3248 erant
848 3184 1041 3248 Lunaelaci
1056 3186 1089 3266 ⁷),
1122 3184 1360 3266 Cremifani⁸),
1394 3185 1538 3248 Indicae
1552 3189 1587 3267 ⁹),
1619 3186 1762 3268 Augiae
1791 3187 1948 3269 Maioris,

346 3379 366 3458 ¹)
390 3382 502 3446 FriesS,
527 3378 652 3436 Studien
676 3379 694 3435 l.
719 3398 745 3435 c.
771 3379 793 3435 I.

344 3490 366 3570 ²)
390 3491 563 3567 Zeissberg‚
587 3490 740 3548 Vorleben
763 3491 817 3548 des
841 3490 1037 3549 Erzbischols
1060 3492 1141 3548 Arns
1164 3511 1225 3548 von
1248 3473 1405 3566 Salzburg.

343 3604 366 3683 ³)
390 3607 423 3661 In
447 3603 524 3661 libro
549 3603 824 3662 confoederationis
848 3625 873 3662 s.
898 3607 976 3662 Petri
1001 3606 1030 3662 hi
1054 3606 1192 3682 discipuli
1215 3605 1334 3662 Alcuini
1358 3607 1565 3662 nominantur:
1595 3605 1701 3662 Wizzo
1726 3606 1773 3662 vel
1796 3606 1949 3663 Candidus

214 3714 403 3796 (Pernfried),
427 3715 621 3783 Adalbertus,
644 3717 704 3774 alii.
756 3728 759 3732 ’

343 3826 366 3907 4)
391 3828 555 3894 Diimmler,
579 3828 720 3903 Beitrage
736 3848 788 3884 zur
804 3827 988 3886 Geschichte
1004 3829 1059 3886 des
1076 3827 1284 3885 Erzbisthums
1301 3827 1450 3904 Salzburg
1466 3832 1503 3885 im
1521 3831 1573 3886 IX.
1590 3828 1638 3886 bis
1655 3831 1722 3886 XII.
1739 3831 1949 3906 Jahrhundert.

343 3937 366 4019 5)
390 3940 557 4016 Disciplina
580 3953 646 3997 erat
661 3943 852 3998 severissima
874 3942 1044 4017 multusque
1060 3944 1090 3998 in
1106 3944 1209 4018 pueris
1226 3942 1389 4000 educandis
1413 3940 1511 3998 baculi
1529 3962 1610 3999 usus
1643 3944 1676 3998 ln
1691 3941 1811 4017 legibus
1828 3943 1950 4000 Clunia-

215 4056 347 4110 censium
365 4051 539 4132 (d’Achery‚
556 4052 752 4129 spicilegium
768 4051 800 4132 4)
824 4056 868 4112 sic
883 4067 1025 4111 statutum
1043 4067 1124 4111 erat:
1149 4057 1234 4130 pueri
1262 4056 1309 4126 „in
1332 4055 1398 4111 sola
1421 4056 1544 4111 camisia
1565 4055 1730 4111 caeduntur
1745 4056 1794 4113 vel
1810 4075 1828 4112 a
1844 4057 1950 4113 Priore

212 4166 263 4222 vel
286 4184 304 4222 a
328 4168 474 4240 magistro
498 4184 601 4222 eorum
624 4169 719 4241 virgis
742 4168 879 4223 vimineis
902 4164 1019 4223 lenibus
1042 4180 1073 4223 et
1096 4165 1241 4223 teretibus
1264 4167 1302 4223 ad
1325 4167 1382 4224 hoc
1402 4169 1566 4243 provisis“.
1597 4168 1631 4223 In
1651 4168 1755 4242 glossa
1777 4168 1815 4224 ad
1836 4187 1900 4243 reg.
1925 4188 1949 4226 s.

214 4279 368 4335 Benedicti
391 4276 477 4357 (eod.
501 4279 561 4354 pal.
577 4278 748 4337 Vindobon.
772 4281 829 4336 Νο.
855 4276 949 4358 2968)
974 4279 1048 4337 haec
1071 4294 1156 4336 sunt:
1184 4280 1259 4350 „Ain
1276 4279 1447 4354 yedleiches
1471 4280 1546 4336 alter
1568 4279 1644 4336 oder
1660 4281 1888 4337 verstentichait
1903 4281 1951 4337 sol

214 4395 239 4448 ir
261 4394 349 4466 algen
373 4409 454 4448 mass
477 4389 586 4459 haben,
611 4392 669 4447 und
686 4389 811 4449 darumb
828 4392 872 4447 als
888 4390 933 4447 ost
948 4392 996 4447 die
1012 4390 1119 4447 kinder
1142 4391 1216 4447 oder
1231 4390 1280 4446 die
1296 4393 1402 4465 iunger
1418 4392 1495 4447 seint
1513 4409 1560 4446 am
1578 4391 1663 4458 elter‚
1680 4391 1755 4447 oder
1773 4392 1821 4447 die
1838 4392 1952 4448 minder

213 4521 342 4578 muegen
353 4515 484 4569 vermen,
497 4505 554 4560 wie
570 4521 661 4577 gross
677 4503 724 4560 die
740 4505 810 4579 pein
826 4503 880 4558 der
895 4504 1149 4577 vermainsagung
1165 4521 1254 4576 mueg
1270 4504 1344 4568 sein,
1361 4502 1467 4569 solich,
1484 4521 1571 4558 wenn
1587 4504 1631 4558 sie
1647 4521 1750 4559 muecz
1768 4516 1838 4559 tuen
1855 4504 1952 4560 sullen

213 4616 402 4690 geschestigt
411 4615 542 4683 werden,
553 4617 606 4672 mit
614 4633 752 4689 grossem
759 4629 865 4672 vasten
876 4615 951 4671 oder
963 4629 1104 4690 twungen
1114 4615 1236 4671 werden
1248 4617 1300 4670 mit
1308 4615 1413 4670 harten
1426 4615 1541 4689 slegen‚
1551 4614 1605 4670 daz
1618 4617 1662 4671 sie
1674 4615 1788 4689 geheilt
1797 4616 1948 4673 werden.“

345 4722 368 4805 ⁶)
392 4728 492 4801 Hagn‚
516 4726 645 4782 Wirken
668 4725 723 4783 der
745 4725 1063 4783 Benedictiner·Abtei
1089 4729 1341 4782 Kremsmdnster.

345 4838 367 4919 7)
392 4839 555 4896 Lunaelaci
579 4840 712 4897 scholam
737 4839 830 4896 fuisse
854 4857 892 4895 eo
915 4838 1040 4915 probari
1064 4839 1196 4908 videtur,
1221 4840 1302 4914 quod
1326 4840 1412 4914 primi
1438 4838 1576 4895 monachi
1601 4857 1618 4895 e
1642 4841 1825 4895 monasterio
1850 4840 1951 4896 Cassi-

215 4954 299 5009 nensi
326 4965 413 5008 erant
436 4954 534 5008 acciti.

345 5057 367 5142 8)
400 5061 540 5121 Scholam
573 5062 826 5120 Cremisanensem
855 5063 1083 5138 Carolingorum
1117 5075 1217 5119 aetate
1249 5064 1306 5118 iam
1336 5064 1488 5119 exstitisse
1516 5062 1621 5118 volunt
1651 5060 1783 5138 probare
1814 5080 1851 5118 ex
1882 5063 1951 5119 loco

219 5175 373 5233 Meibomii
398 5178 538 5252 scriptor.
563 5195 622 5232 rer.
646 5175 719 5233 Ger.
743 5175 806 5243 111„
833 5177 883 5250 qui
907 5177 937 5231 in
960 5174 1124 5251 diplomate
1148 5174 1331 5231 fundationis
1353 5192 1414 5230 non
1439 5176 1595 5231 invenitur.

343 5286 366 5365 ⁹)
389 5290 449 5345 Pro
473 5289 577 5345 schola
600 5289 776 5368 Innichensi¹
798 5286 827 5342 id
849 5286 948 5344 afferri
973 5306 1066 5363 posse
1090 5287 1225 5352 videtur,
1257 5286 1339 5361 quod
1362 5284 1458 5342 abbas
1481 5284 1595 5351 aribo,
1627 5287 1674 5342 vir
1704 5285 1898 5343 doctissimus
1935 5306 1952 5343 e

215 5403 401 5457 monasterio
427 5400 638 5457 Schatnicensi
662 5400 825 5456 monachos
848 5402 968 5458 accivit.
