4178 6196
834 515 912 530 ···
969 495 1043 565 349
1100 517 1147 527 -

221 672 347 735 LXXII.
359 680 610 756 Martyrologium
617 681 964 739 benedictino-Btevno·

1044 680 1259 744 venerabilis
1275 684 1401 764 senior,
1423 683 1687 765 nonagenarius
1708 682 1798 746 obiit
1818 683 1877 746 die

133 787 238 840 viense
250 803 288 841 ex
301 784 368 841 cod.
382 785 438 842 Ms.
453 783 525 842 bibl.
535 785 614 860 Aug.
621 785 876 844 Vindobonensis.
888 786 963 844 Cod.
1002 819 1005 859 t
1047 807 1096 865 23⁸
1115 802 1193 866 Oct·
1216 809 1307 869 1830.

134 889 231 946 insol.
253 903 310 962 127
328 909 358 965 p.
375 888 460 964 Sign.
478 890 560 947 arch.
578 891 616 947 H.
635 890 653 947 l.
676 906 722 964 14.

221 1012 360 1068 LXXIII.
368 1013 455 1069 Vitae
464 1025 582 1088 patrum
592 1011 781 1070 Graecorum
792 1015 875 1070 iussu
884 1014 964 1070 Mar·

134 1117 186 1171 tini
210 1114 330 1172 abbatis
355 1135 373 1171 a
394 1118 558 1174 Paschasio
582 1120 611 1173 in
632 1118 771 1177 Latinum
794 1136 963 1175 sermonem

134 1221 299 1277 translatae
320 1239 387 1276 curn
404 1224 629 1280 commentario.
656 1222 731 1280 Cod.
758 1225 787 1279 in
811 1230 853 1295 4⁰.
879 1220 963 1296 Sign.

132 1325 215 1381 arch.
233 1325 271 1382 H.
290 1326 307 1381 l.
329 1341 376 1382 12.
742 1323 744 1326 ⁴

220 1431 358 1489 LXXIV.
382 1431 530 1489 Collectio
555 1432 720 1489 litterarum
741 1451 794 1489 seu
816 1451 963 1489 commer-

133 1537 212 1592 cium
228 1536 393 1593 litterarum
412 1537 449 1593 D.
467 1516 698 1594 Bonavdnturae
715 1539 796 1594 Piter
813 1556 878 1594 cum
891 1539 964 1594 viris

133 1640 242 1708 doctis,
259 1643 324 1697 eius
340 1660 496 1698 sermones
513 1642 704 1717 capitulares,
722 1660 817 1718 opera
832 1643 964 1698 ascetica

133 1748 258 1812 minora,
276 1759 306 1802 et
319 1749 403 1802 varia
415 1760 559 1823 excerpta
571 1747 715 1804 historica
730 1766 811 1823 quae
826 1746 964 1823 pluribus

134 1850 285 1907 fasciculis
302 1852 597 1927 comprehenduntur
613 1855 715 1908 variae
731 1852 855 1909 formae.
878 1849 963 1926 Sign.

133 1956 214 2013 arch.
232 1957 266 2013 C.
284 1974 310 2012 e.
329 1972 379 2012 22.
397 1957 431 2013 C.
449 1957 468 2013 I.
490 1972 515 2024 1,
535 1973 563 2029 4,
581 1972 610 2029 5,
632 1971 679 2024 10,
702 1972 749 2023 11,
771 1972 817 2014 12.
834 1957 869 2014 C.
885 1977 916 2031 g.
938 1972 963 2025 1,

134 2076 162 2129 2,
179 2076 209 2133 3,
227 2076 342 2134 4-15.
360 2062 394 2118 C.
411 2062 439 2117 h.
462 2076 552 2133 1—3.

220 2184 342 2240 LXXV.
360 2185 455 2241 Vetus
472 2183 630 2260 disciplina
647 2186 814 2240 monastica
835 2185 863 2240 iu
884 2203 962 2240 mon.

132 2290 349 2345 Blevnoviensi
375 2303 405 2345 et
428 2288 567 2345 filialibus
584 2288 727 2363 Raigrad.
745 2303 802 2346 etc.
824 2289 863 2347 ab
885 2307 963 2345 anno

133 2408 194 2468 993
213 2411 310 2468 usque
326 2392 363 2448 ad
376 2405 513 2469 tempora
526 2394 681 2450 Hussitica
693 2393 867 2451 observata.
884 2393 964 2450 Con·

133 2500 248 2573 scripta
262 2499 362 2554 studio
378 2498 453 2554 Bon.
470 2499 561 2554 Piter.
583 2498 737 2554 Maculare
758 2500 823 2555 siue
844 2517 913 2574 pag.
935 2499 964 2553 in

133 2603 184 2661 Iol.
202 2602 285 2680 Sign.
303 2604 385 2660 arch.
398 2603 435 2659 A.
453 2603 563 2660 XVIII.
585 2619 632 2660 12.

220 2752 354 2825 Plank
377 2762 491 2825 Beda
513 2762 879 2846 (Cremifanensis)‚
903 2781 964 2824 an-

133 2892 192 2945 tea
207 2882 236 2943 F
239 2881 429 2963 ranciscus‚
446 2881 482 2943 in
499 2881 632 2963 oppido
645 2881 784 2976 Weyer
795 2880 964 2943 Austriae

133 3004 327 3086 superioris
343 3004 400 3066 die
420 3025 469 3084 27.
488 3003 587 3088 Sept.
610 3024 687 3083 1741
708 3014 823 3086 natus,
841 3004 875 3065 in
892 3023 963 3097 mo-

133 3127 288 3191 nasterio
306 3125 539 3190 Garstenensi
556 3146 587 3190 ο.
598 3147 624 3188 s.
635 3126 675 3190 B.
693 3147 805 3210 prope
819 3126 963 3209 Styram

133 3254 257 3313 urbem
274 3249 352 3330 sito,
375 3249 489 3330 prima
506 3249 661 3312 musicae
678 3250 854 3314 elementa
870 3249 963 3313 litte-

132 3392 321 3454 rarumque
330 3371 505 3453 principia
518 3372 655 3446 didicit;
670 3372 798 3435 deinde
808 3373 853 3434 ad
862 3391 963 3455 gym-

133 3496 270 3558 nasium
284 3505 320 3557 et
331 3495 472 3577 lyceum
486 3494 751 3558 Cremifanense
764 3506 963 3577 transgres-

76 3679 86 3703 ,
134 3639 204 3698 sus,
222 3617 278 3679 die
297 3637 325 3696 7.
342 3617 432 3679 Nou.
455 3621 534 3696 1759
552 3636 578 3679 s.
596 3616 728 3679 ordinis
745 3627 847 3679 veste
862 3617 963 3679 indu-

134 3749 201 3822 tus,
219 3739 438 3821 insequentis
455 3739 538 3801 anni
558 3743 639 3818 1760
656 3739 712 3802 die
734 3744 780 3803 13.
795 3739 884 3802 Nov.
901 3759 963 3802 vo·

133 3873 248 3926 torum
261 3861 482 3925 sollemnium
492 3861 964 3954 vinculoalligatusetquin-
1001 3908 1005 3960 ἱ

134 3984 300 4067 quennali
318 4003 427 4065 opera
443 3983 479 4045 in
495 3984 703 4047 evolvendis
720 4004 747 4048 s.
760 3986 963 4069 theologiae

134 4107 273 4171 arcanis
291 4108 464 4170 collocata
481 4107 538 4169 die
559 4128 584 4168 1.
599 4106 698 4189 Sept.
716 4113 796 4186 1765
813 4109 964 4190 primum

134 4221 213 4294 Deo
240 4231 369 4293 missae
397 4228 606 4293 sacrificium
632 4230 770 4294 obtulit.
801 4232 964 4295 Docendi

134 4374 260 4416 munus
288 4353 323 4414 in
350 4353 538 4436 gymnasio
566 4353 772 4433 auspicatus
800 4357 845 4416 ab
872 4374 964 4416 anno

139 4480 217 4555 1705
248 4495 361 4556 usque
390 4477 436 4537 ad
464 4495 593 4537 annum
626 4480 705 4554 1785
739 4495 803 4559 per
831 4478 965 4559 gradus

134 4599 332 4661 ascendens
348 4597 627 4680 grammaticam,
643 4598 863 4678 rhetoricam,
880 4618 965 4682 poe-

134 4721 189 4783 sin
203 4720 323 4783 docuit
336 4720 509 4802 simulque
519 4720 808 4803 congregationis
821 4721 965 4784 minoris

134 4861 282 4922 praeses
306 4844 577 4924 scholarumque
604 4842 891 4925 subpraefectus;
919 4845 965 4905 ab

134 4984 227 5027 anno
248 4969 327 5043 1785
345 4964 549 5045 praefectus
565 4964 740 5028 rationum
762 4965 966 5027 monasterii

134 5107 200 5169 per
217 5091 254 5150 25
274 5104 400 5167 annos,
421 5097 608 5168 praeterea
630 5090 676 5150 ab
698 5108 790 5151 anno
813 5106 892 5166 1794
908 5107 965 5150 us·

137 5230 205 5292 que
222 5212 268 5273 ad
283 5208 389 5273 finem
405 5211 501 5273 vitae
518 5211 615 5272 chori
632 5210 757 5273 musici
773 5229 912 5292 regens,
929 5209 965 5272 in

136 5353 273 5397 summa
289 5341 472 5395 senectute
493 5332 579 5395 nihil
599 5353 620 5395 a
641 5333 824 5395 laboribus
847 5331 965 5395 remit·

136 5463 215 5517 tens
242 5455 426 5536 professus
458 5464 493 5518 et
524 5457 691 5518 sacerdos
722 5454 897 5517 iubilaeus
928 5466 966 5517 et
1002 5501 1007 5518 .

1132 925 1285 1008 Scripsit
1301 929 1469 1011 typisque
1487 928 1662 1009 vulgavit:

1131 1053 1153 1108 1.
1171 1051 1301 1111 Samson
1318 1055 1394 1111 oder
1409 1055 1457 1112 die
1469 1053 1565 1112 Susse
1580 1073 1640 1111 von
1653 1055 1719 1111 dem
1734 1052 1875 1112 Starlten.

1044 1157 1102 1214 Ein
1119 1157 1272 1235 Singspiel
1295 1162 1324 1216 in
1346 1163 1419 1217 zwei
1437 1161 1575 1224 Theilen.
1592 1157 1622 1237 (i.
1641 1178 1668 1217 e.
1685 1159 1798 1216 Drama
1814 1179 1877 1215 mu·

1045 1263 1140 1318 sicum
1167 1263 1334 1336 „Samson“
1361 1264 1560 1344 intitulatum.)
1588 1264 1694 1339 Steyr,
1719 1264 1876 1321 Wimmer.

1049 1366 1139 1442 1776.
1158 1368 1199 1425 80.
1222 1366 1258 1425 16
1276 1389 1304 1445 p.

1132 1472 1169 1528 11.
1180 1472 1406 1548 DieJubelleier
1415 1473 1469 1531 des
1479 1474 1741 1549 tausendjahrigen
1750 1474 1875 1529 Krems·

1046 1584 1204 1634 munsters
1230 1576 1259 1656 (i.
1278 1598 1304 1635 9.
1328 1579 1504 1655 Descriptio
1526 1578 1735 1635 sollemnitatis
1755 1575 1876 1634 iubilaei

1045 1682 1200 1738 millenarii
1218 1686 1393 1739 monasterii
1411 1680 1666 1762 Cremifanensis.)
1682 1683 1766 1749 Linz,
1784 1679 1875 1755 1778.

1045 1793 1088 1859 4⁰·
1107 1785 1166 1860 281
1185 1806 1214 1863 1>-

1132 1892 1185 1948 111.
1203 1891 1396 1948 Trauerrede
1412 1892 1466 1949 aus
1479 1893 1574 1948 Maria
1592 1891 1750 1960 Theresia,
1767 1908 1876 1947 unsere

1044 2015 1154 2071 grosse
1170 1998 1356 2063 Monarchin‚
1374 1999 1412 2052 im
1427 1995 1540 2053 Grabe.
1565 1997 1598 2053 In
1615 1996 1670 2052 der
1685 1995 1876 2053 offentlichen

1044 2101 1276 2157 akademischen
1308 2101 1536 2175 Versammlung
1573 2113 1778 2176 vorgetragen
1816 2116 1876 2154 von

1045 2207 1140 2262 einem
1162 2205 1318 2280 Mitgliede
1342 2205 1396 2262 der
1417 2206 1447 2262 k.
1465 2205 1494 2261 k.
1511 2205 1679 2261 AkademIe
1700 2225 1735 2260 zu
1752 2205 1877 2260 Krems·

1045 2317 1186 2377 munster,
1204 2309 1262 2366 den
1280 2324 1329 2382 23.
1347 2310 1552 2367 Christmonat
1573 2307 1664 2383 1780.
1681 2307 1712 2386 (i.
1726 2327 1753 2365 e.
1768 2308 1876 2364 Oratio

1044 2413 1179 2471 funebris
1189 2416 1218 2470 in
1227 2409 1876 2490 mortemimperatricisMariae'Pheresiae.)

1044 2519 1144 2589 Wien,
1157 2519 1207 2577 bei
1219 2520 1286 2596 Joh.
1297 2520 1355 2575 Th.
1370 2518 1466 2575 Edlen
1479 2537 1539 2575 von
1550 2518 1725 2574 Trattnern.
1738 2523 1780 2591 4⁰.
1797 2531 1837 2574 20
1846 2535 1875 2592 p.

1131 2640 1324 2702 Praeterea
1352 2637 1631 2719 manuscriptum
1662 2635 1805 2717 reliquit
1836 2635 1877 2697 li-

1044 2764 1191 2826 bellum:

1131 2870 1449 2964 Beschreibung'der
1480 2887 1571 2944 Reise
1603 2887 1679 2942 nach
1711 2883 1875 2951 Einsidlen‚

1043 2991 1227 3068 Strassburg
1240 2993 1299 3049 und
1312 2993 1491 3061 Mannheim‚
1509 2991 1624 3048 welche
1636 2992 1674 3046 im
1686 2988 1777 3066 Jahre
1794 3000 1875 3060 1779

1043 3099 1101 3155 den
1118 3113 1169 3155 20.
1183 3097 1364 3174 September
1380 3100 1432 3154 mit
1444 3095 1622 3154 Erlaubniss
1639 3094 1693 3151 der
1706 3093 1811 3151 Obern
1823 3110 1875 3147 an·

1043 3217 1183 3278 getreten
1196 3202 1255 3258 und
1268 3203 1326 3259 den
1339 3217 1366 3276 7.
1376 3202 1547 3260 November
1559 3200 1711 3277 gliicklich
1723 3195 1876 3255 vollendet

1044 3310 1096 3364 hat
1111 3309 1143 3365 P.
1161 3310 1193 3364 B.
1210 3309 1243 3366 P.
1259 3309 1291 3364 P.
1310 3308 1343 3364 C.
1361 3304 1390 3386 (i.
1408 3326 1434 3363 e.
1452 3302 1662 3384 Itinerarium.)

1131 3426 1246 3489 Multa
1274 3428 1436 3488 dramata
1460 3424 1588 3488 Latina
1615 3425 1650 3486 in
1677 3441 1875 3486 sermonem

1046 3548 1296 3613 Germanicum
1323 3515 1500 3610 conhertit
1527 3557 1563 3610 et
1588 3546 1687 3609 varia
1714 3547 1875 3608 dramata
1907 3541 1908 3546 ’

1044 3682 1116 3734 tam
1138 3671 1265 3734 Latina
1289 3691 1393 3752 quam
1413 3667 1625 3733 Germanica
1648 3669 1770 3752 lingua
1794 3686 1875 3730 con·

1043 3794 1139 3876 fecit,
1153 3813 1301 3876 quorum
1310 3794 1399 3856 haec
1409 3796 1479 3856 duo
1488 3793 1586 3876 typis
1597 3792 1768 3874 impressa
1778 3797 1875 3853 sunt:

1132 3921 1153 3976 1.
1175 3919 1310 3976 Abramo
1335 3921 1579 3996 componimento
1600 3936 1690 3974 sacro
1712 3935 1806 3993 opera
1827 3915 1875 3971 del

1045 4025 1176 4101 Signore
1192 4024 1302 4083 abbate
1318 4027 1350 4082 P.
1364 4026 1551 4082 Metastasio.
1569 4021 1689 4097 Styrae,
1705 4019 1874 4078 Menhardt.

1049 4145 1140 4206 1772·
1159 4129 1200 4187 8⁰.
1219 4128 1257 4187 62
1277 4150 1306 4206 p.

1132 4237 1170 4293 11.
1188 4234 1333 4293 Socrates
1350 4236 1486 4292 veritatis
1502 4235 1632 4291 victIma.
1655 4229 1774 4306 Styrae,
1792 4231 1875 4286 Men·

1045 4342 1142 4410 hardt,
1165 4355 1255 4415 1774.
1273 4346 1314 4413 4⁰.
1334 4354 1374 4396 20
1391 4358 1420 4415 p.

1132 4470 1293 4544 Plodek
1313 4479 1554 4544 Christinus
1572 4477 1875 4559 (Blevnoveno

1046 4599 1326 4680 Braunensis),
1348 4619 1369 4660 a
1389 4598 1471 4680 Rzy
1497 4598 1533 4660 in
1549 4595 1729 4660 Bohemia.
1760 4593 1875 4657 Natus

1047 4727 1098 4786 25.
1120 4722 1207 4803 Apr.
1230 4725 1319 4803 1840,
1342 4721 1503 4784 habitum
1527 4719 1798 4783 Benedictinum
1825 4716 1875 4779 in·

1046 4844 1122 4908 duit
1150 4848 1240 4922 1859,
1266 4863 1474 4926 sacramque
1497 4843 1658 4926 regulam
1682 4838 1876 4905 Bievnovii

1046 4966 1229 5051 professus
1251 4977 1307 5030 est
1326 4966 1383 5029 die
1405 4970 1434 5030 8.
1450 4966 1537 5028 Dec.
1559 4970 1650 5047 1803,
1674 4985 1716 5041 ac
1740 4964 1797 5027 die
1823 4969 1874 5026 31.

1047 5091 1109 5153 Iul.
1132 5094 1212 5169 1864
1228 5090 1430 5152 sacerdotio
1446 5089 1615 5153 initiatus.
1645 5088 1808 5153 Selectus
1828 5089 1876 5150 ad

1046 5233 1166 5276 curam
1193 5189 1388 5275 animarum
1418 5214 1464 5274 ab
1491 5233 1584 5276 anno
1615 5217 1693 5292 1872
1725 5232 1875 5296 gregem

1045 5335 1177 5399 domini
1207 5334 1325 5418 pascit
1351 5335 1532 5418 Podaplae
1559 5338 1605 5398 ad
1632 5336 1765 5402 Albim.
1807 5336 1876 5398 Dei

1046 5457 1271 5522 eucharistici
1287 5459 1405 5521 zelans
1417 5459 1588 5522 honorem
1601 5458 1740 5522 exstitit
1751 5469 1876 5523 auctor
