4178 6196
914 428 1198 496 „440-

271 615 293 669 1.
318 614 481 670 Archivum
498 616 671 670 monasterii
687 614 829 670 Admont.
846 617 1014 690 superioris
1099 617 1177 692 1827
1204 613 1260 675 die
1284 635 1314 690 4.
1335 612 1398 674 Iul.
1423 621 1633 692 cooperator
1660 611 1696 675 in
1719 612 1925 693 parochiam

182 718 901 794 8111111111.18111111111111111111111111111
923 717 1013 791 Ῑ576·
1095 733 1493 796 Stammersdorfensem
1522 733 1703 816 dirigitur,
1736 735 1797 797 ubi
1826 754 1928 798 oeco-

182 821 255 903 (Iam
273 839 409 899 tempore
426 821 618 880 r.P.Alberti
632 821 804 878 deMuchar
816 842 876 878 non
888 823 1015 898 amplius
1095 858 1189 920 nomi
1206 857 1312 920 etiam
1330 857 1427 919 vices
1445 857 1479 919 in
1500 857 1583 919 latis
1603 857 1810 920 monaster„
1827 878 1927 940 prae·

182 948 307 985 ¹¹¹V0¹¹¹s¹
325 926 444 1005 Pomm)
1096 979 1163 1041 diis
1189 999 1315 1061 gerere
1343 982 1516 1052 debebat;
1548 991 1584 1042 et
1618 989 1756 1043 tanturn
1784 981 1924 1063 ibidem,

270 1070 306 1125 ΙΙ.
330 1068 515 1125 Geschichte
540 1068 593 1124 des
614 1064 720 1124 Stiftes
737 1068 869 1124 Admont
891 1070 919 1123 in
941 1071 1014 1125 zwei

823 1174 828 1184 .
891 1175 896 1184 ι
967 1175 972 1184 ¹
1096 1102 1197 1182 quasi
1213 1101 1248 1162 in
1265 1101 1419 1163 Tusculo
1440 1121 1515 1182 suo,
1538 1101 1605 1162 sibi
1628 1101 1853 1185 complacuit,
1877 1112 1924 1183 ut,

182 1174 314 1229 Erinden.
339 1169 368 1250 (i.
391 1193 417 1229 c.
439 1175 616 1229 Monasterii
632 1171 846 1228 Admontensrs
869 1168 1014 1250 1111101111.)

1095 1243 1175 1285 cum
1198 1223 1256 1284 die
1278 1227 1307 1287 8.
1330 1223 1418 1304 Apr.
1440 1227 1519 1285 1828
1543 1223 1579 1285 in
1604 1224 1858 1287 monasterium
1880 1228 1924 1288 ad

181 1279 237 1334 Ms.
255 1279 344 1333 Anno
365 1276 442 1349 1865
462 1279 586 1332 flammis
604 1291 822 1351 consumptum.

1095 1346 1358 1427 suscipiendum
1370 1345 1582 1427 professoris
1600 1346 1634 1408 in
1647 1347 1837 1429 gymnasio
1853 1368 1924 1410 mu·

269 1460 552 1554 Sengschmitt
566 1473 822 1535 Bertholdus
835 1474 1014 1536 Ioannes
1094 1488 1160 1530 nus
1176 1474 1414 1549 revocaretur,
1434 1468 1622 1530 lacrimoso
1643 1470 1749 1549 plane
1772 1470 1924 1533 carmine

183 1586 436 1671 (Scotensis),
454 1600 558 1652 natus
570 1591 733 1653 Viennae
746 1592 781 1653 in
794 1593 943 1655 Austria
956 1592 1013 1655 die
1094 1591 1232 1671 lapsam
1249 1589 1426 1653 fortunam
1443 1590 1652 1653 clamitaret.
1677 1591 1858 1655 Immerito
1873 1604 1923 1654 ta·

185 1731 232 1789 19.
250 1708 350 1792 Sept.
373 1717 463 1792 1801,
486 1714 594 1794 poeta
615 1711 824 1778 Germanus.
857 1715 1014 1778 Paterno
1094 1731 1188 1783 men;
1207 1712 1328 1774 schola
1344 1713 1437 1774 enirn
1454 1713 1570 1795 aptior
1587 1713 1656 1794 ipsi
1672 1733 1781 1776 arena
1796 1714 1873 1795 fuit,
1889 1715 1922 1776 in

181 1853 313 1914 genere
327 1855 372 1896 ex
385 1835 533 1897 Austria
545 1855 655 1915 supra
667 1836 818 1899 Anisum
835 1838 1013 1921 oriundus,
1095 1854 1166 1915 qua
1183 1835 1456 1897 excellentiores
1472 1855 1537 1916 pro
1550 1856 1614 1897 suo
1631 1836 1774 1918 ingenio
1786 1836 1922 1899 laureas

180 1955 377 2017 Viennensi
389 1967 508 2018 autern
519 1977 565 2018 ex
578 1966 689 2018 matre
702 1958 855 2040 genitus,
871 1960 1014 2022 sinceri·
1094 1957 1293 2018 lucraturus
1307 1968 1393 2021 erat.
1416 1957 1541 2039 Usque
1554 1958 1718 2021 adfinem
1729 1958 1814 2021 anni
1827 1960 1922 2022 scho-

181 2087 291 2140 tatem
308 2079 414 2139 animi
436 2079 604 2141 rusticam
626 2100 704 2141 curn
726 2081 861 2143 urbana
886 2082 1014 2144 mentis
1094 2079 1211 2141 lastici
1232 2085 1309 2158 1842
1329 2080 1364 2142 in
1382 2080 1566 2162 classibuS,
1588 2081 1639 2142 uti
1656 2082 1789 2163 dicunt,
1810 2102 1921 2164 gram·

180 2198 367 2260 habilitate
389 2200 458 2261 iam
483 2200 561 2281 ipsa
582 2201 703 2263 nativa
728 2201 846 2264 indole
870 2203 1013 2265 101111111-
1095 2201 1318 2263 maticalibus
1345 2202 1554 2284 magistrum
1582 2223 1694 2286 agens
1723 2224 1744 2266 a
1772 2204 1921 2286 discipu·

181 2322 302 2401 gebat.
327 2320 435 2384 Cuius
449 2331 562 2404 pater,
580 2323 669 2385 civis
683 2324 825 2404 quidem
835 2325 1014 2388 Viennen·
1094 2323 1136 2385 lis
1161 2333 1309 2404 propter
1332 2334 1518 2405 paternam
1543 2345 1643 2388 suam
1668 2326 1920 2409 benignitatem

181 2443 240 2523 siS,
263 2445 326 2505 sed
347 2446 546 2525 pauperula
569 2446 771 2508 conditione
797 2455 928 2529 textor,
952 2450 1014 2511 ho·
1094 2465 1208 2526 aeque
1225 2466 1266 2507 ac
1283 2456 1432 2527 propter
1451 2457 1592 2529 gratum
1619 2468 1658 2510 se
1682 2449 1832 2530 gerendi
1854 2469 1922 2510 mo-

181 2564 370 2626 nestiorem
387 2565 483 2628 vitae
500 2568 615 2629 locum
636 2567 708 2630 filio
730 2568 866 2631 sciendi
882 2571 1013 2652 cupido
1094 2569 1176 2629 dum
1189 2588 1210 2629 a
1224 2567 1462 2630 confratribus
1474 2569 1595 2650 magni
1605 2571 1819 2632 habebatur:
1832 2572 1921 2633 unde

179 2699 443 2770 procuraturus,
456 2689 549 2751 hunc
562 2710 654 2752 anno
672 2695 750 2753 1812
766 2691 837 2754 ΡΡ.
849 2692 1013 2754 Piaristis
1092 2688 1245 2751 feliciter
1260 2691 1304 2751 de
1321 2689 1384 2750 tali
1397 2688 1473 2752 vita
1487 2690 1556 2752 sibi
1568 2691 1763 2773 gratulans,
1780 2691 1921 2774 iamper

180 2810 215 2871 in
232 2811 401 2872 suburbio
418 2811 609 2892 Iosephino
627 2813 786 2874 scholam
803 2814 1012 2895 regentibus
1093 2811 1193 2872 varia
1209 2811 1365 2872 carmina
1382 2831 1497 2891 eaque
1518 2813 1615 2893 typis
1637 2822 1787 2875 exarata
1806 2823 1880 2874 tum
1896 2832 1919 2873 s.

179 2933 336 3013 tradidit,
358 2952 423 3012 per
440 2953 528 3013 quos
545 2934 826 3015 gymnasialibus
843 2935 1012 2997 doctrinis
1093 2933 1132 2995 P.
1150 2933 1191 2996 N.
1209 2932 1396 2995 Benedicti
1413 2933 1572 2995 ordinem
1590 2935 1711 3016 (1830),
1732 2943 1807 2996 tum
1829 2933 1920 2996 aedi·

179 3052 405 3116 imbueretur.
423 3054 489 3116 His
502 3055 686 3130 absolutis,
696 3056 864 3137 religioso
877 3066 1012 3120 tractus
1091 3055 1162 3117 ficii
1179 3056 1439 3118 monasterialis
1460 3056 1620 3118 funditus
1641 3055 1774 3118 factam
1790 3067 1921 3118 restau-

177 3176 329 3258 fervore,
347 3197 451 3257 quern
468 3179 634 3260 poemate
647 3180 802 3258 quodam
819 3181 864 3241 ad
877 3200 1011 3242 vesana
1091 3178 1264 3240 rationem
1282 3178 1402 3259 (1831),
1423 3188 1496 3239 tum
1519 3197 1679 3239 carorum
1702 3181 1918 3258 quorundam

179 3301 409 3363 athelstarum
427 3300 604 3362 molimina
625 3301 805 3381 punienda
826 3322 847 3363 a
868 3322 906 3364 se
927 3313 1011 3366 tunc
1090 3299 1238 3361 fratrum
1258 3299 1462 3360 memoriam
1489 3300 1596 3379 (docti
1617 3299 1657 3361 P.
1680 3300 1725 3361 A.
1747 3299 1919 3362 Oberleit-

179 3422 376 3504 composito
389 3423 566 3503 probavit,
580 3442 672 3484 anno
689 3424 903 3486 1818ordini
915 3444 942 3487 s,
956 3425 1011 3487 Io·
1091 3421 1176 3502 neri,
1200 3424 1221 3500 1
1243 3421 1321 3482 Iulii
1352 3423 1443 3501 1832)
1472 3431 1509 3483 et
1535 3421 1628 3484 festa
1657 3422 1861 3504 (iubilaeum
1884 3423 1920 3485 P.

178 3543 280 3625 sephi
311 3543 505 3605 Calasantii
536 3544 690 3606 insertus
721 3555 792 3619 est;
829 3549 893 3608 sed
929 3557 1011 3627 post
1091 3543 1919 3627 MeinradiLichtensteinerper25annosgym-

176 3686 283 3727 unum
299 3685 429 3727 annum
445 3666 640 3728 litterarum
661 3687 780 3729 amore
789 3718 797 3748 ,
821 3689 926 3749 quem
947 3670 1011 3731 ite·
1091 3666 1191 3729 nasio
1208 3665 1392 3747 praefecti,
1408 3665 1465 3729 fin.
1483 3666 1562 3728 Iulii
1584 3667 1676 3747 1832)
1699 3668 1852 3730 candido
1868 3688 1919 3731 ar-

177 3808 253 3850 rum
279 3787 432 3848 carmine
458 3788 537 3870 „Ad
559 3788 703 3850 Musas“
736 3810 783 3851 1ο.
806 3790 900 3872 Aug.
930 3795 1009 3869 1819
1092 3792 1177 3851 dore
1195 3789 1415 3851 celebrabat:
1433 3808 1524 3869 quae
1538 3789 1702 3872 carmina,
1720 3798 1758 3851 ut
1771 3809 1921 3852 commu·

176 3910 319 3972 condito
336 3912 535 3990 exserebat,
559 3912 742 3991 abreptus,
768 3913 814 3972 ad
839 3911 1011 3974 universi·
1092 3932 1172 3974 nem
1187 3911 1335 3973 fratrum
1352 3910 1462 3972 vitam
1483 3911 1779 3991 resplendebant,
1800 3912 1920 3974 horum

176 4042 286 4096 tatem
302 4030 542 4094 Viennensem
558 4033 699 4094 transiit
718 4032 837 4113 ibique
855 4032 1011 4115 philoso-
1090 4034 1251 4096 favorem
1268 4032 1319 4095 ita
1334 4032 1565 4112 incurrerunt,
1591 4041 1629 4093 ut
1651 4051 1757 4093 unum
1781 4031 1921 4094 aliudve

175 4156 299 4237 phicas
316 4154 483 4217 scientias
500 4173 565 4234 per
581 4155 670 4215 duos
684 4174 796 4216 annos
811 4155 1009 4218 hauriebat.
1092 4176 1155 4238 pro
1172 4155 1370 4234 occasione,
1387 4174 1416 4216 e.
1434 4174 1469 4236 g.
1486 4156 1531 4215 ab
1548 4154 1640 4215 Hon.
1658 4154 1781 4215 Kraus
1802 4153 1838 4215 111
1859 4172 1921 4216 suo

176 4278 312 4359 Quibus
325 4277 457 4359 optime
471 4288 617 4338 ornatus
630 4276 665 4338 in
678 4287 829 4340 monast.
845 4275 1010 4340 Scotensi
1093 4277 1334 4362 „Denkbuch“
1359 4278 1478 4357 (1838),
1501 4275 1628 4337 iterum
1652 4275 1920 4355 imprimeretur.

175 4420 267 4463 anno
296 4403 372 4461 1821
401 4399 458 4462 die
484 4403 533 4461 28.
560 4397 658 4481 Sept.
686 4402 860 4461 unacum
886 4400 1009 4462 habitu
1090 4400 1262 4463 Incitatus
1272 4400 1392 4480 itaque
1404 4399 1694 4479 Bertholdusper
1705 4398 1920 4479 collegarum

174 4521 408 4583 Benedictino
429 4521 624 4584 ominosum
648 4520 716 4582 sibi
737 4522 923 4584 Bettholdi
949 4542 1009 4584 no·
1089 4523 1301 4603 applausum
1326 4540 1371 4581 ex
1395 4519 1608 4583 occasionali
1637 4519 1738 4601 poesi
1765 4521 1811 4581 ad
1841 4521 1922 4581 sub-

174 4664 253 4706 men
275 4643 443 4724 suscepit,
468 4643 602 4724 quippe
625 4645 719 4725 quod
737 4644 872 4726 ingenii
889 4645 1006 4725 splen·
1089 4644 1238 4706 tiliorem
1255 4642 1385 4724 lyrices
1402 4643 1533 4704 cultum
1550 4642 1742 4723 processit:
1765 4661 1850 4703 mox
1872 4643 1921 4705 in·

174 4768 295 4829 dorem
322 4776 430 4846 atque
458 4766 682 4828 amicabilem
707 4767 816 4828 animi
839 4766 1006 4829 affectum
1088 4775 1141 4828 ter
1156 4763 1349 4827 familiares
1374 4764 1525 4826 circulos
1542 4740 1709 4843 receptus
1732 4772 1768 4824 et
1788 4763 1921 4825 teneris

174 4890 393 4970 designaret;
411 4889 493 4951 dein
506 4887 562 4950 die
577 4892 605 4952 5.
620 4888 700 4952 001.
718 4892 797 4967 1824
812 4888 1006 4969 professuS,
1086 4886 1263 4948 amicitiae
1280 4886 1430 4948 vinculis
1446 4886 1587 4967 ligatus,
1606 4904 1697 4966 quae
1714 4885 1917 4966 praesentia

173 5011 230 5073 die
263 5031 312 5089 27.
344 5011 440 5092 Aug.
477 5014 558 5072 1826
589 5013 781 5092 presbyter
812 5011 1004 5092 ordinatus,
1087 5010 1121 5070 in
1137 5009 1216 5090 ipso
1233 5017 1334 5070 erant
1347 5007 1559 5070 sentimenta
1573 5008 1725 5068 canebat
1739 5008 1831 5088 (ng.
1845 5007 1917 5069 Ian.

172 5133 279 5213 paulo
287 5141 370 5213 post
379 5132 413 5193 in
425 5132 576 5195 ecclesia
585 5132 870 5194 Breitenleeensi
881 5133 1005 5195 ditioni
1086 5133 1131 5193 ad
1147 5130 1235 5194 Maii
1255 5130 1364 5208 1835);
1381 5149 1464 5191 mox
1478 5147 1573 5208 ver0,
1587 5130 1674 5189 dura
1687 5136 1782 5189 sorte
1796 5126 1918 5190 amicis

173 5253 337 5317 Scotensi
353 5253 513 5316 subiecta
529 5254 679 5334 primurn
697 5253 776 5315 Deo
799 5254 928 5316 obtulit
950 5274 1004 5315 sa·
1085 5262 1248 5333 ereptus,
1276 5250 1502 5313 solitudinem
1531 5269 1630 5311 suam
1659 5249 1849 5330 deplorans
1876 5269 1918 5311 ea

172 5373 342 5437 crificium
366 5375 597 5456 incruentum,
624 5376 681 5437 die
706 5380 735 5437 3.
761 5374 860 5457 Sept.
897 5375 1003 5437 Anno
1085 5395 1175 5455 quae
1192 5374 1359 5435 memoria
1377 5383 1412 5434 et
1429 5375 1535 5434 corde
1556 5373 1703 5434 tenebat
1724 5371 1918 5453 praeterita
