4178 6196
912 447 1194 518 -197-

179 635 313 716 logiam
329 655 464 699 morum
480 646 516 698 et
528 635 710 699 historiam
723 635 961 699 universalem
976 634 1012 696 in

180 758 258 840 ipsa
289 759 523 822 universitate
555 758 684 822 docuit.
724 759 830 820 Anno
866 761 942 836 1761
976 756 1012 818 in

180 880 433 944 monasterium
469 900 635 944 reversus
667 892 702 943 et
733 879 876 943 novitiis
909 897 1011 960 prae-

179 1002 295 1066 fectus
311 1023 405 1066 anno
423 1002 587 1085 sequenti
603 1023 624 1066 a
640 1002 810 1066 fratribus
826 1002 939 1064 abbas
956 1010 1011 1063 est

179 1128 324 1190 electus
349 1126 569 1189 Monasterio
590 1146 683 1189 anno
709 1130 789 1206 1784
805 1124 949 1208 Iosephi
966 1126 1009 1189 ΙΙ.

178 1248 404 1331 imperatoris
425 1248 522 1311 iussu
540 1247 674 1311 abolito
690 1248 932 1331 Wolfgangus
948 1267 1010 1330 pa-

177 1369 321 1433 rochiae
338 1369 436 1433 urbis
452 1370 568 1433 Anisii
584 1370 744 1453 regimen
757 1369 925 1452 suscepit,
939 1388 1009 1450 quo

178 1493 213 1555 in
230 1513 375 1556 munere
398 1493 540 1556 ultimus
557 1494 670 1556 abbas
687 1491 935 1555 Gluniacensis
950 1491 1008 1573 pie

179 1616 393 1679 obdormivit
417 1616 452 1679 in
472 1616 626 1679 Domino
647 1615 705 1678 die
730 1635 780 1694 27.
800 1615 888 1677 Dec.
916 1633 1008 1676 anno

183 1757 273 1818 179¹·

265 1859 396 1924 Orator
412 1861 664 1924 celeberrimus
681 1880 785 1923 omne
801 1860 911 1923 otium
927 1879 1009 1921 con-

176 1983 256 2045 tulit
272 1984 309 2046 in
325 1995 437 2046 artem
453 1985 675 2047 rhetoricam.
694 1982 861 2064 Scripsit:

130 2208 133 2213 .
263 2129 286 2184 Ι.
311 2129 455 2186 Lobrede
479 2128 533 2185 aui
553 2129 610 2185 den
631 2128 700 2184 heil.
724 2129 858 2202 Ignatius
880 2125 1009 2201 Loyola‚

177 2231 282 2289 Stiiter
299 2234 353 2290 der
369 2233 574 2291 Gesellschaft
589 2234 670 2310 Jesu.
688 2229 718 2310 (i.
736 2251 763 2288 e.
781 2231 902 2287 Laudes
919 2250 943 2287 s.
960 2231 1009 2305 Ig-

177 2340 247 2394 natii
272 2339 420 2417 Loyolae,
445 2339 612 2395 fundatoris
639 2339 745 2393 societ.
770 2333 860 2413 lesu.)
888 2333 1007 2411 Styrae‚

182 2442 270 2517 1762.
288 2450 331 2515 4⁰.

262 2549 300 2604 11.
327 2550 389 2604 Der
411 2546 512 2623 Segen
535 2548 589 2603 des
609 2546 765 2603 Friedens
792 2543 935 2601 Lobrede
959 2541 1008 2600 bei

177 2652 376 2727 Gelegenheit
399 2652 453 2709 der
473 2651 699 2708 Secundizseier
722 2650 776 2706 des
797 2648 894 2706 Abtes
915 2651 1008 2704 Bern-

176 2756 248 2812 hard
265 2776 325 2813 von
342 2757 497 2814 Mondsee.
514 2753 543 2835 (1.
557 2775 583 2813 e.
599 2757 644 2812 De
662 2757 745 2832 pacis
762 2755 869 2811 salute.
887 2754 1007 2810 Laudes

175 2861 318 2917 Bemardi
335 2859 454 2917 abbatis
471 2860 708 2917 Lunaelacensis
730 2859 889 2916 iubilaeum
906 2877 1007 2915 sacer-

176 2965 305 3021 dotalem
318 2983 397 3021 anno
411 2964 489 3039 1765
505 2963 707 3042 celebrantis)
721 2962 901 3037 Salisburgi,
916 2960 1005 3036 1765,

175 3071 203 3124 111
220 3069 270 3125 fol.

261 3176 313 3232 lll.
331 3177 496 3232 Lehrsrltze
514 3175 560 3231 fiir
572 3177 626 3232 das
640 3174 856 3249 Predigeramt‚
874 3173 1005 3230 eusdem

176 3281 413 3337 Franzbsischen
439 3281 492 3337 des
516 3282 548 3337 P.
572 3278 898 3337 Gaichieziibersetzt.
916 3275 953 3362 (i.
978 3298 1005 3335 e.
1064 3299 1066 3303 ·

174 3385 206 3441 P.
220 3384 364 3441 Gaichiez
378 3385 576 3442 concionandi
589 3398 754 3461 praecepta
767 3403 804 3440 ex
818 3383 919 3458 linqua
933 3383 1005 3439 Gal·

174 3489 231 3545 lica
248 3489 415 3570 translata.)
431 3489 550 3566 Styrae,
573 3505 662 3565 1772.
681 3489 725 3546 8⁰.

261 3614 310 3670 IV.
332 3613 537 3670 Gesammelte
558 3613 763 3670 Ehrenreden.
788 3612 817 3690 (i.
839 3631 865 3669 e.
884 3612 1005 3668 Laudes

174 3720 203 3773 in
219 3738 307 3774 unum
325 3717 493 3796 collectae.)
510 3716 629 3793 Styrae,
651 3732 742 3792 1774.
760 3717 802 3774 8⁰.

260 3842 295 3899 V.
326 3840 424 3917 Jakob
451 3843 603 3916 Benignus
627 3842 772 3908 80111111,
803 3839 942 3897 Bischoss
968 3860 1003 3896 zu

173 3949 291 4013 hleaux‚
307 3946 503 4022 gesammelte
516 3945 687 4020 Predigten.
705 3943 734 4023 (i.
748 3964 774 4002 e.
789 3947 928 4001 Bossueti
940 3948 1004 4022 epi·

173 4056 258 4129 scopi
272 4054 426 4108 orationes
439 4069 545 4107 sacrae
559 4052 685 4106 inunum
698 4046 866 4127 collectae.)
885 4063 918 4122 15
932 4063 1003 4106 tom.

173 4157 292 4232 Styrae‚
314 4155 492 4230 1778—84.
510 4154 552 4211 8⁰.

259 4264 308 4319 vl.
337 4261 515 4327 Dankrede‚
543 4260 657 4317 welche
684 4257 732 4316 bei
762 4260 816 4316 der
840 4258 1004 4335 Jubelseier

173 4367 226 4423 des
246 4366 601 4440 zwblshundertjahrigen
625 4365 724 4421 hohen
741 4364 899 4421 Erzstistes
919 4362 1004 4421 Salz·

171 4471 249 4545 burg
273 4471 330 4526 den
355 4485 384 4526 2.
405 4468 490 4545 Sept.
517 4467 595 4541 1782
621 4469 763 4542 gehalten
786 4468 898 4525 wurde.
923 4463 952 4545 (i.
976 4487 1002 4524 e.

172 4578 280 4633 Oratio
296 4574 454 4632 testandae
471 4575 587 4648 gratiae
604 4574 789 4630 duodecimis
803 4594 826 4630 s.
841 4574 1003 4630 saeculari·

170 4681 228 4739 bus
249 4680 514 4737 archidioeceseos
536 4676 782 4770 Salisburgensis
801 4679 849 4735 die
871 4693 899 4736 2.
916 4677 1001 4754 Sept.

176 4785 253 4860 1782
276 4780 400 4862 habita.)
424 4781 715 4858 Salisburgi,1782.
740 4781 782 4840 8⁰.
811 4784 918 4839 Tertia
939 4782 1001 4838 edi·

172 4893 252 4947 tione
274 4888 364 4963 1784,
381 4891 410 4945 in
427 4888 478 4944 fol.

256 5037 412 5133 anigl
447 5047 712 5112 Dominicus
749 5044 1000 5129 (Seitensta-

171 5167 359 5250 diensis),
386 5177 570 5230 natusest
595 5166 652 5229 die
677 5188 705 5245 9.
728 5165 832 5249 April
858 5170 936 5229 1833
963 5165 999 5228 in

170 5291 287 5373 Ibsitz‚
308 5290 442 5372 oppido
459 5291 707 5351 monachorum
724 5287 998 5353 Seitenstetten·

170 5412 258 5475 sium
275 5431 385 5494 opera
402 5412 522 5473 seculo
538 5411 724 5473 undecimo
741 5421 896 5476 exeunte
917 5432 997 5475 con-

877 5498 893 5533 Ο

1093 631 1178 695 dito.
1202 631 1390 696 Absolutis
1407 633 1640 700 Seitenstadii
1660 647 1696 702 et
1712 640 1832 706 Melici
1850 654 1923 708 stu-

1093 754 1161 817 diis
1181 755 1359 838 gymnasii
1376 757 1433 819 die
1454 761 1500 822 15.
1518 757 1662 842 August
1684 765 1761 826 1855
1780 765 1922 829 1111111-

1091 888 1166 939 tum
1182 877 1307 960 induit,
1329 889 1364 942 et
1382 880 1507 943 eodem
1528 881 1586 943 die
1603 884 1685 945 anni
1706 888 1786 961 1850
1807 889 1923 952 ordini

1092 1018 1118 1062 s.
1146 998 1186 1061 P.
1209 999 1396 1064 Benedicti
1420 1002 1513 1065 votis
1541 1005 1771 1069 sollemnibus
1798 1013 1922 1073 11111-

1091 1121 1244 1204 scripsit.
1283 1123 1410 1186 Finitis
1441 1125 1477 1188 in
1508 1127 1695 1192 seminario
1727 1130 1922 1214 episcopali

1091 1245 1400 1330 S'anhippolytano
1423 1251 1625 1334 theologiae
1646 1254 1772 1316 studiis
1795 1255 1852 1318 die
1870 1278 1920 1336 ²9·

1089 1371 1152 1432 Iul.
1171 1374 1252 1432 1860
1268 1371 1469 1435 sacerdotio
1487 1382 1541 1437 est
1553 1384 1689 1440 auctus.
1712 1376 1869 1440 Primum
1885 1378 1921 1441 in

1089 1493 1277 1577 gymnasio
1308 1497 1594 1579 caesareo-regio
1622 1496 1919 1565 Seitenstadiensi

1090 1616 1330 1697 professuram
1358 1618 1559 1701 linguarum
1583 1621 1810 1685 classicarum
1838 1644 1920 1707 sup-

1090 1739 1212 1820 plevit.
1236 1740 1342 1802 Anno
1359 1753 1531 1822 sequente
1551 1742 1586 1805 in
1607 1743 1733 1806 almam
1750 1745 1921 1809 universi-

1090 1873 1201 1926 tatem
1224 1863 1466 1927 Viennensem
1494 1865 1581 1928 abiit
1608 1866 1728 1948 ibique
1756 1871 1920 1934 examine

1090 1985 1206 2068 rigido
1223 1987 1449 2050 laudabiliter
1464 1990 1628 2052 absoluto
1649 1991 1696 2051 ad
1716 2011 1842 2054 munus
1859 1994 1920 2055 do·

1090 2108 1193 2172 cendi
1215 2109 1329 2172 rediit.
1358 2110 1392 2172 A
1409 2130 1479 2191 quo
1496 2113 1698 2178 abstractus
1715 2123 1770 2177 est
1787 2136 1816 2194 9.
1832 2115 1921 2178 Maii

1094 2236 1184 2313 1868,
1206 2251 1277 2312 quo
1294 2231 1351 2294 die
1367 2231 1516 2296 fratrum
1532 2235 1625 2297 votis
1647 2238 1779 2299 cedens
1794 2258 1927 2301 munus

1089 2327 1271 2417 abbatiale
1288 2357 1455 2438 suscepit.

1176 2476 1329 2559 Scripsit
1356 2488 1391 2540 et
1418 2478 1546 2541 litteris
1576 2482 1754 2562 gymnasii
1782 2481 1920 2547 Seiten-

1089 2600 1280 2663 stadiensis
1302 2604 1379 2680 1867
1399 2622 1491 2664 anno
1508 2603 1613 2665 editis
1630 2604 1791 2668 inseruit:

1176 2747 1198 2802 1.
1216 2747 1273 2802 Ein
1289 2746 1381 2802 Wort
1398 2747 1472 2804 liber
1488 2748 1536 2804 die
1552 2749 1730 2825 Bedeutupg
1746 2751 1800 2808 der
1812 2751 1920 2809 Arbeit

1088 2850 1135 2906 stlr
1151 2851 1209 2907 den
1225 2851 1419 2908 studirenden
1434 2853 1586 2928 Jiingling.
1609 2849 1637 2932 (i.
1659 2874 1685 2911 e.
1707 2855 1918 2914 Adolescenti-

1087 2954 1144 3012 bus
1160 2956 1324 3013 litterarum
1342 2957 1487 3014 studiosis
1507 2972 1696 3035 quantopere
1717 2979 1795 3036 opus
1815 2964 1854 3018 sit
1875 2963 1917 3017 la·

1086 3061 1163 3118 bore
1179 3076 1209 3117 et
1227 3059 1394 3138 industria.)

1174 3187 1210 3241 11.
1236 3185 1299 3241 Das
1320 3184 1515 3260 Gymnasium
1536 3206 1571 3241 zu
1592 3185 1816 3246 Seitenstetten.
1842 3186 1871 3268 (1.
1889 3210 1916 3247 e.

1087 3291 1133 3346 De
1149 3292 1307 3366 gymnasio
1324 3289 1573 3371 Seitenstadiensi
1591 3294 1716 3348 notitiae
1733 3291 1917 3374 historicae.)

1172 3456 1447 3552 Hoepflinger
1469 3467 1791 3535 Sebastianus
1821 3474 1916 3556 (Ad-

1086 3585 1341 3666 montensis),
1354 3586 1497 3649 natione
1507 3589 1616 3651 Boius
1629 3589 1663 3652 in
1676 3590 1916 3675 Mattighofen

1085 3718 1189 3769 natus
1207 3711 1256 3770 28.
1274 3708 1377 3771 Febr.
1396 3714 1486 3790 1735,
1504 3720 1587 3772 vota
1600 3712 1715 3775 emisit
1732 3714 1915 3777 sollemnia

1089 3852 1114 3895 1.
1131 3831 1220 3894 Nov.
1242 3837 1332 3914 1755,
1355 3842 1391 3895 et
1411 3844 1599 3917 neomysta
1623 3836 1723 3898 stetit
1747 3838 1793 3899 ad
1817 3859 1914 3901 aram

1084 3960 1135 4018 3ο.
1153 3953 1253 4037 Sept.
1275 3961 1364 4035 1759.
1389 3955 1536 4019 Munere
1557 3959 1716 4040 regentis
1738 3960 1834 4022 chori
1850 3980 1915 4042 per

1084 4077 1219 4160 aliquot
1246 4097 1358 4141 annos
1384 4078 1556 4161 fungenS,
1585 4100 1690 4143 curae
1720 4083 1913 4145 animarum

1084 4203 1258 4284 admotus
1270 4201 1306 4264 in
1316 4201 1438 4265 Monte
1449 4200 1637 4285 Culmensi‚
1646 4203 1738 4286 Hali,
1748 4204 1912 4288 Theben,

1083 4324 1210 4388 Palfau
1238 4335 1274 4387 et
1301 4324 1424 4407 Weng
1450 4336 1630 4406 pastorem
1659 4327 1733 4408 egit
1760 4326 1912 4409 fidelem,

1084 4448 1196 4510 donec
1209 4468 1394 4530 gangrena
1404 4459 1635 4530 consumptus
1644 4448 1759 4511 obiret
1769 4453 1797 4512 8.
1808 4448 1912 4514 Febr.

1088 4575 1178 4636 1802.

1170 4698 1348 4774 Composuit
1363 4712 1380 4770 3
1397 4699 1515 4764 Missas,
1537 4713 1547 4753 1
1566 4697 1772 4765 Offertorium‚
1795 4700 1912 4755 1Mise·

1081 4819 1159 4868 rere,
1181 4817 1191 4857 1
1213 4800 1279 4858 Ave
1295 4804 1410 4876 regina,
1432 4817 1442 4857 1
1460 4801 1562 4870 Salve,
1580 4801 1633 4857 sed
1650 4801 1721 4857 nihil
1738 4819 1775 4858 ex
1789 4803 1834 4859 his
1847 4822 1911 4859 om·

1081 4906 1168 4962 nibus
1184 4907 1281 4975 adest,
1299 4926 1365 4962 curn
1382 4908 1535 4962 archivum
1553 4907 1636 4963 chori
1653 4908 1758 4963 musici
1775 4907 1911 4964 horribili

1081 5010 1219 5068 incendio
1235 5029 1314 5068 anno
1336 5009 1413 5084 1865
1433 5009 1621 5067 combustum
1638 5025 1729 5068 esset.

1170 5161 1337 5254 Hiippel
1353 5170 1576 5234 Mauritius
1593 5169 1910 5256 (Gottvicensis)

1078 5288 1114 5351 in
1134 5288 1337 5372 Haugstorf
1355 5288 1524 5352 Austriae
1547 5289 1604 5353 die
1630 5311 1677 5354 12.
1699 5291 1803 5354 Mart.
1830 5295 1910 5356 1686

1079 5423 1182 5474 natus
1199 5413 1234 5475 in
1251 5394 1503 5476 monasterium
1520 5412 1753 5478 Gottvicense
1776 5415 1910 5499 ingres-
