4178 6196
297 650 461 732 Reliquit
477 670 568 733 opus
583 669 662 712 ms:

297 780 439 834 Centuria
451 796 573 834 casuum
586 777 789 834 conscientiae
802 777 831 831 11
844 774 1038 832 conferentiis

209 881 400 940 Murensibus
420 895 586 956 1772—79
602 881 779 937 solutorum.
801 886 860 937 12⁰.
877 894 938 952 342
957 899 986 956 p.
1004 880 1037 935 ln

209 986 281 1044 bibl.
299 987 503 1044 Muto-Gries.
521 986 589 1043 cod.
607 1001 636 1043 2.
658 1000 726 1058 113.

296 1114 591 1190 Bischofreiter
602 1126 810 1189 Martinus
824 1128 857 1209 (a
870 1147 897 1191 s.
910 1126 1037 1189 Petro

210 1242 475 1326 Salisburgi),
512 1242 797 1327 salisburgensis
832 1264 876 1306 ex
907 1243 1037 1306 Maria·

209 1367 317 1450 pfarr,
340 1376 445 1429 natus
468 1371 518 1430 28.
540 1367 628 1448 Apr.
655 1371 745 1448 1762,
769 1366 924 1430 novitius
946 1370 1036 1447 1786,

208 1490 403 1551 monachus
415 1488 599 1571 professus
618 1511 665 1554 11.
678 1489 768 1553 Nov.
786 1493 876 1570 1787,
894 1507 1037 1571 neomy·

209 1621 265 1674 sta
280 1630 330 1690 27.
344 1609 443 1694 Sept.
461 1615 552 1694 1789,
569 1611 696 1674 studiis
709 1611 921 1694 theologicis
933 1613 1037 1673 abso-

209 1734 304 1816 11115,
322 1754 401 1796 cum
417 1745 493 1797 arte
510 1734 645 1797 musica
657 1734 819 1816 polleret,
836 1735 933 1797 chori
948 1733 1037 1817 figu-

209 1857 276 1919 rati
299 1856 452 1920 director
477 1856 700 1936 constitutus,
721 1867 909 1938 praeterea
929 1856 1037 1919 variis

209 1977 336 2041 officiis
356 1978 498 2041 functus
519 1988 588 2050 est:
616 1979 668 2041 uti
689 1978 864 2060 praefecti
886 1987 922 2041 et
942 1987 1037 2041 cate-

209 2101 335 2164 chetae
374 2101 517 2164 scholae
553 2102 785 2183 domesticae,
824 2100 1037 2182 professoris

208 2223 459 2305 grammatices
481 2224 515 2287 in
537 2224 780 2305 universitate,
801 2224 960 2288 custodis
980 2243 1037 2286 ec-

209 2347 340 2409 clesiae
368 2346 578 2428 claustralis,
609 2323 848 2410 bibliothecae
879 2346 1037 2409 adiuncti

209 2479 246 2532 et
262 2470 402 2532 demum
418 2468 632 2532 infirmorum
645 2469 767 2552 patris
790 2468 888 2533 Obiit
901 2468 1037 2551 profes-

209 2591 308 2654 sione
322 2602 357 2654 et
370 2592 569 2655 sacerdotio
582 2591 757 2655 iubilaeus
771 2611 821 2671 27.
832 2592 927 2674 Aug.
945 2594 1036 2670 1845.

209 2714 344 2777 Edidit:

295 2846 423 2902 Michael
444 2845 567 2922 Haydns
588 2848 718 2903 Partitur
738 2846 932 2903 Fundament.
954 2847 1036 2904 Salz·

208 2950 296 3025 burg.
314 2949 443 3008 Oberer.
465 2951 555 3023 1833.
573 2951 738 3021 Qum-Ful.

295 3083 573 3181 Bischowsky
594 3097 765 3158 Maurus
789 3095 1037 3178 (811111511-

209 3213 392 3295 diensis).
415 3213 529 3277 Natus
546 3214 653 3277 Cellis
669 3215 840 3278 Marianis
864 3215 900 3277 in
916 3213 1037 3297 Styria

209 3336 267 3397 die
280 3340 330 3399 30.
342 3336 432 3400 Nov.
446 3341 536 3419 1781,
550 3335 783 3401 Seitenstadii
792 3337 932 3399 scholas
942 3338 1037 3399 clau-

210 3459 348 3540 strales,
366 3458 613 3541 philosophiae
633 3460 752 3522 studia
768 3458 958 3522 Cremifani
976 3461 1037 3521 ab·

210 3580 326 3642 solvit.
351 3581 419 3643 Die
444 3602 491 3660 14.
509 3581 587 3646 Oct.
609 3587 688 3662 1798
710 3602 737 3644 5.
759 3582 893 3644 ordinis
913 3582 1037 3644 habitu

210 3702 364 3784 indutus,
382 3705 506 3766 eodem
524 3704 581 3766 die
602 3710 679 3766 1802
699 3704 791 3767 votis
808 3703 1037 3766 sollemnibus

209 3826 288 3888 Deo
315 3845 354 3887 se
381 3827 537 3890 devovit.
572 3827 759 3890 Absolutis
786 3827 821 3889 in
849 3827 1037 3890 seminario

210 3949 369 4029 generali
384 3948 579 4010 Viennensi
599 3949 726 4011 studiis
746 3949 958 4032 theologicis
980 3948 1037 4010 die
1074 3922 1078 3973 Ξ

215 4091 262 4134 11.
275 4070 364 4134 Nov.
378 4075 458 4148 1804
472 4083 658 4154 neomysta
673 4071 773 4135 stetit
785 4073 830 4133 ad
844 4090 951 4135 aram.
974 4071 1037 4133 Di·

210 4194 323 4256 versis
351 4193 480 4256 abhinc
507 4193 542 4255 in
570 4193 784 4256 monasterio
811 4192 954 4256 functus
981 4203 1037 4255 est

210 4317 427 4379 muneribus:
455 4316 542 4379 Erat
563 4316 654 4379 enim
674 4335 804 4398 regens
825 4316 932 4396 chori,
956 4335 1036 4397 pro-

210 4439 324 4503 fessor
356 4451 391 4502 et
421 4439 624 4521 praefectus
652 4440 795 4502 scholae
826 4438 1036 4521 11115111115,

211 4582 303 4644 quae
316 4565 382 4625 sub
395 4563 470 4644 ejus
481 4562 653 4645 regimine
671 4566 750 4640 1814
763 4561 799 4625 in
812 4561 1036 4644 gymnasium

210 4686 391 4767 publicum
408 4704 579 4747 conversa
596 4694 660 4748 est.
693 4689 860 4747 ram-25
882 4703 1036 4746 camera-

211 4808 293 4890 rius,
318 4811 484 4885 1825—48
505 4805 709 4888 praefectus
730 4808 913 4869 domorum
928 4805 1036 4870 Vien-

210 4929 381 5011 nensium,
397 4941 577 5011 postremo
590 4939 774 4991 senectute
787 4929 1036 5011 ingravescen-

210 5063 246 5114 te
263 5049 501 5113 confessarius
517 5051 552 5113 in
568 5070 596 5115 s.
613 5060 743 5133 monte,
764 5051 824 5114 ubi
845 5049 1036 5133 professio-

211 5173 265 5236 nis
292 5185 328 5237 et
354 5177 625 5256 presbyteratus
655 5175 819 5237 iubilaeis
847 5172 1036 5236 celebratis

211 5296 268 5359 die
300 5301 351 5359 30.
378 5296 451 5359 111.
484 5301 563 5359 1858
595 5295 821 5360 mortalitatis
855 5295 951 5358 viam
981 5304 1037 5358 est

211 5437 386 5481 emensus
411 5416 576 5499 Scripsit:

1202 653 1387 710 Geschichte
1415 651 1469 707 des
1494 649 1803 708 Benedictinerstiltes
1827 648 1946 706 Seiten·

1116 772 1236 816 stetten.
1255 760 1288 814 In
1299 754 1485 813 bibliotheca
1501 768 1628 811 monast.
1645 751 1714 831 (1.1.
1733 754 1869 810 Historia
1881 773 1945 810 mo-

1116 865 1237 921 nasterii
1255 864 1293 919 0.
1310 860 1342 919 S.
1358 863 1392 918 P.
1409 859 1561 916 Benedicti
1579 856 1866 936 Seitenstadiensis.)
1887 861 1943 915 Μ5.

1115 983 1133 1041 3
1151 969 1210 1025 vol.
1229 967 1271 1025 8⁰.
1293 969 1322 1023 in
1342 965 1524 1022 bibliotheca
1541 963 1771 1020 Seitenstadien.
1792 964 1944 1020 adservat.

1202 1131 1298 1206 Bita
1324 1141 1573 1205 Desiderius
1601 1142 1854 1205 Franciscus
1883 1144 1944 1223 (de

1117 1283 1144 1328 s.
1160 1262 1301 1325 Monte
1317 1260 1584 1343 Pannoniae),
1606 1283 1633 1326 s.
1647 1260 1850 1342 theologiae
1863 1262 1945 1323 doc-

1117 1395 1172 1449 tor
1197 1383 1418 1466 collegiatus,
1449 1382 1630 1444 facultatis
1657 1381 1882 1464 theologicae
1908 1381 1944 1443 in

1116 1506 1217 1589 regia
1238 1505 1465 1568 scientiarum
1486 1502 1718 1565 universitate
1735 1503 1944 1585 Hungarica

1117 1630 1273 1692 decanus
1297 1628 1474 1708 emerituS,
1502 1626 1538 1688 in
1562 1626 1687 1688 eadem
1712 1625 1943 1688 universitate

1116 1750 1320 1834 theologiae
1337 1748 1612 1812 fundamentalis
1633 1747 1814 1830 professor
1829 1748 1944 1830 publi-

1118 1895 1180 1938 cus
1196 1875 1281 1955 ord.,
1299 1872 1482 1935 societatis
1503 1892 1530 1935 s.
1548 1869 1722 1952 Stephani
1744 1891 1870 1933 censor
1890 1891 1944 1932 ar·

1116 1995 1400 2079 chiepiscopalis,
1422 2016 1448 2058 s.
1463 1994 1558 2057 sedis
1575 1994 1718 2056 consist.
1736 1993 1945 2056 archiabba-

1116 2119 1212 2182 tialis
1233 2120 1409 2181 adsessor.
1442 2122 1478 2178 ln
1494 2117 1694 2199 Keszthely
1718 2136 1805 2180 com.
1824 2117 1941 2179 Zalad.

1116 2241 1151 2304 in
1167 2240 1353 2324 Hungaria
1370 2240 1427 2302 die
1448 2244 1478 2302 3.
1496 2235 1575 2301 Oct.
1597 2242 1675 2301 1832
1698 2247 1814 2319 11115,
1835 2259 1861 2302 s.
1882 2238 1944 2300 ha-

1116 2363 1193 2426 bitu
1210 2363 1267 2425 die
1288 2366 1335 2425 15.
1352 2359 1452 2444 Sept.
1474 2365 1554 2424 1850
1569 2360 1723 2442 indutus,
1743 2361 1800 2422 die
1818 2365 1846 2424 5.
1864 2358 1943 2424 Oct.

1121 2491 1200 2564 1854
1209 2494 1295 2548 vota
1308 2483 1492 2547 sollemnia
1505 2483 1630 2546 emisit.
1643 2482 1831 2545 Absolutis
1844 2483 1878 2544 in
1891 2502 1944 2545 11-

1116 2608 1186 2691 gia,
1214 2627 1320 2689 quam
1343 2606 1625 2688 memoravimus
1649 2606 1892 2686 universitate,
1916 2626 1943 2669 5.

1116 2729 1320 2812 theologiae
1336 2728 1462 2791 studiis
1484 2727 1542 2790 die
1564 2733 1614 2791 31.
1632 2727 1726 2809 Aug.
1749 2731 1826 2806 1857
1850 2727 1942 2788 6111-

1116 2862 1221 2915 11115
1248 2863 1312 2914 151.
1348 2851 1409 2913 Ab
1439 2869 1531 2913 anno
1563 2854 1726 2928 1857-61
1761 2847 1943 2930 professor

1116 2973 1225 3037 studii
1240 2972 1374 3054 biblici,
1395 2976 1560 3034 1861-68
1579 2970 1782 3052 theologiae
1799 2970 1945 3052 dogma-

1116 3098 1209 3161 ticae
1236 3098 1271 3159 in
1303 3117 1329 3160 5.
1358 3104 1488 3176 monte,
1519 3096 1564 3155 ab
1591 3113 1684 3156 anno
1719 3097 1798 3155 1868
1827 3092 1945 3153 Buda-

1115 3218 1247 3301 pestini
1266 3218 1301 3280 in
1324 3217 1557 3280 universitate
1581 3235 1706 3278 munus
1731 3214 1944 3296 professoris

1116 3341 1201 3404 obit.

1201 3463 1349 3525 Praeter
1369 3461 1536 3523 librorum
1557 3459 1783 3523 recensiones
1800 3459 1939 3540 aliaque

1115 3587 1260 3668 minora,
1282 3585 1317 3647 in
1333 3584 1440 3646 variis
1461 3581 1603 3663 seriptis
1620 3580 1812 3662 periodicis
1829 3580 1944 3661 publi·

1116 3720 1206 3791 cata,
1222 3710 1310 3771 haec
1327 3705 1484 3787 scripsit:

1203 3855 1225 3911 Ι.
1247 3854 1484 3909 Dissertationes
1500 3853 1600 3907 varias
1617 3853 1644 3906 in
1662 3848 1711 3905 lib.
1729 3848 1845 3925 period.
1865 3849 1944 3919 „Re-

1116 3961 1219 4035 ligio“,
1236 3970 1283 4014 ut:
1308 3959 1341 4031 a)
1356 3954 1522 4012 Szeressiik
1543 3974 1560 4010 a
1581 3952 1841 4027 fdlvilagosodast,
1864 3952 1944 4007 hala-

1116 4065 1193 4131 dz'tst‚
1218 4063 1255 4119 de
1276 4062 1357 4118 kath.
1379 4061 1516 4117 hitiinket
1537 4059 1660 4115 ezeknel
1681 4060 1706 4114 is
1724 4056 1848 4132 jobban.
1870 4054 1900 4134 (i.
1918 4077 1944 4112 e.

1115 4169 1258 4225 Amemus
1275 4167 1370 4222 lucem
1384 4165 1539 4221 doctrinae
1556 4179 1586 4220 et
1602 4180 1795 4239 progressus,
1813 4161 1866 4217 sed
1883 4180 1944 4216 ma-

1115 4275 1162 4348 gis
1175 4272 1261 4328 fidem
1275 4283 1409 4327 nostram
1423 4265 1514 4347 cath.)
1528 4268 1617 4325 1861.
1631 4269 1668 4323 ΙΙ.
1684 4280 1721 4338 23
1733 4286 1761 4322 n.
1779 4266 1809 4340 b)
1819 4266 1945 4321 Korunk

1116 4376 1242 4433 daczzira
1254 4373 1524 4449 hithidegsegenek
1533 4372 1640 4448 jdle‘tet
1651 4372 1751 4427 keres.
1764 4367 1794 4448 (i.
1809 4391 1836 4426 e.
1852 4370 1945 4426 Aeta·

1116 4495 1175 4537 tem
1187 4495 1331 4544 nostram,
1349 4498 1528 4555 quamquam
1546 4477 1633 4533 sidem
1652 4489 1682 4532 et
1697 4476 1872 4550 religionem
1886 4494 1945 4531 non

1115 4598 1209 4655 curet,
1223 4599 1322 4641 tamen
1331 4585 1563 4660 prosperitatem
1573 4581 1805 4655 felicitatemque
1814 4577 1945 4657 sectari.)

1120 4688 1209 4748 1862.
1227 4690 1249 4746 I.
1271 4687 1318 4756 16,
1339 4702 1374 4762 17
1392 4707 1421 4743 1.
1446 4690 1473 4762 r)
1493 4689 1533 4742 Mi
1554 4707 1588 4742 az
1608 4682 1750 4761 igazsag?
1770 4682 1800 4762 (i.
1817 4705 1843 4741 e.
1865 4682 1944 4754 Quid

1115 4808 1162 4851 est
1184 4790 1327 4871 veritasi)
1355 4791 1445 4864 1863.
1471 4792 1508 4847 II.
1538 4789 1657 4847 16—21
1682 4810 1709 4846 1.
1738 4789 1771 4864 d)
1793 4789 1821 4844 A
1846 4788 1945 4844 caltidi

1115 4898 1287 4973 boldogsag
1303 4896 1454 4954 feltetelei.
1471 4893 1540 4974 (1.1.
1558 4895 1760 4952 Condiciones
1773 4912 1865 4950 verae
1881 4893 1945 4949 feli-

1116 5001 1236 5081 citatis.)
1261 5000 1350 5073 1863.
1369 5003 1406 5057 ΙΙ.
1432 5015 1554 5074 15-17
1572 5020 1600 5056 1.
1625 5001 1651 5076 c)
1671 5000 1698 5055 A
1718 4998 1859 5055 hittitkok
1881 4998 1945 5054 e'sz·

1115 5115 1201 5164 51111
1218 5107 1405 5163 terme'szete.
1427 5104 1456 5184 (i.
1470 5125 1496 5162 e.
1514 5106 1657 5180 lllysteria
1674 5105 1741 5160 fidei
1759 5122 1818 5158 non
1831 5096 1953 5158 discre·‘

1115 5231 1189 5289 pare
1202 5231 1269 5269 cum
1282 5209 1420 5288 ratione.)
1441 5208 1530 5282 1865.
1547 5211 1568 5266 l.
1584 5208 1709 5281 28—37
1720 5228 1747 5264 n.
1756 5207 1796 5286 s)
1808 5205 1946 5263 Szellemi

1114 5316 1236 5374 e'lett'ink
1252 5312 1324 5372 fdbb
1340 5314 1543 5389 dmyvonalai.
1566 5310 1595 5392 (i.
1613 5332 1639 5370 e.
1658 5314 1745 5382 Quae
1760 5314 1790 5368 in
1805 5313 1866 5367 vita
1882 5311 1946 5366 ani·

1115 5423 1152 5477 mi
1168 5420 1248 5496 apud
1264 5438 1320 5476 nos
1337 5422 1432 5476 minus
1452 5421 1510 5475 sint
1531 5416 1709 5496 probanda.)
1734 5415 1824 5473 1868.
1845 5417 1882 5472 ll.
1909 5430 1945 5488 19
