4178 6196
911 456 1194 530 -14,„

181 638 238 701 die
255 658 305 719 ²7·
324 639 404 705 Oct.
425 659 501 720 1771
522 642 740 704 sollemniter
755 642 938 725 professus
955 643 1012 706 die

185 783 232 840 14·
260 762 349 844 Apr.
381 767 463 843 1776
490 773 677 847 neomysta
703 766 750 827 ad
776 784 875 828 aram
902 766 1012 830 stetit.

180 886 377 967 Postquam
397 906 463 968 per
482 908 612 950 annum
628 887 790 950 Viennae
811 889 1013 971 linguarum

180 1007 403 1072 orientalium
419 1009 547 1090 peritia
562 1029 601 1071 se
615 1010 781 1092 excoluit,
797 1030 863 1092 per
875 1030 938 1072 sex
952 1031 1013 1074 an-

181 1150 245 1193 nos
270 1130 364 1193 domi
390 1131 607 1213 theologiam
635 1132 875 1213 dogmaticam
900 1133 1012 1195 solide

181 1253 310 1334 docuit,
328 1252 410 1314 dein
426 1253 574 1316 totidem
590 1253 692 1316 annis
709 1274 778 1335 qua
791 1254 886 1335 prior
902 1266 939 1318 et
950 1275 1013 1336 pa·

182 1377 309 1438 rochus
326 1375 542 1438 domesticus
558 1377 742 1458 praeclaro
759 1378 924 1459 exemplo
940 1397 1013 1440 om-

180 1500 284 1562 nibus
301 1497 455 1579 praeivit
476 1507 512 1560 et
528 1518 598 1579 qua
613 1500 789 1580 parochus
809 1500 845 1562 in
866 1497 1012 1563 Griinau

179 1621 214 1684 in
236 1620 498 1684 catechizandis
521 1621 731 1702 praesertim
752 1630 789 1684 et
809 1622 1013 1685 erudiendis

180 1744 340 1826 parvulis
362 1741 603 1825 gratissimum
619 1742 773 1806 studium
789 1764 891 1807 suum
907 1744 1012 1807 collo·

179 1866 284 1929 cavit.
310 1864 398 1928 Cum
414 1876 542 1947 postea
563 1876 599 1929 et
620 1865 670 1928 rei
687 1867 936 1930 oeconomicae
950 1868 1013 1930 ad·

178 1987 474 2052 ministrationem
482 1986 818 2070 utilissimegereret
827 1998 864 2050 et
875 1987 1012 2051 interea

180 2111 328 2176 abbatia
353 2119 514 2193 vacaret,
537 2110 745 2213 Leopardus
770 2111 826 2173 die
857 2132 903 2174 12.
924 2111 1010 2173 Dec.

184 2239 264 2315 1798
281 2234 436 2296 omnium
452 2233 544 2296 votis
566 2234 600 2295 in
622 2235 790 2296 abbatem
806 2234 940 2296 electus
957 2241 1012 2295 est

180 2368 215 2420 et
231 2357 289 2420 die
310 2361 357 2419 10.
375 2356 448 2419 Ian.
471 2361 548 2419 1812
573 2356 633 2438 pie
654 2357 689 2419 in
709 2356 862 2419 Domino
883 2356 1011 2419 obdor-

178 2479 289 2544 mivit.
314 2477 480 2560 Scripsit:

264 2606 288 2662 1.
317 2607 432 2662 Kurzer
459 2605 517 2661 und
545 2605 646 2661 klarer
669 2605 843 2662 Unterricht
869 2624 929 2662 von
957 2605 1012 2661 der

178 2710 443 2785 Nothwendigkeit
464 2710 522 2766 und
540 2710 597 2766 Art
618 2713 702 2767 einer
718 2709 916 2784 iriihzeitigen
932 2710 1010 2766 Vor-

178 2815 338 2890 bereitung
349 2835 414 2872 zum
428 2814 526 2870 Tode.
544 2812 574 2890 (i.
584 2833 611 2871 0.
625 2815 672 2871 De
683 2816 866 2871 necessitate
879 2827 909 2870 01
920 2813 1011 2870 1110110

178 2922 422 2996 praeparationis
454 2919 491 2975 ad
522 2933 648 2976 mortem
677 2917 841 2998 praeviae.)
873 2919 953 2976 Edit.
981 2933 1010 2991 3.

179 3025 298 3092 11101110,
316 3024 449 3080 Richter.
472 3022 561 3097 1787.

264 3148 302 3202 11.
327 3145 530 3203 Grfindlicher
550 3146 610 3202 und
626 3145 727 3202 klarer
743 3147 916 3203 Unterricht
936 3146 1011 3203 iiber

178 3251 226 3308 die
247 3270 342 3325 gauze
365 3250 739 3308 christlich·katholische
760 3248 930 3307 Glaubens-
951 3250 1010 3306 und

177 3353 375 3424 Sitteniehre,
400 3355 488 3412 nebst
514 3357 598 3411 einer
621 3356 733 3411 kurzen
759 3355 934 3430 Erkiarung
957 3355 1011 3411 der

176 3460 405 3535 sonntaglichen
420 3461 616 3535 Evangelieu.
633 3456 662 3538 (i.
676 3479 702 3516 e.
717 3461 1010 3518 Christiano-catho-

177 3565 252 3621 licae
272 3567 411 3621 veritatis
435 3564 625 3639 dogmaticae
649 3578 679 3620 et
699 3565 821 3622 moralis
842 3564 945 3623 brevis
967 3567 1010 3621 in·

177 3667 326 3748 structio.)
343 3683 360 3741 3
380 3670 461 3725 tomi.
479 3669 580 3738 wien,
599 3669 723 3737 Gerold‚
746 3683 823 3743 1795
842 3669 901 3725 und
919 3666 1009 3744 1796.

264 3833 383 3909 Gries
403 3847 584 3909 Ioannes
606 3847 674 3909 Ev.
699 3849 731 3928 (a
753 3867 779 3909 s.
796 3847 923 3911 Petro
940 3846 1009 3912 Sa-

175 3962 379 4044 lisburgi).
401 3964 686 4048 Salisburgensis
702 3986 748 4029 ex
765 3966 1010 4050 Kleingmain,

175 4097 278 4150 natus
317 4090 367 4149 26.
404 4088 477 4150 Ian.
518 4092 616 4169 1808,
654 4089 809 4152 novitius
846 4094 895 4152 26.
928 4088 1007 4152 Oct.

179 4212 269 4291 1827,
293 4210 487 4272 monachus
511 4210 694 4291 professus
718 4216 768 4275 28.
792 4210 889 4292 Sept.
916 4216 1006 4294 1830,

174 4339 360 4415 neomysta
384 4351 412 4410 7.
438 4333 533 4415 Aug.
562 4337 661 4414 1835,
685 4334 856 4396 absolutis
880 4334 1006 4397 studiis

174 4455 451 4536 praeparatoriis
467 4454 650 4536 professor
663 4455 812 4536 primum
829 4457 1005 4540 gymnasii

175 4574 468 4659 Salisburgensis,
492 4578 621 4640 deinde
642 4578 830 4660 Augustae
847 4578 1005 4642 Vindeli-

173 4718 292 4761 corum
309 4700 524 4763 constitutus
542 4710 606 4762 est.
631 4700 719 4762 Inde
740 4711 929 4765 revocatus
946 4722 1005 4766 cu-

173 4830 247 4884 stos
269 4823 402 4883 musaei
426 4821 611 4885 domestici
635 4822 753 4884 studio
775 4822 944 4885 historiae
968 4834 1005 4887 et

172 4945 221 5007 rei
237 4944 426 5007 botanicae
444 4945 614 5008 incubuit.
639 4944 738 5008 Obiit
755 4966 805 5024 24.
818 4946 893 5008 Iun.
913 4950 1003 5010 1855.

172 5065 337 5149 Scripsit:

258 5195 280 5250 1.
298 5196 480 5251 liotanische
497 5193 831 5251 Excursionsberichtc.
853 5193 882 5271 (i.
900 5214 926 5251 e.
945 5196 1004 5252 Re·

171 5298 298 5355 lationes
322 5297 482 5356 botanicae
506 5296 716 5376 excursionis.)
743 5299 776 5354 In
804 5300 1004 5367 „Botanische

171 5403 317 5478 Zeitung“
342 5402 431 5474 1833,
453 5402 530 5475 1835
550 5416 580 5459 et
600 5402 690 5474 1838.

1180 649 1218 706 11.
1231 650 1348 707 Xenien
1361 649 1408 706 ihr
1420 651 1467 707 die
1481 651 1626 707 deutsche
1639 652 1840 709 Marianische
1849 655 1929 712 Con·

1093 756 1254 828 gregation
1271 774 1307 810 zu
1322 753 1496 830 Augsburg.
1521 752 1550 832 (i.
1568 773 1594 812 e.
1612 757 1709 812 Xenia
1725 775 1782 833 pro
1799 775 1929 833 congre·

1092 858 1215 931 gatione
1251 859 1385 915 Mariana
1419 859 1567 934 Augustis
1600 860 1823 918 vindelicorum
1856 880 1927 919 con·

1093 959 1229 1040 scripta.)
1246 966 1278 1036 a)
1291 964 1390 1020 Kurze
1407 964 1465 1020 und
1484 965 1574 1020 leicht
1592 964 1734 1023 iassliche
1751 967 1851 1023 Lehre
1867 987 1927 1024 von

1094 1064 1160 1121 dem
1185 1066 1224 1123 hl.
1247 1065 1444 1125 Sacramente
1468 1069 1523 1125 der
1546 1070 1621 1126 Ehe.
1650 1069 1678 1147 (i.
1704 1089 1730 1128 e.
1756 1072 1802 1127 De
1825 1090 1928 1129 sacra·

1093 1183 1194 1227 mento
1217 1175 1396 1229 matrimonii
1421 1173 1523 1230 brevis
1545 1171 1725 1252 instructio.)
1750 1176 1926 1254 Augsburg,

1098 1273 1189 1347 1840.
1215 1274 1256 1333 8⁰.
1279 1311 1322 1318 —
1342 1278 1374 1352 b)
1397 1279 1454 1335 Die
1472 1279 1586 1335 Wfirde
1611 1280 1665 1336 des
1686 1280 1822 1339 Weibes.
1847 1279 1876 1362 (i.
1899 1303 1926 1341 0.

1094 1379 1228 1437 Mulieris
1251 1381 1349 1438 1101101
1372 1396 1403 1438 01
1426 1379 1576 1461 dignitas.)
1599 1383 1676 1440 Ibid.
1702 1384 1792 1458 1841.
1817 1385 1859 1444 8⁰.
1884 1421 1957 1453 -,

1093 1483 1211 1541 Woher
1227 1503 1263 1541 so
1279 1487 1356 1542 viele
1378 1487 1588 1561 ungilickliche
1604 1481 1701 1545 Eheu.
1726 1485 1755 1566 (i.
1773 1509 1799 1548 e.
1818 1492 1865 1548 De
1881 1495 1926 1549 in-

1093 1586 1222 1646 felicium
1246 1592 1501 1648 matrimoniorum
1522 1592 1649 1672 genesi.)
1674 1594 1750 1653 lbid.
1774 1593 1864 1670 1842.
1882 1594 1926 1654 8⁰.

1180 1693 1233 1751 111.
1250 1694 1385 1752 Chrouik
1401 1695 1456 1752 des
1469 1696 1629 1754 Erzstiites
1642 1697 1791 1775 Salzburg
1804 1701 1863 1757 und
1872 1702 1927 1759 der

1093 1799 1323 1872 angrenzendeu
1352 1799 1586 1875 Gebirgstheile.
1618 1798 1647 1880 (i.
1677 1822 1702 1860 0.
1732 1805 1793 1861 Res
1820 1819 1926 1881 gestae

1092 1902 1318 1960 archicoenobii
1335 1902 1578 1981 salisburgensis
1594 1921 1625 1964 et
1640 1907 1829 1968 finitimorum
1842 1930 1926 1969 mon·

1092 2006 1187 2085 tium.)
1207 2009 1391 2085 Impressum
1411 2012 1441 2066 in
1465 2010 1710 2087 „Gebirgsbote“
1734 2017 1819 2101 annis
1845 2015 1923 2092 1847

1091 2110 1230 2185 —1849.

1179 2217 1341 2275 Praeterea
1359 2221 1485 2295 plurima
1504 2225 1686 2298 conscripsit
1698 2224 1851 2291 historica,
1868 2226 1925 2284 bo-

1092 2321 1191 2376 tanica
1208 2335 1238 2378 01
1253 2341 1332 2396 quae
1350 2323 1489 2382 dicuntur
1505 2324 1711 2385 belletristica.

1179 2449 1341 2525 Griibet‘
1378 2465 1681 2531 Bonaventura
1717 2470 1924 2554 (Raigra·

1092 2577 1299 2662 diensis),
1330 2582 1492 2646 Viennae
1524 2586 1693 2650 Austriae
1724 2610 1770 2652 ex
1801 2592 1923 2671 divite,

1091 2711 1255 2781 spectata
1272 2714 1308 2766 et
1324 2704 1474 2768 honesta
1494 2705 1627 2771 familia
1653 2717 1698 2773 18.
1715 2712 1819 2775 Μο11.
1843 2736 1922 2795 ¹744

1091 2825 1317 2908 progenitus,
1342 2828 1440 2889 cuius
1463 2839 1568 2910 pater
1592 2851 1671 2894 0.1.
1696 2836 1922 2900 conductoris

1092 2964 1218 3008 munus
1235 2949 1368 3031 obibat,
1393 2970 1498 3013 unum
1520 2952 1644 3016 habuit
1664 2954 1810 3019 fratrem
1830 2960 1921 3022 ordi-

1091 3066 1145 3127 nis
1162 3087 1189 3132 s.
1202 3069 1397 3152 Augustini
1413 3072 1556 3136 Brunae
1568 3075 1768 3156 professum
1781 3081 1812 3159 (†
1828 3083 1921 3162 1781)

1092 3199 1127 3251 01
1140 3198 1213 3266 tres
1225 3209 1376 3274 sorores,
1386 3214 1534 3275 quarum
1546 3197 1656 3260 maior
1670 3210 1765 3282 natu,
1779 3201 1922 3285 Angeia

1091 3309 1260 3375 Gabriele
1291 3315 1567 3380 sanctimonialis
1594 3319 1770 3405 Viennae,
1801 3335 1921 3389 aetate

1089 3433 1231 3496 minima
1247 3454 1333 3498 vero
1349 3439 1464 3500 adhuc
1485 3438 1601 3503 infans
1623 3460 1669 3504 ex
1688 3445 1755 3507 hac
1770 3445 1845 3509 vita
1860 3449 1921 3511 de·

1091 3556 1207 3620 cessit.
1246 3557 1470 3639 Euphrosina
1503 3581 1588 3624 vero
1624 3564 1737 3645 primo
1769 3571 1919 3651 cauponi

1090 3691 1212 3763 nupta,
1235 3691 1318 3761 post
1335 3681 1410 3744 eius
1426 3694 1574 3746 mortem
1591 3686 1701 3749 nobili
1718 3688 1763 3751 de
1779 3689 1920 3773 Mayer-

1089 3803 1181 3884 berg
1196 3803 1231 3865 in
1253 3803 1511 3868 matrimonium
1532 3808 1693 3891 traditur,
1706 3811 1767 3891 qui
1779 3832 1920 3894 posses·

1090 3944 1148 3986 sor
1164 3926 1336 4005 praedioli
1353 3926 1579 3992 Ebendorfae
1596 3931 1631 3993 in
1646 3931 1792 3996 Austria
1805 3935 1919 3999 diver·

1089 4046 1138 4109 sis
1148 4066 1226 4111 cum
1237 4049 1468 4131 optimatibus
1476 4051 1639 4116 familiari
1648 4055 1918 4122 vixitconnexu.

1088 4169 1205 4233 Mater
1213 4160 1490 4237 Bonaventurae
1502 4195 1616 4256 aeque
1627 4196 1669 4239 ac
1680 4197 1818 4240 sorores
1831 4180 1917 4260 eius,

1086 4292 1192 4355 vitae'
1200 4294 1409 4358 curriculum
1425 4296 1522 4377 pium
1544 4277 1586 4360 ac
1608 4299 1777 4362 devotum
1793 4311 1917 4364 sancta

1086 4425 1199 4478 morte
1226 4415 1358 4481 finiere.
1390 4420 1576 4482 Absolutis
1603 4420 1763 4484 Viennae
1791 4422 1917 4485 studiis

1087 4535 1227 4602 Griiber
1243 4561 1336 4604 anno
1357 4545 1432 4621 1761
1458 4544 1504 4604 ad
1524 4553 1682 4606 nostrum
1704 4545 1835 4627 suscipi
1855 4565 1917 4628 pe·

1086 4662 1141 4725 tiit
1162 4664 1371 4727 coenobium
1395 4676 1431 4727 et
1452 4666 1526 4728 voti
1548 4685 1693 4748 compos
1714 4667 1829 4731 factus
1850 4672 1916 4732 sub

1085 4784 1338 4849 Bonaventura
1350 4786 1449 4849 Ρ1101
1461 4787 1678 4870 praeposito,
1694 4790 1793 4851 cuius
1810 4791 1916 4854 etiam

1084 4909 1224 4971 nomine
1238 4910 1496 4992 appellabatur,
1511 4910 1545 4972 in
1559 4928 1683 4972 manus
1699 4913 1915 4975 successoris

1085 5028 1246 5094 Othmari
1273 5032 1308 5092 in
1335 5031 1479 5095 festos.
1505 5032 1691 5096 Benedicti
1724 5041 1802 5114 1700
1831 5045 1916 5098 vota

1084 5153 1268 5216 sollemnia
1295 5155 1418 5218 emisit.
1448 5155 1633 5218 Absolutis
1657 5158 1783 5220 studiis
1803 5158 1915 5240 philo·

1084 5277 1239 5359 sophicis
1255 5288 1291 5340 et
1308 5278 1517 5359 theologicis
1529 5297 1626 5341 more
1635 5290 1806 5343 consueto
1818 5281 1915 5362 apud

1084 5419 1148 5462 nos
1161 5418 1254 5465 anno
1272 5403 1349 5479 1767
1364 5401 1565 5464 sacerdotio
1577 5401 1736 5464 initiatus
1750 5406 1800 5466 28.
1814 5400 1913 5485 Sept.

1656 5509 1705 5567 19*
