4178 6196
942 536 1224 623 -146-

213 747 404 822 zugellossen
421 746 467 800 ist.
485 745 628 808 Viennae.
647 741 736 817 1805,
751 746 832 819 typis
844 743 937 799 Math.
951 741 1044 799 Andr.

213 850 357 908 Schmidt.
375 883 417 890 —
433 849 499 905 Von
520 848 586 903 dem
608 847 724 904 uralten
740 847 888 904 Bildnisse
909 847 964 903 der
984 847 1046 903 hei-

215 956 323 1031 ligsten
332 953 555 1011 Gottesmutter
566 950 614 1008 hei
628 952 685 1008 den
694 953 942 1009 Franciscanern.
954 952 1047 1009 Vien-

214 1079 280 1125 nae,
302 1058 392 1132 1807,
408 1057 489 1134 apud
505 1058 617 1133 Ioseph
631 1057 774 1113 Tendler.
788 1089 829 1098 -
841 1057 909 1114 von
923 1055 977 1113 der
988 1056 1046 1112 Er-

215 1165 378 1222 habenheit
394 1163 448 1220 des
464 1162 624 1236 beiligsten
637 1163 767 1218 Namens
781 1163 884 1218 Maria.
901 1162 1046 1227 Viennae,

220 1268 311 1337 1808,
327 1267 408 1345 apud
424 1267 536 1343 loseph
553 1266 704 1322 Tendler.

301 1375 341 1430 ll:
354 1372 636 1449 Fastenpredigten.
650 1369 679 1447 (i.
693 1390 719 1427 e.
733 1371 905 1427 Conciones
918 1369 1048 1446 quadra·

215 1475 399 1556 gesimales.)
418 1477 508 1534 2vol.
527 1475 571 1534 8⁰.
594 1492 618 1533 1.
636 1476 684 1532 ed.
699 1477 842 1542 Viennae,
860 1473 951 1549 1790,
969 1475 1049 1551 typis

215 1587 298 1642 loan.
313 1583 423 1638 Thom.
444 1579 514 1638 nob.
532 1581 569 1636 de
587 1581 741 1647 Trattner,
759 1595 787 1636 2.
805 1580 851 1636 ed.
869 1578 939 1636 ibid.
958 1577 1048 1651 1804.

303 1688 355 1744 111.
373 1685 698 1762 Sonntagspredigten.
715 1681 745 1763 (1.
761 1703 788 1741 0.
805 1685 978 1742 Conciones
994 1684 1049 1740 do·

217 1793 369 1850 minicales
387 1787 587 1868 perannum.)
613 1807 632 1862 4
654 1790 713 1846 vol.
739 1787 780 1846 8⁰.
803 1789 947 1857 Viennae,
969 1801 1047 1862 1797

216 1912 355 1971 -1799,
374 1910 435 1972 typ.
452 1897 534 1952 loan.
552 1895 662 1951 Thom.
679 1892 749 1950 nob.
767 1893 804 1949 de
820 1894 976 1950 Trattner.

303 2001 354 2058 IV.
386 1998 728 2076 Feyertagspredigten.
761 1995 791 2077 (i.
820 2017 846 2054 e.
878 1998 1049 2055 Conciones

217 2106 371 2164 festivales
388 2124 443 2182 per
458 2102 589 2182 annum.)
612 2105 646 2160 In
662 2102 781 2160 duobus
798 2102 919 2167 volum..
936 2115 967 2158 et
983 2103 1049 2177 qui-

216 2211 284 2268 dem
300 2211 359 2267 vol.
382 2225 411 2266 1:
429 2207 492 2264 Aul
504 2208 552 2264 die
568 2209 713 2283 Festtage
729 2206 783 2263 des
799 2207 899 2264 Herrn
916 2206 974 2263 und
991 2207 1049 2262 sei·

218 2335 272 2372 ner
295 2315 445 2389 Heiligen.
474 2311 503 2391 (i.
528 2332 554 2369 e.
575 2313 608 2368 In
633 2312 740 2369 diebus
764 2310 851 2369 lestis
875 2312 995 2368 Domini
1020 2323 1050 2367 et

218 2434 390 2503 sanctorum
414 2416 499 2497 eius.)
522 2418 590 2476 Vol.
617 2433 649 2474 2:
674 2416 736 2473 Aul
756 2417 804 2473 die
827 2417 852 2472 F
855 2428 973 2491 esttage
996 2416 1051 2472 der

219 2526 379 2601 heiligsten
395 2522 540 2601 Junglrau
558 2523 663 2579 Maria.
685 2519 715 2601 (i.
733 2541 761 2578 e.
784 2522 818 2578 10
840 2519 946 2578 11101103
965 2520 1050 2577 103113

218 2643 342 2688 sanctae
354 2630 467 2685 Mariae
476 2624 631 2705 Virginis.)
646 2628 734 2683 avol.
748 2625 790 2684 8⁰.
799 2627 944 2694 Viennae,
959 2640 1049 2700 1799,

219 2738 300 2813 typis
316 2735 399 2791 loan.
417 2734 475 2789 Th.
492 2731 563 2789 0011.
577 2732 614 2789 110
629 2734 783 2791 Trattner.
802 2764 846 2773 —
866 2732 1051 2788 Concionum

220 2838 276 2898 suh
298 2854 327 2912 3.
345 2853 375 2896 01
391 2856 420 2911 4.
438 2850 738 2895 commemoratarum
760 2856 868 2894 novam
889 2835 1052 2893 editionem

220 2945 387 3002 faciendam
411 2957 496 3000 curat
524 2943 557 3000 P.
581 2942 798 2999 Constantinus
823 2941 946 2998 Vidmar
973 2936 1052 3017 (vide

220 3046 309 3128 hunc)
326 3048 484 3106 Scotensis
500 3046 580 3124 apud
592 3046 711 3104 Herder
723 3047 900 3120 Brisgoviae
917 3047 946 3100 in
959 3060 978 3117 4
992 3043 1052 3100 vol.

221 3153 264 3213 8⁰.
286 3152 376 3211 1880.

310 3287 455 3352 Relicta
486 3288 531 3348 ab
560 3285 720 3348 Adriano
748 3283 902 3349 Gretsch
931 3304 1053 3347 manu-

222 3411 355 3494 scripta
371 3419 499 3491 postea
511 3407 551 3469 P.
565 3407 674 3489 Leop.
688 3405 872 3471 Scherlich
889 3406 1053 3491 (1111011),

222 3533 320 3618 typis
336 3531 474 3594 edenda
491 3529 628 3591 curavit
644 3537 681 3591 et
696 3529 852 3610 quidem:

310 3676 346 3732 V.
368 3675 491 3749 Predigt
507 3693 566 3730 von
583 3673 640 3730 den
657 3673 872 3729 Krankheiten.
894 3674 961 3730 Von
982 3676 1054 3731 wei·

224 3781 292 3837 land
313 3780 425 3836 Adrian
448 3777 579 3834 Gretsch
604 3791 661 3834 etc.
685 3778 829 3846 Viennae,
858 3776 948 3851 1831,
974 3781 1054 3855 typis

224 3886 293 3942 Ant.
311 3883 381 3941 noh.
399 3883 435 3939 de
452 3882 584 3940 Schmid.

312 4007 362 4065 Vl.
395 4006 630 4062 Homiletischer
660 4006 806 4062 Nachlass
842 4004 896 4061 des
928 4005 1055 4061 weiland

225 4112 461 4186 hochwiirdigen
485 4109 599 4166 Adrian
626 4110 757 4167 Gretsch
787 4125 844 4167 etc.
874 4109 1056 4167 Enthaltend

226 4218 335 4274 dessen
356 4216 434 4273 noch
458 4218 505 4271 nie
527 4217 565 4271 im
583 4215 704 4271 Drucke
726 4217 941 4272 erschienenen
957 4215 1056 4273 Sonn·

227 4321 465 4398 tagspredigten.
479 4318 508 4397 (i.
519 4339 545 4377 e.
556 4321 727 4377 Conciones
737 4317 953 4398 dominicales)
967 4318 1055 4377 0101.

228 4427 270 4486 8⁰.
288 4427 431 4484 Viennae.
453 4423 544 4498 1834,
562 4428 641 4501 typis
658 4439 688 4481 et
704 4439 812 4501 sumpt.
830 4426 942 4501 Congr.
960 4425 1056 4482 Mech.

315 4550 380 4606 Vll.
412 4548 646 4605 Homiletischer
672 4549 819 4605 Nachlass
850 4549 905 4605 des
932 4548 1059 4604 weiland

228 4652 462 4729 hochwiirdigen
476 4652 589 4708 Adrian
602 4652 743 4709 Gretsch.
757 4653 937 4710 Enthaltend
950 4653 1060 4710 dessen

229 4760 307 4816 noch
339 4761 386 4814 nie
418 4760 456 4814 im
485 4757 607 4814 Drucke
635 4757 850 4814 erschienenen
878 4759 1060 4835 Feyertags-

231 4864 400 4941 predigten.
422 4859 451 4941 (1.
469 4882 495 4919 0.
513 4863 686 4919 Conciones
703 4861 878 4941 festivales.)
899 4879 916 4937 3
935 4865 995 4923 vol.
1017 4865 1060 4922 8⁰.

229 4971 374 5037 Viennae,
401 4968 491 5042 1834,
513 4970 592 5044 typis
614 4981 644 5024 et
663 4982 772 5045 sumpt.
789 4969 903 5044 Congr.
921 4971 1061 5027 Mechith.

318 5091 399 5148 Vlll.
427 5092 661 5148 Homiletischer
683 5091 830 5148 Nachlass
858 5091 912 5148 des
936 5093 1061 5149 weiland

231 5195 465 5271 hochwiirdigen
493 5195 607 5251 Adrian
636 5195 767 5253 Gretsch
792 5210 850 5252 etc.
881 5197 1062 5254 Enthaltend

134 5347 135 5350 ,
231 5300 341 5357 1103300
357 5300 435 5356 noch
451 5302 499 5355 nie
516 5302 554 5357 im
568 5301 691 5357 Drucke
707 5302 924 5358 erschienenen
936 5303 1062 5359 Pasten·

232 5402 399 5479 predigten.
408 5400 438 5480 (1.
448 5421 475 5460 0.
485 5404 656 5461 Conciones
665 5405 963 5484 quadragesimales.)
977 5423 989 5463 1
1001 5406 1061 5463 vol.

232 5507 275 5564 8⁰.
293 5507 435 5573 Viennae,
457 5507 547 5581 1835,
565 5510 644 5583 typis
661 5522 692 5564 et
707 5523 817 5585 sumpt.
834 5511 947 5585 Congr.
964 5511 1061 5568 Mech.

1211 741 1263 796 IX.
1295 741 1530 798 Homiletischer
1560 741 1706 797 Nachlass
1743 740 1797 797 des
1829 739 1958 796 weiland

1124 844 1361 921 hochwiirdigen
1387 844 1500 903 Adrian
1525 845 1657 903 Gretsch
1685 859 1743 902 etc.
1775 844 1960 902 Enthaltend

1125 949 1235 1006 dessen
1258 950 1337 1006 noch
1358 952 1405 1006 nie
1429 953 1467 1008 im
1489 932 1612 1007 Diucke
1632 950 1848 1006 erschienenen
1865 949 1959 1007 Gele-

1125 1054 1433 1131 genheitspredigten.
1451 1052 1480 1134 (i.
1495 1075 1522 1112 e.
1539 1056 1712 1113 Conciones
1728 1053 1960 1132 occasionales.)

1128 1173 1144 1214 2
1163 1159 1223 1215 vol.
1240 1155 1282 1216 8⁰.
1299 1159 1443 1227 Viennae,
1464 1159 1555 1233 1835,
1572 1161 1652 1236 typis
1669 1171 1700 1216 et
1714 1171 1824 1236 sumpt.
1842 1159 1957 1234 Congr.

1127 1263 1269 1320 Mechith.

1216 1393 1266 1466 de
1295 1391 1500 1468 Grlenlels
1538 1405 1777 1471 Edmundus
1811 1409 1960 1490 (Melli-

1129 1521 1294 1604 censis),
1311 1521 1472 1586 Viennae
1488 1525 1524 1587 in
1541 1526 1688 1590 Austria
1708 1529 1766 1591 die
1794 1534 1841 1592 13.
1858 1527 1959 1612 Sept.

1134 1645 1215 1705 1680
1235 1652 1350 1725 natus,
1372 1645 1429 1707 die
1451 1650 1479 1710 5.
1497 1645 1576 1711 Oct.
1598 1653 1679 1728 1698
1699 1650 1859 1714 sollemni
1880 1672 1963 1735 pro·
2012 1678 2015 1682 “

1128 1762 1283 1828 sessione
1304 1768 1518 1832 monasterio
1542 1789 1581 1832 se
1603 1772 1795 1835 adstrinxit
1820 1782 1856 1836 et
1881 1794 1963 1854 1704

1130 1886 1187 1948 1110
1205 1908 1255 1966 29·
1272 1885 1372 1971 Sept.
1393 1886 1588 1974 0001073111Ι
1603 1894 1649 1955 ad
1670 1915 1767 1957 aram
1788 1895 1898 1958 stetit.
1923 1882 1965 1959 10

1129 2007 1302 2091 religione
1326 2013 1373 2073 ab
1396 2011 1490 2076 omni
1514 2014 1679 2077 abhoruit
1705 2014 1838 2099 offici0,
1867 2029 1903 2081 et
1927 2018 1964 2082 in

1129 2131 1270 2195 silentio
1286 2133 1426 2197 transiit
1439 2135 1548 2198 vitam
1564 2156 1665 2200 suam
1677 2140 1899 2222 eandemque
1916 2143 1964 2205 ad

1129 2253 1227 2335 ipsos
1236 2256 1419 2337 octoginta
1431 2278 1543 2322 annos
1557 2270 1805 2342 exporrectam
1818 2265 1965 2328 tandem

1130 2377 1324 2441 accedente
1340 2388 1443 2442 aestu
1459 2380 1575 2444 febrili
1592 2403 1671 2445 cum
1687 2383 1830 2465 placida
1847 2396 1961 2450 morte

1131 2500 1282 2564 mutavit
1302 2502 1359 2565 die
1377 2507 1405 2566 5.
1422 2503 1508 2567 Dec.
1530 2525 1623 2568 anno
1646 2506 1802 2589 aprima
1824 2508 1964 2590 profes·
2008 2542 2018 2561 κ

1130 2621 1229 2686 31000
1246 2628 1298 2706 01,
1314 2646 1336 2687 a
1351 2625 1474 2707 primis
1489 2628 1653 2710 primitiis
1671 2634 1721 2693 55.
1746 2629 1912 2714 Scripsit:

1218 2751 1240 2806 l.
1263 2751 1434 2826 Explicatio
1450 2772 1544 2830 super
1559 2756 1730 2812 universam
1742 2756 1846 2813 Alvari
1863 2777 1966 2832 gram·

1132 2857 1280 2924 maticam,
1298 2859 1472 2934 conscripta
1488 2877 1506 2914 a
1521 2859 1553 2916 P.
1571 2859 1730 2917 Edmundo
1746 2860 1783 2918 de
1800 2860 1965 2931 Grienfels,

1132 2959 1274 3035 professo
1291 2961 1466 3028 Mellicensi,
1483 2965 1695 3038 grammatices
1712 2978 1742 3022 et
1758 2969 1893 3041 syntaxis
1910 2986 1967 3043 per

1133 3065 1283 3122 biennium
1301 3066 1451 3141 quondam
1468 3070 1625 3142 magistro,
1650 3070 1683 3125 In
1704 3073 1832 3144 gratiam
1849 3072 1967 3129 studio·

1133 3189 1186 3227 sae
1201 3172 1373 3227 iuventutis.
1389 3177 1432 3244 4⁰.
1448 3171 1506 3229 Μ3.

1163 3296 1165 3300 ’
1220 3276 1258 3331 11.
1280 3275 1372 3331 ’1111111
1397 3276 1542 3351 elogiales
1566 3275 1673 3334 beatae
1694 3279 1809 3335 Mariae
1829 3282 1967 3356 virginis.

1134 3378 1377 3456 amem

1221 3484 1273 3541 111.
1298 3486 1344 3541 De
1368 3486 1467 3542 mundi
1492 3488 1647 3543 creatione
1668 3502 1699 3544 et
1718 3508 1812 3565 opere
1832 3490 1967 3547 30111110-

1132 3609 1206 3647 rum.
1224 3587 1266 3646 8⁰.
1283 3587 1324 3662 58
1341 3609 1370 3666 p.

1220 3694 1271 3751 IV.
1293 3692 1445 3769 Syntaxis.
1467 3699 1509 3767 4⁰.
1532 3696 1588 3751 Ms.
1612 3693 1668 3752 Sat
1688 3709 1804 3753 vastum
1826 3699 1967 3755 volumen

1134 3802 1199 3856 sine
1215 3801 1392 3875 paginarum
1409 3801 1550 3855 numeris.

1222 3905 1257 3961 V.
1279 3904 1481 3961 Chronotaxis
1504 3922 1650 3960 annorum
1674 3918 1704 3961 et
1725 3919 1882 3980 gestorum
1904 3908 1968 3964 Do·

1135 4011 1204 4066 mini
1222 4009 1289 4064 lesu
1303 4008 1424 4075 Christi,
1438 4010 1466 4063 in
1485 4027 1544 4084 qua
1562 4022 1693 4084 quatuor
1709 4012 1866 4086 evangelia
1882 4025 1968 4069 recto

1135 4114 1242 4172 ordine
1258 4114 1403 4188 temporis
1415 4112 1591 4187 digeruntur
1604 4126 1635 4169 et
1646 4116 1723 4170 inter
1735 4134 1769 4170 se
1780 4115 1967 4185 ordinantur,

1123 4218 1168 4274 ’111
1194 4237 1281 4275 unam
1309 4217 1420 4273 Christi
1449 4217 1602 4273 historiam
1631 4218 1772 4276 efficiant.
1805 4221 1896 4294 1728.
1925 4228 1968 4294 4⁰.

1136 4324 1193 4380 Μ3.
1232 4364 1239 4379 .
1282 4338 1292 4378 1
1321 4365 1328 4379 .

1209 4336 1273 4484 ρ1117.
1298 4337 1516 4502 Sphemerides
1536 4426 1726 4484 Mellicenses
1749 4428 1786 4483 ad
1813 4443 1859 4502 19.
1877 4429 1969 4487 Febr.

1142 4546 1223 4606 1750
1250 4534 1407 4607 sequentia
1434 4543 1552 4586 notant:
1585 4530 1699 4588 Adtulit
1730 4545 1760 4589 et
1791 4535 1972 4591 monstravit

1139 4637 1209 4694 mihi
1222 4637 1257 4694 R.
1271 4637 1303 4693 P.
1317 4635 1492 4693 Edmundus
1509 4633 1615 4692 librum
1632 4649 1679 4692 sat
1691 4650 1808 4694 vastum
1825 4636 1862 4695 de
1880 4652 1969 4695 cantu

1140 4741 1264 4809 chorali,
1281 4759 1368 4816 quem
1386 4743 1452 4816 ipse
1468 4742 1649 4816 composuit.

1228 4889 1506 4985 Grlndberger
1528 4903 1772 4966 Leonardus
1794 4900 1972 4984 (Gottvi-

1142 5019 1306 5100 censis),
1330 5017 1474 5081 Mellicii
1498 5018 1534 5080 in
1558 5019 1705 5081 Austria
1728 5021 1785 5082 die
1811 5027 1861 5086 28.
1883 5022 1971 5105 Apr.

1147 5146 1225 5222 1753
1240 5151 1345 5204 natus
1357 5150 1393 5202 et
1405 5142 1577 5204 absolutis
1591 5142 1626 5204 in
1639 5144 1870 5207 celeberrimo
1880 5145 1972 5207 eius·

1143 5266 1223 5327 dem
1235 5262 1386 5327 nominis
1398 5265 1611 5327 monasterio
1624 5265 1751 5327 studiis
1759 5266 1973 5330 humaniori·

1142 5388 1210 5448 bus
1237 5395 1273 5450 et
1297 5385 1551 5468 philosophicis
1575 5387 1610 5449 in
1633 5387 1807 5450 asceterio
1832 5385 1973 5451 Gottvi·

1143 5508 1240 5571 censi
1265 5528 1291 5571 s.
1314 5507 1593 5571 conversationis
1616 5509 1776 5571 habitum
1800 5509 1915 5572 induit
1937 5517 1974 5573 et
