4178 6196
897 483 1182 555 ,577-

254 676 365 731 XXIII.
382 677 482 732 Kurze
495 674 724 747 Bemerkungen
741 672 817 729 uber
828 674 886 730 alle
899 673 998 731 Sonn·
1079 669 1333 732 sollicitudines
1347 670 1430 731 dum
1443 670 1689 732 desideranter
1700 672 1838 752 petenti
1850 692 1912 734 an-

169 781 227 836 und
240 778 538 854 Festtags·Episteln
551 778 610 834 und
619 777 805 852 Evangelien
818 776 872 834 des
883 797 999 852 ganzen
1079 810 1125 853 „0
1146 811 1180 869 17
1184 810 1224 870 47
1248 792 1428 872 deponere
1447 792 1555 874 licuit,
1582 791 1677 854 domi
1701 812 1780 854 cum
1795 792 1914 855 Maria

168 886 283 961 Jahres,
305 902 359 940 aus
376 882 444 939 dem
460 884 700 939 Franzdsischen
717 885 801 938 eines
818 883 999 957 Ungenann·

1038 898 1042 992 i
1079 913 1912 994 pedibusdominicontinuaosculatulit.Senex

170 1003 218 1044 ten
234 1007 303 1045 vom
319 988 410 1063 Jahre
427 1001 506 1060 1737
524 985 687 1044 iibersetzt.
704 983 733 1063 (i.
744 1005 771 1042 e.
783 987 894 1042 Notata
907 1004 999 1061 quae·

170 1093 236 1148 dam
256 1091 294 1148 de
315 1091 452 1166 epistulis
476 1104 506 1146 et
526 1091 691 1166 evangeliis
714 1092 807 1147 totius
827 1087 919 1168 anni.)
943 1092 999 1146 Ms.
1082 1054 1160 1096 cum
1177 1037 1373 1098 mmonbus
1390 1044 1426 1097 et
1438 1045 1543 1098 astus
1555 1045 1738 1099 matutmls
1751 1037 1912 1118 quondm

170 1203 212 1269 40.
235 1210 293 1252 120
310 1195 391 1251 folia.
409 1193 483 1250 Ibid.

255 1299 365 1356 xxlv,
391 1298 528 1372 Heiliger
552 1300 735 1372 Kreuzweg‚
760 1298 835 1355 oder
857 1298 1001 1355 Betrach-
1040 1351 1044 1405 Ι
1083 1281 1122 1356 78
1138 1279 1261 1340 labore
1277 1277 1412 1340 fractus
1429 1299 1636 1362 gangraena
1653 1279 1836 1342 confectus
1853 1280 1910 1341 die

171 1419 244 1477 tung
259 1403 313 1459 des
329 1402 462 1458 Leidens
480 1402 539 1457 und
553 1402 658 1458 Todes
670 1403 742 1477 Jesu
754 1402 866 1459 Christi
880 1404 909 1457 in
922 1403 1000 1457 vier-
1086 1404 1133 1461 13.
1151 1400 1240 1462 Nov.
1263 1404 1341 1478 1752
1365 1400 1517 1463 animam
1534 1401 1618 1483 egit.
1642 1400 1833 1464 Innovavit
1854 1401 1911 1464 die

170 1508 243 1564 zehn
260 1505 427 1563 Stationen.
451 1502 481 1579 (i.
499 1525 526 1562 e.
544 1506 654 1562 Devia
672 1526 696 1562 s,
715 1507 814 1562 crucis
831 1506 1001 1563 meditatio·
1083 1543 1133 1598 29·
1159 1521 1233 1583 Iun·
1265 1526 1345 1599 1746
1373 1542 1400 1586 s·
1425 1522 1692 1605 professionem,
1721 1533 1757 1586 et
1784 1529 1813 1586 ὁ.
1837 1524 1912 1587 Ian·

170 1608 245 1689 nes.)
269 1612 325 1666 Ms.
348 1609 391 1667 8⁰.
418 1624 453 1683 17
472 1608 552 1666 solia.
575 1610 608 1665 In
623 1608 809 1667 bibliotheca
825 1609 1000 1666 Mellicensi.

256 1721 380 1794 Wolf
414 1733 629 1795 Amandus
662 1730 1001 1814 (Gottvicensis),

171 1859 275 1911 natus
301 1848 337 1911 in
365 1849 561 1911 Kammern
589 1850 760 1912 Austriae
789 1849 846 1911 die
872 1872 902 1926 4.
927 1850 1000 1912 Ian.

1080 1157 1241 1219 laudavit
1254 1157 1443 1238 dominum,
1460 1159 1573 1220 donec
1586 1178 1756 1221 annorum
1769 1177 1911 1220 suorum

1087 1647 1162 1721 1751
1184 1644 1421 1706 sacerdotium
1438 1665 1550 1709 suum.
1574 1643 1740 1726 Scripsit:

1169 1786 1192 1841 I.
1214 1784 1318 1841 Labor
1335 1789 1411 1861 pius
1436 1787 1465 1842 id
1487 1801 1542 1853 est,
1568 1801 1721 1845 extractus
1745 1807 1783 1845 ex
1806 1789 1913 1845 rotulis

1082 1888 1131 1945 dd.
1142 1889 1425 1946 confoederatorum
1437 1904 1609 1948 nostrorum
1620 1893 1835 1949 Mellicensium
1845 1895 1912 1949 mis·

176 1976 254 2051 ¹78⁶
279 1972 486 2033 SOHemnem
510 1971 769 2052 Pf0fe⁵Si⁰¹¹0m
799 1971 915 2035 emiSit
944 1972 1001 2033 die
1083 1995 1140 2059 sis,
1166 1995 1323 2050 continens
1347 1996 1431 2050 varia
1455 1998 1576 2070 pietatis
1600 1999 1744 2053 exercitia
1771 2009 1801 2053 et
1827 2009 1913 2053 actus

172 2101 200 2157 6.
217 2094 291 2158 Ian.
314 2099 392 2173 1807
411 2102 447 2156 et
463 2093 613 2174 primum
633 2112 772 2155 sacrum
794 2094 923 2156 obtulit
943 2093 1001 2154 die
1083 2098 1234 2165 heroicos,
1257 2099 1285 2153 in
1301 2097 1410 2172 quibus
1427 2118 1460 2155 se
1478 2099 1661 2156 exercebant
1676 2101 1783 2157 Patres
1807 2113 1837 2156 et
1860 2119 1913 2156 an-

177 2220 224 2279 15.
242 2216 337 2298 Aug·
361 2220 450 2278 1808.
474 2216 630 2278 primum
653 2216 839 2278 catecheta
859 2216 1003 2277 scholae
1084 2215 1256 2258 tecessores
1280 2205 1385 2258 nostri.
1421 2204 1472 2260 Rr.
1501 2223 1536 2260 ac
1560 2204 1703 2261 venerab.
1728 2207 1761 2261 P.
1786 2204 1913 2261 Roberti

1084 2304 1236 2361 Wolfarth
1254 2307 1333 2382 prof.
1349 2308 1458 2364 Mellic.
1476 2328 1505 2383 p.
1523 2322 1543 2364 t.
1561 2311 1646 2365 senio
1664 2308 1794 2384 professi
1815 2322 1845 2364 et
1866 2327 1913 2365 sa·

1083 2410 1216 2467 cerdotis
1230 2409 1353 2468 iubilati.
1371 2412 1427 2468 Its.
1440 2413 1507 2468 Fol.
1524 2412 1588 2485 396
1602 2433 1631 2488 p.
1649 2433 1715 2469 cum
1729 2413 1836 2469 indice.
1853 2412 1914 2468 Ad·

1083 2529 1222 2570 servatur
1238 2517 1267 2570 in
1284 2513 1467 2572 bibliotheca
1483 2517 1658 2573 Mellicensi.
1683 2518 1729 2573 De
1745 2517 1803 2572 hoc
1819 2535 1913 2592 opere

1084 2621 1112 2674 in
1129 2621 1261 2692 registro
1278 2622 1430 2695 prioratus
1447 2621 1495 2677 die
1513 2635 1563 2694 27.
1575 2622 1645 2678 Oct.
1660 2635 1741 2695 1750
1756 2623 1914 2695 sequentia

172 2703 327 2785 negotiis
344 2702 538 2783 oeconomi,
560 2701 697 2763 culinae
721 2711 757 2764 et
778 2703 889 2764 cenae
906 2702 1003 2764 vrna-
1043 2721 1047 2810 7
1084 2722 1227 2796 legimus:
1244 2723 1290 2779 Ad
1304 2742 1364 2779 non
1376 2723 1530 2781 mediocre
1547 2726 1686 2781 solatrum
1699 2724 1914 2781 meumdetunt

172 2825 244 2886 riae
275 2823 451 2905 praefecti
481 2833 685 2905 permutare
717 2823 851 2885 debuit.
894 2824 1003 2886 Pedis
1084 2827 1153 2882 mihi
1166 2827 1204 2882 ad
1217 2829 1383 2902 prioratum
1397 2847 1474 2904 opus
1487 2848 1582 2895 suum,
1597 2831 1643 2885 cui
1657 2825 1913 2899 titulus:„Labor

172 2945 344 3008 fractione
372 2945 537 3008 inhabilis
562 2947 607 3007 ad
631 2947 826 3029 gerendam
854 2965 1004 3008 oecono-
1084 2933 1170 3008 pius“
1190 2951 1213 2988 r.
1227 2932 1259 2987 P.
1275 2930 1427 2989 Robertus
1443 2931 1624 2989 venerabilis
1639 2935 1741 2988 senior
1756 2931 1914 3008 professus

1085 3033 1242 3102 iubilaeus‚
1259 3038 1305 3090 vir
1317 3038 1510 3111 septuaginta
1525 3051 1641 3112 septem
1654 3054 1809 3100 annorum,
1827 3033 1914 3091 valde

171 2337 472 2419 claustralis,mox
481 2337 684 2420 theologiae
695 2337 1004 2420 dogmaticaepro·

171 2459 297 2540 fessor,
323 2459 529 2521 clericorum
553 2458 757 2540 praefectus
781 2468 816 2522 et
840 2459 1005 2540 subprior

172 2590 227 2644 est
243 2580 436 2662 institutus,
454 2601 545 2662 quae
559 2578 678 2643 officia
691 2590 774 2662 post
790 2581 879 2642 duos
892 2600 1003 2643 annos

172 3068 277 3129 miam
306 3067 467 3129 redditus
495 3087 639 3129 munere
667 3066 851 3130 oeconomi
880 3086 918 3129 se
943 3069 1005 3129 ab·

1085 3152 1223 3213 vegetus
1238 3151 1268 3195 et
1276 3139 1411 3214 quotidie
1424 3141 1548 3197 chorum
1562 3141 1765 3216 frequentans.
1784 3140 1916 3213 Collegit

173 3192 307 3252 dlcavlt
323 3200 358 3252 et
375 3191 513 3252 emmae
530 3190 712 3271 cellaeque
725 3210 883 3253 manae
901 3209 1003 3271 prae*
1086 3243 1157 3298 illud
1173 3262 1211 3298 ex
1227 3245 1334 3300 rotulis
1351 3245 1428 3300 ultra
1445 3258 1491 3301 ter
1512 3245 1638 3301 millenis
1659 3259 1689 3300 et
1704 3246 1914 3321 septingentis,

173 3311 239 3373 ἠὼ
255 3331 369 3392 usque
385 3313 431 3374 ad
447 3321 597 3375 mortem
614 3312 672 3373 die
694 3313 846 3394 17ἈΡΥ·
869 3316 960 3391 ¹834·
1086 3360 1117 3403 et
1132 3347 1214 3421 quod
1230 3349 1344 3416 mirum,
1368 3349 1499 3406 confecit
1522 3351 1581 3406 hoc
1604 3369 1682 3426 opus
1702 3368 1720 3405 a
1740 3368 1841 3406 mense
1857 3349 1915 3404 Fe·

260 3434 345 3496 Eius
363 3443 432 3497 est:
1085 3448 1197 3507 bruarii
1222 3453 1308 3509 huius
1331 3456 1399 3508 anni
1427 3472 1523 3528 usque
1550 3456 1578 3509 in
1607 3472 1738 3510 mensem
1759 3451 1914 3510 Octobris.

261 3562 394 3617 Diarium
426 3560 463 3616 de
494 3578 573 3616 anno
606 3559 701 3634 1805,
734 3559 918 3635 publicatum
949 3559 1006 3616 sub
1088 3555 1179 3612 Dabit
1203 3556 1273 3612 illud
1294 3556 1330 3612 ad
1347 3560 1511 3630 gratiosam
1529 3577 1646 3614 manum
1663 3558 1915 3623 reverendissimi,

175 3665 275 3722 titulo:
304 3666 404 3721 Kurze
428 3664 629 3739 Schilderung
656 3665 710 3720 des
739 3665 925 3720 Benehmens
952 3665 1007 3721 der
1087 3658 1137 3715 ubi
1154 3663 1183 3716 in
1200 3660 1279 3717 festo
1298 3662 1485 3737 Epiphaniae
1503 3662 1592 3719 futuri
1614 3666 1682 3719 anni
1705 3666 1851 3739 prImitias
1868 3682 1924 3719 se·-

174 3768 1006 3845 sranzdsischenTruppenxvdhrendihresEinriickens
1088 3764 1215 3831 enudas,
1249 3767 1315 3821 Deo
1343 3767 1492 3842 propitio,
1525 3768 1710 3824 sollemniter
1740 3767 1916 3824 celebrabit.

176 3873 233 3928 und
251 3874 394 3947 lingeren
410 3872 619 3929 Aufenthaltes
643 3875 671 3928 in
688 3872 746 3928 den
762 3872 930 3947 Gegenden
948 3892 1006 3929 von
1087 3870 1184 3926 Penes
1200 3869 1278 3927 hunc
1299 3890 1384 3926 suum
1406 3873 1487 3945 pium
1508 3870 1644 3928 laborem
1668 3874 1791 3948 insuper
1812 3870 1918 3927 adtulit

175 4080 283 4137 Stadte
300 4084 409 4137 Krems
426 4081 485 4138 und
502 4080 597 4138 Stein.
619 4079 709 4155 1869.
727 4095 785 4153 331
807 4101 836 4157 p.

260 4193 475 4265 Wolfarth
514 4204 734 4266 Robertus
774 4204 1007 4285 (Mellicen-

175 4320 260 4401 sis),
279 4316 425 4383 Mellicii
442 4321 477 4383 in
493 4321 640 4383 Austria
663 4321 720 4383 die
742 4342 792 4383 20.
810 4321 901 4384 Nov.
925 4322 1009 4384 anni

1087 4077 1211 4136 fratrum
1229 4082 1375 4137 emissuro
1392 4082 1521 4157 perutile
1537 4100 1625 4157 opus,

1175 4204 1212 4260 ΙΙ.
1230 4204 1396 4277 Catalogus
1410 4207 1542 4261 virorum
1559 4203 1745 4260 eruditorum
1761 4221 1799 4258 ex
1816 4201 1919 4258 ordine

1088 4328 1112 4364 s.
1130 4309 1161 4365 P.
1179 4309 1343 4376 Benedicti,
1369 4309 1474 4365 ordine
1498 4306 1690 4384 alphabetico
1712 4309 1885 4382 conscripta
1901 4324 1919 4362 a

1088 4414 1120 4468 P.
1138 4413 1276 4471 Roberto
1293 4414 1468 4470 Mellicensi.
1487 4413 1574 4469 Anno
1588 4427 1678 4486 1752.
1693 4413 1747 4468 Ms.
1757 4412 1824 4468 Pol.
1838 4410 1877 4481 60
1888 4431 1918 4487 p.

180 4446 259 4521 1674
284 4452 399 4522 natus,
424 4446 453 4503 8.
480 4441 579 4522 Sept.
610 4446 689 4520 1695
713 4451 799 4504 vota
823 4442 1007 4505 sollemnia
1365 4519 1370 4528 ¹
1572 4517 1577 4527 ,
1657 4518 1662 4528 Ι

1088 4530 1118 4572 et
1132 4515 1231 4573 index.
1248 4519 1282 4572 In
1298 4517 1483 4573 bibhotheca
1498 4515 1673 4573 hlelhcensr.

176 4564 291 4627 emisit
308 4574 344 4627 et
361 4564 419 4626 die
436 4568 464 4627 6.
482 4565 555 4629 Ian.
576 4584 652 4643 1701
674 4564 874 4627 sacerdotio
891 4564 1008 4626 initia·

176 4697 233 4747 tus
250 4696 314 4750 est.
340 4685 443 4747 Foris
467 4688 513 4748 ab
537 4705 630 4747 anno
657 4705 735 4764 1700
758 4686 794 4748 in
814 4685 923 4748 variis
946 4705 1008 4767 pa·
1177 4681 1472 4776 Wolfsgruber
1492 4692 1788 4757 Coelestinus
1804 4695 1920 4757 loan-

176 4807 302 4870 roeciis
326 4809 512 4895 commoda
528 4818 565 4869 et
580 4807 753 4870 utilitates
768 4807 924 4870 familiae
941 4807 1009 4869 sibi
1088 4829 1166 4872 nes
1202 4808 1497 4892 (Scotensis),
1540 4810 1768 4874 Neukirchen
1807 4830 1920 4892 prope

175 3976 331 4051 Gottweig
359 3979 395 4032 im
422 3977 512 4052 Jahre
544 3976 635 4050 1805.
664 3977 763 4042 Kinzl‚
791 3976 927 4033 Chronik
953 3976 1007 4033 der
1087 3993 1255 4050 synonyma
1268 3975 1406 4032 diversae
1419 3979 1534 4043 mortis,
1549 3979 1581 4034 P.
1596 3979 1699 4052 priori,
1717 3977 1831 4032 rotulas
1845 3994 1917 4032 con·

178 4929 330 4991 traditae
350 4949 554 5011 procurans,
572 4929 765 5012 praecipue
787 4930 822 4993 in
837 4930 1009 4993 Weiken·
1089 4929 1277 4995 Gmunden
1296 4931 1331 4993 in
1348 4932 1495 4994 Austria
1511 4952 1589 5014 sup.
1607 4931 1664 4994 die
1683 4953 1729 5011 14.
1738 4931 1825 4995 Maii
1839 4936 1920 5010 1848

177 5049 265 5130 dorf,
290 5050 389 5112 cuius
405 5050 605 5114 aedificium
625 5072 756 5114 novum
780 5052 927 5135 egregie
951 5072 1009 5115 cu·
1090 5063 1206 5134 natus,
1224 5073 1303 5116 cum
1316 5054 1493 5136 gymnasii
1507 5054 1626 5117 studia
1637 5056 1683 5117 ad
1697 5054 1823 5119 Scotos
1834 5055 1920 5119 Vin-

176 5173 285 5254 ravit,
314 5182 350 5235 et
377 5174 411 5235 in
435 5173 662 5255 praefectura
685 5173 936 5236 Leesdorfensi
963 5175 1009 5237 ab
1090 5177 1253 5238 dobonae
1267 5177 1445 5258 coluisset,
1455 5176 1588 5239 ibidem
1597 5176 1825 5261 die21.Sept.
1840 5183 1920 5259 1869

176 5314 269 5355 anno
302 5314 380 5373 1722
405 5295 542 5376 primae
567 5305 673 5358 notae
699 5314 913 5358 oeconomus
936 5316 1010 5359 rem
1089 5298 1233 5360 indutus
1250 5307 1337 5360 vota
1352 5297 1534 5360 sollemnia
1551 5297 1668 5360 emisit
1684 5297 1742 5361 die
1756 5303 1805 5363 28.
1820 5299 1922 5382 Sept.

176 5415 386 5480 familiarem
414 5417 517 5481 diviti
539 5438 635 5500 penu
659 5417 902 5500 locupletavit.
934 5418 1010 5481 Has
1094 5424 1184 5497 1873.
1202 5418 1355 5481 Emenso
1366 5438 1392 5481 s.
1402 5418 1606 5502 theologiae
1618 5419 1654 5482 in
1663 5419 1922 5486 univ.Vindob.
