4178 6196
901 491 1182 561 ,215-

169 675 379 758 gradienses
395 673 529 756 Wolny
550 685 586 737 et
607 673 757 737 Riicker
776 673 999 756 professores

168 795 302 878 habuit,
319 797 474 859 nondum
491 796 585 859 clare
601 796 727 878 patuit,
744 797 790 859 ad
806 815 911 878 quem
927 805 999 857 sta·

168 931 243 983 tum
255 939 335 982 eum
347 917 531 982 vocaverit
541 919 651 983 Deus.
674 918 832 982 Mentem
848 918 999 981 subinde

170 1041 362 1125 occupavit
377 1040 608 1124 propositum,
629 1060 668 1103 se
684 1042 729 1104 ad
746 1040 864 1103 studia
879 1040 1000 1104 iuridi-

170 1185 213 1228 ca
221 1174 283 1227 aut
291 1163 431 1227 medica
441 1164 681 1246 convertendi,
691 1183 734 1226 ea
742 1164 818 1226 sola
827 1166 872 1227 de
881 1183 999 1246 causa,

170 1287 255 1371 quia
269 1287 394 1350 iisdem
411 1288 482 1350 duo
501 1286 649 1350 iuvenes
665 1287 793 1368 quibus
809 1286 932 1350 intimo
947 1285 999 1348 fa·

170 1410 315 1474 miliaris
323 1409 579 1473 vicissitudinis
593 1411 809 1492 iungebatur
821 1430 926 1491 nexu,
938 1430 999 1472 na·

169 1544 300 1599 varunt
312 1553 467 1616 operam.
491 1534 562 1596 Ast
577 1533 647 1596 alia
659 1544 761 1596 erant
773 1533 920 1597 consilia
930 1532 1000 1595 Dei

170 1659 265 1721 circa
272 1657 496 1720 vocationem
506 1656 582 1720 eius
595 1656 824 1720 etinfirmitas
832 1656 999 1738 pectoriS,

162 1755 264 1864 Xquac
283 1778 439 1842 infausto
461 1799 550 1842 ausu
575 1779 712 1843 obicem
733 1781 853 1862 posuit
868 1778 1000 1842 fervori

170 1903 206 1966 in
221 1901 350 1966 studiis
366 1902 631 1985 philosophicis,
654 1924 817 1986 quaeque
839 1913 876 1967 et
896 1904 999 1967 unius

170 2026 254 2089 anni
278 2044 413 2089 moram
438 2024 663 2107 interponere
686 2026 819 2109 coegit,
844 2027 1000 2089 vocatio·

171 2167 250 2210 nem
271 2166 391 2210 veram
412 2146 498 2210 fecit
518 2147 751 2212 manifestam.
774 2147 1002 2211 Resolutioni

172 2269 330 2353 corporis
343 2289 469 2351 presso
481 2270 574 2351 pede
587 2272 762 2333 accedens
771 2281 893 2333 votum
902 2271 1002 2333 vovit

172 2393 320 2475 iuvenis,
337 2394 432 2474 quod
449 2392 480 2454 si
492 2392 681 2456 sanitatem
697 2393 963 2474 recuperaverit
980 2413 1002 2455 a

169 2518 248 2580 Deo
272 2516 465 2579 exauditus
489 2515 525 2578 in
549 2515 756 2598 gemitibus,
784 2525 897 2579 totum
920 2536 1001 2580 sese

171 2658 380 2703 consecrare
392 2639 480 2701 velit
491 2638 745 2701 sacratioribus
757 2657 784 2702 s.
799 2639 1001 2721 theologiae

170 2761 299 2829 studiis
321 2771 357 2824 et
371 2759 567 2823 ministerio
582 2760 661 2842 Dei,
681 2770 721 2822 ut
741 2771 777 2823 et
797 2761 1001 2824 ardentissi-

171 2884 237 2946 mis
261 2884 340 2965 piae
363 2883 484 2947 matris
507 2881 660 2945 satisfiat
680 2883 783 2946 votis
815 2883 1002 2946 Restituta

172 3006 369 3089 opitulante
389 3006 467 3068 Deo
489 3007 657 3087 sanitate,
679 3026 749 3069 non
771 3018 848 3070 erat
868 3007 1001 3069 delibe-

171 3132 319 3192 randum
351 3129 502 3209 amplius
539 3151 643 3212 quem
679 3130 828 3213 eligeret
858 3140 999 3194 statum.

172 3251 342 3334 Quamvis
370 3252 467 3314 vitae
494 3252 669 3335 regularis
697 3262 878 3316 teneretur
908 3252 1000 3316 desi·

172 3374 280 3456 derio,
311 3385 431 3437 tamen
459 3373 610 3437 dilectae
637 3375 759 3438 matris
791 3376 1000 3457 sententiae,

172 3496 1001 3578 quaeinfilioecclesiasticumsacerdotemcon·

172 3619 310 3701 spicere
326 3620 487 3700 optabat,
504 3637 636 3681 morem
648 3638 774 3701 gerere
786 3629 885 3682 ratus
895 3618 999 3691 filius,

174 3742 305 3823 primos
325 3743 415 3805 duos
432 3761 458 3806 s.
476 3741 678 3826 theologiae
700 3763 823 3805 cursus
843 3744 878 3806 in
903 3743 1001 3807 insti·

172 3874 248 3927 tuto
264 3864 466 3946 theologico
483 3863 679 3946 episcopali
692 3864 834 3927 Brunae
847 3865 1001 3929 absolvit

173 4006 242 4068 qua
252 3985 496 4049 dioecesanus.
513 3986 582 4048 Ast
591 4007 670 4049 cum
679 4007 772 4050 anno
786 3993 866 4052 1838
880 3989 1000 4053 ralul.

173 4107 402 4172 dilectissima
427 4118 540 4172 mater
558 4108 643 4172 fatis
664 4110 809 4173 cederet
828 4111 1000 4193 humanis,

172 4251 291 4294 morae
317 4231 429 4294 omnis
453 4231 642 4313 impatiens
669 4235 714 4295 ad
738 4232 859 4295 limina
882 4253 1000 4296 mona-

172 4353 270 4417 sterii
286 4352 405 4434 nostri,
426 4353 553 4415 comite
573 4353 776 4435 professore
797 4354 1000 4438 theologiae

172 4475 362 4539 Francisco
372 4474 477 4557 Susil,
488 4475 543 4538 cui
553 4476 914 4559 singularirevinctus
923 4488 1001 4541 erat

172 4598 331 4679 caritate,
348 4599 467 4678 pulsat
488 4607 524 4660 et
539 4598 659 4680 instat,
676 4609 715 4662 ut
731 4600 946 4681 suscipiatur
965 4610 1002 4662 et

173 4740 253 4803 spes
265 4719 361 4784 illico
374 4723 468 4801 data,
480 4720 558 4783 fore
570 4731 609 4785 ut
622 4723 785 4786 absoluto
795 4743 887 4786 anno
901 4725 1001 4786 scho-

173 4842 299 4905 lastico
312 4842 417 4906 tertio
431 4843 463 4905 ei
476 4843 617 4905 omnino
630 4845 675 4906 ad
688 4864 715 4909 s.
725 4845 884 4908 ordinem
895 4845 1002 4908 ianua

172 4965 363 5047 aperiatur.
387 4964 461 5047 Spe
476 4967 544 5028 hac
561 4976 701 5028 erectus
721 4968 767 5030 ad
783 4967 1001 5050 theologiam

172 5084 218 5150 3‘5i
234 5087 316 5151 anni
332 5088 607 5151 continuandam
623 5089 822 5172 revertitur,
839 5109 1001 5172 quocum

172 5210 340 5274 eminenti
353 5230 546 5295 progressu
558 5212 721 5275 absoluto
736 5212 902 5276 Calendis
912 5211 1001 5295 Sep·

171 5334 318 5396 tembris
335 5338 415 5412 1839
431 5353 568 5396 sacram
584 5343 721 5397 vestem
737 5334 1000 5398 benedictinam

172 5455 312 5537 accepit
328 5474 348 5517 e
364 5456 526 5519 manibus
538 5456 680 5519 abbatis
693 5455 849 5519 Victoris
866 5467 902 5520 et
918 5457 1001 5519 tiro-

1079 675 1208 738 cinium
1229 694 1378 737 exorsus
1403 685 1458 737 est
1482 674 1654 758 magistro
1675 676 1721 745 P„
1732 674 1908 757 Baptista.

1078 796 1243 860 Novitius
1264 796 1401 880 egregii
1421 796 1579 880 religiosi
1602 798 1763 880 explevit
1787 809 1908 880 partes

1079 928 1116 982 et
1131 919 1356 982 vocationem
1371 920 1572 1001 regularem
1593 939 1662 982 non
1683 928 1821 985 tantum
1837 925 1909 1006 spi-

1078 1041 1147 1104 ritu
1164 1041 1308 1123 pietatis
1321 1050 1358 1104 et
1368 1041 1586 1126 humilitatis,
1599 1045 1663 1107 sed
1676 1055 1712 1108 et
1724 1048 1909 1129 praeclaro

1078 1162 1222 1246 ingenio
1236 1174 1275 1226 et
1291 1164 1488 1227 eruditione
1505 1168 1760 1247 comprobavit.
1789 1169 1908 1233 Abso-

1077 1286 1152 1347 luto
1176 1285 1351 1349 novitiatu
1374 1287 1420 1349 ad
1447 1288 1663 1371 theologiam
1690 1293 1907 1372 pastoralem

1079 1407 1235 1470 Brunam
1255 1408 1405 1473 mittitur
1427 1419 1464 1473 et
1491 1431 1538 1473 11.
1560 1412 1648 1494 Apr.
1672 1412 1708 1474 in
1732 1413 1909 1478 dominica

1078 1530 1347 1594 resurrectionis
1379 1532 1595 1595 sollemniter
1624 1534 1741 1597 emisit
1771 1536 1908 1619 profes·

1079 1651 1214 1714 sionem
1242 1655 1308 1715 sub
1336 1673 1438 1717 sacro
1463 1653 1658 1736 pontificali
1682 1667 1718 1720 et
1741 1660 1906 1741 sequenti

1079 1774 1137 1838 die
1160 1777 1300 1858 accepit
1322 1778 1465 1840 ordines
1488 1779 1650 1842 minores.
1680 1781 1820 1844 Primus
1841 1782 1909 1845 fuit

1078 1897 1162 1960 inde
1171 1900 1217 1960 ab
1228 1899 1481 1981 antiquissimis
1493 1903 1713 1986 temporibus
1723 1905 1820 1987 apud
1833 1925 1908 1987 nos,

1080 2020 1140 2103 qui
1163 2023 1230 2084 hac
1254 2004 1441 2086 occasione
1470 2026 1644 2088 cucullam
1671 2046 1734 2089 seu
1760 2027 1908 2090 floccam

1081 2144 1231 2226 accepit,
1252 2154 1433 2227 tamquam
1448 2157 1586 2210 vestem
1601 2168 1683 2211 vere
1707 2159 1743 2213 et
1765 2151 1909 2232 proprie

1080 2267 1354 2349 benedictinam,
1372 2288 1477 2350 quam
1493 2290 1587 2333 anno
1602 2273 1832 2353 praecedenti
1847 2276 1909 2336 ab·

1080 2389 1146 2450 bas
1170 2362 1295 2451 Victor
1319 2388 1521 2454 Btevnovio
1544 2393 1726 2475 attulerat,
1754 2395 1909 2477 Raigra-

1082 2511 1264 2596 diensibus
1287 2512 1431 2593 penitus
1453 2513 1630 2597 ignotam,
1659 2526 1695 2578 et
1722 2537 1827 2599 quam
1851 2519 1911 2581 vel

1082 2633 1177 2696 ideo:
1196 2631 1482 2716 ,Guntherkam“
1504 2656 1633 2699 vocare
1656 2640 1801 2719 placuit.
1833 2641 1909 2703 Ab·

1081 2757 1198 2818 soluta
1219 2756 1400 2839 theologia
1423 2777 1515 2820 anno
1537 2758 1647 2822 citato
1668 2766 1744 2840 1841
1773 2781 1799 2824 5.
1817 2762 1909 2824 ordi-

1080 2880 1184 2942 nibus
1201 2879 1359 2943 initiatus
1375 2889 1430 2943 est
1442 2882 1488 2943 ab
1502 2882 1626 2944 excell.
1640 2883 1810 2965 episcopo
1820 2884 1909 2947 Bru·

1080 3002 1182 3073 nensi
1203 3001 1334 3066 Gindel
1354 3004 1608 3087 (13.-16.Iul.)
1630 3005 1689 3087 qui
1710 3005 1779 3068 iam
1802 3007 1909 3069 deno·

1080 3125 1235 3189 minatus
1263 3126 1455 3208 episcopus
1482 3125 1676 3191 Gurcensis
1707 3138 1742 3192 et
1773 3129 1842 3192 iam
1873 3128 1909 3190 in

1079 3248 1286 3328 praecinctu
1309 3248 1515 3313 discedendi
1536 3252 1581 3312 ad
1603 3269 1733 3313 novum
1755 3252 1910 3314 destina·

1079 3369 1186 3432 tionis
1208 3372 1324 3434 locum
1346 3371 1494 3435 clericos
1510 3373 1696 3455 ordinavit,
1718 3384 1910 3456 antequam

1080 3493 1244 3556 examina
1265 3514 1284 3557 e
1305 3496 1487 3577 theologia
1511 3497 1681 3577 pastorali
1705 3497 1908 3562 subiissent.

1080 3616 1259 3680 Primitias
1275 3618 1471 3680 celebravit
1486 3618 1526 3680 P.
1544 3616 1749 3683 Guntherus
1765 3621 1800 3682 in
1816 3620 1909 3684 festo

1080 3740 1277 3803 nativitatis
1294 3741 1334 3804 B.
1351 3741 1399 3804 M.
1409 3741 1452 3802 V.
1469 3742 1505 3804 in
1521 3743 1675 3805 ecclesia
1695 3754 1816 3806 nostra
1837 3763 1909 3807 mo·

1080 3863 1277 3936 nasteriali;
1294 3883 1359 3946 pro
1376 3865 1546 3928 concione
1563 3866 1654 3929 dixit
1669 3867 1709 3931 P.
1727 3867 1907 3950 Aloysius.

1080 3987 1218 4050 Morum
1227 3987 1407 4070 gravitate
1420 3997 1456 4051 et
1468 3987 1703 4071 religiositate
1715 4008 1784 4050 non
1794 3989 1908 4051 minus

1081 4130 1186 4192 quam
1214 4110 1411 4173 eruditione
1435 4109 1510 4172 eius
1537 4118 1653 4172 motus
1676 4111 1789 4172 abbas
1812 4110 1908 4172 illum

1080 4251 1145 4314 pro
1166 4232 1371 4313 professura
1391 4231 1572 4314 religionis
1593 4231 1628 4294 in
1649 4231 1811 4295 instituto
1832 4229 1908 4313 phi·

1080 4355 1262 4437 losophico
1283 4355 1459 4418 Brunensi
1483 4355 1577 4418 illico
1601 4353 1802 4435 destinavit,
1828 4373 1908 4415 cum

1079 4477 1260 4559 professor
1274 4478 1379 4541 huius
1391 4478 1431 4541 P.
1445 4477 1623 4539 Antonius
1634 4474 1909 4559 Raigradiensis

1080 4610 1222 4683 optaret
1238 4600 1375 4663 absolvi
1398 4610 1434 4662 et
1453 4601 1499 4661 ad
1514 4599 1766 4662 monasterium
1782 4599 1907 4662 redire.

1081 4723 1151 4785 Ast
1168 4742 1246 4785 cum
1263 4741 1366 4785 nemo
1382 4730 1487 4803 esset,
1509 4722 1569 4803 qui
1586 4721 1620 4783 in
1636 4721 1805 4802 parochia
1820 4719 1908 4783 Rai-

1080 4845 1261 4928 gradiensi
1276 4847 1391 4908 locum
1405 4843 1646 4926 cooperatoris
1662 4843 1846 4925 suppleret
1861 4843 1907 4904 ad

1079 4988 1206 5030 munus
1229 4969 1296 5031 hoc
1321 4967 1520 5031 destinatus
1547 4977 1603 5029 est
1626 4965 1831 5029 Guntherus
1857 4970 1908 5030 26.
2018 5043 2024 5055 .

1081 5090 1181 5172 Sept.
1202 5095 1292 5169 1843.
1315 5090 1466 5153 Duobus
1486 5088 1588 5151 annis
1609 5097 1692 5170 post
1711 5089 1857 5151 tandem
1873 5087 1908 5150 in

1079 5215 1195 5276 locum
1211 5213 1250 5275 P.
1269 5211 1416 5275 Antonii
1437 5210 1618 5294 professor
1637 5211 1808 5292 supplens
1829 5209 1909 5272 reli·

1080 5335 1196 5419 gionis
1217 5344 1253 5398 et
1268 5334 1539 5418 paedagogicae
1559 5332 1730 5396 suffectus
1750 5344 1815 5416 est,
1837 5352 1909 5415 quo

1080 5458 1114 5519 in
1131 5477 1275 5521 munere
1291 5478 1357 5541 per
1372 5459 1559 5521 decursum
1574 5457 1676 5520 lustri
1697 5455 1908 5520 affabilitate
