4178 6196
907 447 1190 517 „127-

175 632 401 696 nitidioribus
421 635 520 716 typis
543 644 579 698 et
596 636 708 698 omnis
724 637 867 719 generis
886 636 1009 700 formis
1046 635 1050 757 p
1088 636 1224 718 Keller,
1240 634 1526 717 IgnatiusKopp
1543 635 1684 718 aliique,
1702 635 1831 716 quibus
1847 656 1919 699 mo-

176 756 277 837 quasi
293 776 424 819 novam
439 756 535 820 fecit.
559 757 629 820 Tot
646 767 681 821 et
697 758 806 821 tantis
827 758 1008 822 litterariis
1046 766 1049 781 “

175 878 344 941 subsidiis
360 879 494 961 muniti,
517 880 765 943 exhortatione
786 891 822 944 et
843 883 1008 963 exemplo

177 1002 320 1065 abbatis
348 1002 506 1084 excitati,
535 1011 571 1064 et
598 1022 664 1065 sua
690 1013 818 1084 sponte
845 1005 1008 1067 monachi

176 1123 426 1187 San-Blasiani
448 1125 493 1186 ad
509 1125 706 1187 litterarum
727 1127 846 1189 studia
866 1146 904 1189 se
926 1147 1008 1190 con-

175 1246 351 1327 ferebant,
368 1247 403 1308 in
417 1246 545 1327 quibus
557 1248 705 1310 multum
717 1248 955 1330 profecerunt,
972 1249 1008 1310 id

179 1371 273 1450 quod
286 1369 439 1450 publicis
453 1370 558 1431 editis
571 1371 806 1433 monumentis
818 1371 1009 1434 contestati

176 1501 267 1555 sunt.
300 1489 360 1555 Sic
384 1491 607 1573 Trudpertus
631 1493 806 1576 Neugart,
831 1502 869 1556 ut
893 1513 1008 1556 sacer-

175 1614 318 1677 dotibus
334 1614 370 1676 in
385 1616 497 1676 ardua
512 1616 603 1677 adeo
625 1615 931 1678 administratione
951 1635 1007 1677 sa·

176 1736 346 1799 eramenti
379 1737 622 1816 poenitentiae
652 1757 811 1801 normam
839 1739 1006 1821 traderet,

176 1878 282 1940 quam
299 1877 423 1921 secure
440 1868 683 1941 sequerentur,
705 1879 796 1940 opus
813 1881 905 1923 anno
926 1866 1005 1940 1706

174 1981 370 2063 Rotomagi
402 1981 550 2063 editum,
589 1983 707 2045 multis
738 1983 1006 2045 adcessionibus

177 2113 329 2184 auctum,
347 2112 383 2165 et
399 2104 547 2166 eruditis
563 2105 656 2167 notis
673 2104 897 2167 inlustratum
913 2125 1006 2168 anno

179 2232 256 2307 1787
275 2227 374 2308 prelo
388 2227 552 2290 submisit
565 2229 631 2290 sub
645 2229 761 2291 titulo:
777 2228 948 2291 Doctrina
961 2230 1005 2290 de

173 2359 396 2412 sacramento
413 2350 655 2430 poenitentiae
671 2351 738 2413 rite
759 2350 1006 2413 administran-

174 2473 231 2534 do.
247 2470 459 2533 Franciscus
470 2473 645 2534 Kreutter
660 2473 842 2535 historiam
855 2472 1006 2535 anterio-

173 2594 220 2656 ris
233 2594 400 2656 Austriae
419 2595 454 2656 in
472 2615 573 2658 usum
587 2596 784 2658 scholarum
801 2617 847 2659 ex
860 2596 1006 2658 authen·

173 2716 253 2778 ticis
280 2717 501 2780 documentis
530 2718 704 2800 haustam,
733 2702 768 2782 el
795 2717 1006 2781 Vincentius

173 2838 268 2921 Ilger
295 2841 565 2904 observationes
588 2841 624 2903 in
648 2843 791 2905 saecula
815 2841 1006 2904 christiana

174 2961 286 3023 edidit
301 2961 337 3024 in
353 2981 455 3024 usum
472 2963 654 3044 utriusque
671 2964 755 3025 cleri
776 2963 948 3046 regularis
969 2974 1005 3025 et

174 3083 380 3166 saecularis,
408 3094 444 3147 et
472 3086 678 3166 posterioris
708 3106 813 3168 quam
840 3086 1004 3168 maxime,

174 3206 233 3286 qui
250 3205 285 3267 in
302 3207 431 3268 scholis
448 3207 659 3289 theologicis
677 3209 721 3269 de
738 3208 935 3290 disciplina,
956 3209 1004 3270 le-

173 3328 279 3409 gibus
306 3338 341 3390 et
365 3328 521 3390 moribus
549 3329 717 3410 antiquae
746 3331 919 3393 ecclesiae
943 3331 1004 3393 vix

175 3450 309 3531 aliquid
326 3461 572 3531 perceperant.
604 3450 691 3515 Cum
712 3454 803 3515 bene
825 3453 1004 3534 sciverint,

174 3574 341 3635 abbatem
369 3574 438 3634 iam
465 3574 525 3636 diu
553 3575 714 3656 cogitare
741 3576 785 3637 de
814 3574 1005 3638 Germania

173 3713 276 3756 sacra
298 3696 452 3775 edenda,
474 3694 536 3755 vix
552 3696 621 3758 dici
637 3707 768 3778 potest,
785 3706 918 3778 quanta
934 3698 1005 3759 lae·

175 3815 255 3878 titia
280 3816 433 3878 animum
458 3817 582 3899 optimi
606 3820 719 3899 patris
746 3820 929 3883 affecerint
955 3821 1005 3882 di-

172 3938 256 4000 lecti
278 3936 351 4019 filii,
373 3960 451 4001 cum
477 3939 534 4002 die
559 3941 670 4022 ipsius
695 3943 844 4005 nominis
864 3943 1004 4026 festivo,

174 4061 231 4124 die
260 4081 306 4122 11.
333 4061 423 4124 Nov.
452 4067 547 4143 1783,
574 4065 666 4126 ultro
694 4085 733 4126 se
761 4065 929 4129 offerrent
959 4068 1005 4128 ad

174 4185 264 4246 hanc
295 4184 564 4265 episcopatuum
586 4185 799 4250 Germaniae
822 4189 1004 4251 historiam

175 4306 365 4389 diligenter
386 4307 620 4370 scribendam.
651 4309 738 4372 Mox
762 4311 894 4391 primas
920 4332 1004 4394 ope-

173 4428 221 4490 ris
247 4428 360 4490 lineas
389 4429 607 4512 designavit,
635 4432 776 4494 iabores
803 4443 839 4496 et
862 4453 920 4496 res
942 4454 1004 4517 ge·

173 4553 304 4613 rendas
328 4551 478 4634 singulis
500 4553 694 4636 distribuit,
716 4555 853 4637 aliquos
877 4557 1004 4620 litteris

174 4673 472 4737 commendatitiis
488 4674 679 4739 instructos
695 4678 888 4760 ablegavit,
909 4688 948 4742 ut
968 4679 1002 4741 in

173 4796 400 4860 bibliothecis
436 4806 472 4858 et
502 4798 655 4860 archivis
691 4800 810 4881 operis
846 4801 1003 4863 subsidia

1088 757 1232 821 nasterii
1254 733 1439 820 dissolutio
1454 757 1708 837 impedimento
1724 767 1811 840 erat,
1834 778 1919 840 quo·

1087 881 1201 943 minus
1224 889 1429 960 susceptum
1457 900 1547 962 opus
1572 879 1748 964 integrum
1771 879 1919 962 perfice·

1086 1012 1174 1067 rent.
1200 1001 1364 1066 Ceterum
1384 1003 1475 1064 adeo
1498 1002 1627 1064 indies
1650 1002 1800 1065 increvit
1822 1001 1918 1065 fama

1087 1125 1196 1188 studii
1215 1125 1411 1188 litterarum
1428 1125 1463 1187 in
1480 1124 1562 1188 divo
1579 1124 1711 1208 Blasi0,
1732 1135 1772 1188 ut
1790 1145 1812 1188 a
1836 1144 1918 1188 con-

1087 1248 1297 1331 gregatione
1318 1247 1667 1310 Benedicto·burana
1688 1247 1869 1329 professor
1889 1266 1916 1312 s.

1087 1371 1284 1452 scripturae
1301 1380 1337 1433 et
1348 1370 1547 1453 linguarum
1560 1371 1781 1433 orientalium
1795 1378 1917 1451 postu·

1086 1494 1232 1566 laretur;
1250 1503 1286 1554 et
1300 1493 1384 1555 illuc
1400 1492 1488 1554 abiit
1501 1492 1541 1554 P.
1555 1493 1776 1555 Aemilianus
1790 1491 1917 1554 Usser-

1086 1635 1202 1696 mann,
1223 1616 1374 1695 posthac
1390 1614 1572 1695 professor
1592 1613 1834 1677 universitatis
1852 1610 1917 1678 Sa-

1085 1737 1333 1820 lisburgensis:
1350 1736 1565 1819 Friburgum
1577 1737 1740 1800 abierunt
1753 1736 1792 1798 P.
1803 1735 1917 1797 Trud-

1086 1870 1209 1942 pertus
1225 1859 1396 1942 Neugart,
1419 1859 1601 1941 professor
1621 1879 1647 1921 s.
1665 1846 1863 1940 scripturae
1880 1865 1917 1919 et

1084 1982 1283 2064 linguarum
1296 1980 1533 2055 orientalium;
1547 1982 1762 2044 Bertholdus
1771 1980 1917 2043 Rottler

1084 2104 1266 2186 professor
1293 2105 1557 2187 diplomaticae,
1588 2102 1854 2166 numismaticae
1880 2111 1916 2164 et

1084 2228 1295 2308 heraldicae,
1312 2237 1462 2309 uterque
1479 2228 1513 2291 in
1529 2227 1771 2307 universitate,
1787 2208 1914 2287 Ansel-

1085 2371 1162 2413 mus
1179 2351 1272 2412 Buss
1289 2350 1471 2432 professor
1487 2369 1641 2432 poeseos
1661 2349 1697 2411 in
1717 2347 1914 2431 gymnasio.

1085 2474 1219 2536 Eadem
1235 2472 1331 2535 fama
1347 2472 1480 2534 inducti
1496 2473 1658 2552 abbates,
1680 2471 1731 2532 uti
1747 2490 1774 2534 s.
1790 2467 1916 2551 Magni

1085 2598 1131 2658 ad
1152 2596 1291 2658 Fauces
1308 2594 1426 2676 Iulias,
1449 2594 1753 2675 Campidonensis,
1778 2604 1815 2655 et
1840 2591 1914 2655 ord.

1085 2717 1371 2781 Cisterciensium
1384 2736 1467 2779 suos
1480 2716 1627 2779 clericos
1639 2716 1720 2778 illuc
1733 2714 1914 2795 miserunt,

1085 2851 1124 2904 ut
1147 2843 1214 2903 sub
1239 2841 1395 2924 egregiis
1420 2838 1682 2922 professoribus
1706 2836 1823 2901 studio
1850 2837 1914 2898 lin-

1085 2984 1234 3045 guarum
1258 2961 1489 3042 orientalium,
1514 2960 1716 3042 theologiae
1740 2958 1914 3041 dogmati-

1085 3106 1149 3149 cae
1165 3097 1201 3148 et
1217 3085 1368 3168 moralis,
1395 3094 1432 3147 et
1451 3083 1536 3146 iuris
1558 3082 1718 3145 canonici
1734 3088 1913 3162 vacarent,

1085 3218 1121 3271 et
1136 3208 1307 3271 miserunt
1322 3207 1476 3270 iuniores
1492 3214 1625 3288 patres,
1641 3205 1700 3286 qui
1713 3203 1832 3266 studia
1843 3203 1913 3264 iam

1085 3332 1327 3411 absolverant,
1359 3340 1398 3392 ut
1429 3328 1619 3410 ampliores
1645 3326 1806 3389 facerent
1832 3344 1914 3407 pro·

1083 3473 1228 3537 gressus
1244 3454 1280 3515 in
1296 3453 1432 3534 litteris,
1450 3462 1486 3515 et
1500 3452 1673 3514 rationem
1686 3450 1913 3512 adornandae

1084 3577 1333 3658 bibliothecae,
1355 3575 1551 3639 instruendi
1567 3574 1702 3636 archivi
1718 3582 1754 3636 et
1769 3570 1913 3654 legendi

1085 3701 1278 3781 diplomata
1294 3699 1531 3761 addiscerent.

1170 3820 1331 3883 Praesuli
1358 3831 1412 3883 tot
1438 3818 1556 3901 plagis
1588 3817 1752 3880 fortunae
1779 3816 1913 3880 afflicto

1084 3952 1339 4024 praepotentes
1355 3941 1459 4004 amici
1478 3950 1514 4003 et
1533 3940 1691 4003 fautores
1707 3939 1806 4002 multi
1823 3939 1913 4001 sola-

1084 4066 1134 4128 tio
1157 4075 1272 4147 erant,
1305 4084 1394 4146 quos
1418 4069 1491 4126 Deo
1514 4063 1668 4146 propitio
1695 4072 1820 4125 nactus
1846 4074 1910 4124 est.

1084 4190 1181 4251 Ante
1209 4208 1329 4251 omnes
1362 4187 1581 4268 praeeminet
1612 4194 1765 4268 augusta
1798 4183 1913 4246 Maria

1084 4311 1265 4393 Theresia,
1275 4331 1366 4393 quae
1379 4310 1458 4393 ipsi,
1472 4309 1680 4392 saepissime
1689 4306 1910 4390 negotiorum

1085 4455 1193 4497 causa
1209 4434 1425 4497 audientiam
1448 4431 1642 4514 quaerenti,
1663 4430 1802 4494 facilem
1824 4448 1911 4511 prae

1082 4557 1342 4638 potentioribus
1373 4556 1480 4618 etiam
1507 4558 1693 4617 adcessum
1724 4561 1760 4614 et
1790 4570 1911 4613 aurem

1083 4678 1258 4760 praebuit,
1286 4687 1428 4759 praeter
1450 4677 1596 4760 negotia
1618 4678 1662 4738 de
1688 4673 1807 4736 multis
1833 4671 1912 4733 aliis

1082 4803 1199 4881 rebus,
1216 4801 1467 4863 ecclesiasticis
1484 4817 1625 4880 quoque
1641 4795 1860 4859 familiariter
1875 4806 1912 4857 et

175 4930 402 5001 quaererent,
430 4922 516 4984 nulli
543 4922 674 5004 labori,
702 4923 806 4984 nullis
828 4923 1003 4986 sumtibus
1042 4894 1045 5018 i
1082 4922 1195 4984 amice
1216 4923 1247 4985 ei
1265 4923 1450 5004 collocuta,
1471 4924 1662 4983 abeuntem
1685 4917 1851 4999 pretiosis
1875 4926 1911 4980 et

175 5060 327 5121 parcens
357 5043 403 5104 ad
433 5044 591 5105 laborem
623 5063 765 5106 suorum
801 5045 1002 5109 iuvandum.
1042 5038 1044 5138 ξ
1082 5044 1192 5127 regiis
1213 5046 1319 5126 plane
1341 5044 1452 5125 doniS,
1473 5045 1612 5105 duobus
1633 5042 1765 5124 quippe
1790 5050 1911 5123 pecto·

175 5163 381 5227 Coniunctis
393 5165 528 5227 viribus
545 5184 635 5245 opus
651 5165 813 5228 fecerunt
825 5166 1003 5249 Trudper-
1042 5163 1044 5241 l
1082 5167 1224 5248 ralibuS,
1249 5176 1374 5229 ornatu
1399 5164 1604 5248 pontificali,
1628 5173 1666 5226 ut
1690 5171 1835 5242 vocant,
1858 5162 1911 5224 lu·

174 5296 232 5348 tus
248 5285 418 5368 Neugart,
435 5287 657 5349 Aemilianus
674 5288 904 5372 Ussermann,
918 5290 1003 5352 Am·
1081 5290 1187 5371 gubri
1207 5289 1352 5371 propria
1373 5309 1477 5351 manu
1493 5298 1605 5368 texto,
1626 5286 1723 5349 vasis
1743 5284 1911 5349 fictilibus

175 5408 315 5470 brosius
335 5395 737 5490 Eichhorn,'Anselmus
758 5410 862 5492 BuSS,
879 5411 1004 5474 Victor
1042 5388 1045 5477 i
1082 5412 1201 5475 sinicis
1232 5412 1393 5475 Viennae
1424 5410 1615 5475 artificiose
1650 5407 1841 5473 elaboratis
1876 5416 1912 5469 et
