4178 6196
856 468 1137 536 ..341-

128 656 208 728 1869
225 651 470 733 primitiasque
493 672 613 715 sacras
634 651 692 715 die
714 673 738 715 1.
757 653 851 734 Aug.
873 654 953 730 1869

123 774 329 838 celebravit.
351 773 439 837 Cum
453 774 581 838 deinde
594 777 816 838 catechetam
830 794 953 837 1111111-
993 789 996 804 ·

123 908 260 960 rentem
277 916 296 960 e
313 896 527 959 monasterio
543 896 578 959 in
591 898 833 960 suburbanum
846 895 954 960 Gum-

123 1020 280 1103 pendorf
293 1019 437 1103 egisset,
461 1019 518 1082 die
536 1041 587 1082 22.
604 1019 708 1084 Febr.
730 1025 808 1100 1872
827 1039 955 1101 coope-

123 1155 220 1206 rator
240 1143 370 1205 missus
396 1152 450 1205 est
471 1143 698 1224 Pulkaviam,
723 1145 817 1206 unde
841 1142 899 1205 die
926 1163 954 1205 2.

122 1265 210 1328 Maii
237 1270 317 1344 1879
345 1265 380 1327 in
404 1267 527 1327 urbem
555 1267 669 1328 redux
698 1285 811 1347 usque
840 1267 955 1328 adhuc

123 1388 366 1470 cooperatoris
382 1387 419 1450 in
435 1387 615 1468 suburbio,
638 1388 689 1450 sic
707 1388 802 1451 dicto
819 1387 954 1469 Campo

123 1510 320 1590 Scotorum,
337 1528 482 1572 munere
498 1508 668 1592 fungitur.
694 1508 860 1592 Scripsit:

210 1638 232 1692 l.
250 1637 435 1694 Concionem
451 1654 580 1704 sacram,
597 1635 729 1692 habitam
746 1636 795 1692 die
812 1651 862 1693 21.
880 1625 954 1693 Dec.

127 1740 218 1815 1879.
255 1737 354 1817 (Dom.
387 1741 437 1797 IV.
470 1737 611 1817 Advent.)
655 1739 865 1812 „Christbaum
897 1740 956 1797 und

123 1848 252 1903 Kreu2.“
275 1847 418 1914 Viennae,
441 1843 532 1909 1880,
555 1846 634 1921 typis
654 1845 709 1902 Ch.
728 1845 853 1902 Reisser
869 1859 900 1902 et
915 1846 955 1902 M.

123 1951 296 2008 Werthner.

211 2057 247 2111 11.
264 2056 369 2112 Locos
386 2073 478 2130 porro
491 2057 593 2111 varios
610 2056 734 2111 inseruit
750 2057 827 2111 actis
843 2053 956 2110 diurnis

122 2163 166 2219 sic
191 2160 278 2217 dictis
305 2159 499 2232 „Volksblatt
519 2160 566 2215 fiir
587 2157 676 2215 Stadt
692 2159 752 2215 und
768 2158 874 2215 Land“
897 2155 956 2237 (die

125 2281 175 2323 21.
194 2265 266 2342 Apr.
285 2277 316 2321 et
336 2279 382 2321 12.
400 2265 470 2320 Maii
493 2261 594 2343 1878).
896 2282 899 2287 ’

210 2375 376 2449 Pfeiffer
405 2386 504 2449 Pius
534 2385 955 2468 (Seitenstadiensis).

124 2505 335 2592 Neovillani,
357 2504 434 2566 foro
451 2504 621 2567 Austriae
637 2502 813 2567 inferioris
829 2504 886 2566 die
904 2525 955 2584 29.

123 2629 210 2691 Dec.
232 2632 311 2707 1782
330 2638 444 2708 natuS,
461 2649 488 2689 s.
502 2626 636 2689 ordinis
652 2627 764 2690 nostri
779 2637 880 2691 veste
897 2626 955 2689 die

124 2755 175 2815 28.
200 2750 300 2831 Sept.
329 2753 410 2812 1800
434 2749 577 2813 indutus
605 2750 722 2813 coetui
750 2749 954 2812 monasterii

124 2871 441 2936 Seitenstadiensis
458 2871 551 2934 votis
573 2871 803 2950 sollemnibus
818 2872 954 2935 Kalen-

125 2995 180 3057 dis
197 2994 371 3057 Ianuariis
388 2993 471 3056 anni
491 2997 570 3072 1804
587 2994 801 3077 nuncupatis
819 3003 874 3057 est
892 3015 954 3077 ag-

122 3125 296 3199 gregatus
310 3117 506 3198 eodemque
520 3116 578 3178 die
592 3121 671 3179 1806
684 3116 835 3198 primum
849 3116 955 3179 sacri-

121 3239 232 3301 ficans
246 3238 345 3301 stetit
358 3240 403 3301 ad
419 3259 445 3300 5.
459 3259 567 3303 aram.
584 3239 702 3301 Variis
715 3239 844 3303 deinde
855 3238 955 3302 func·

122 3371 180 3425 tus
197 3373 251 3424 est
268 3360 404 3443 officiis,
429 3382 470 3424 ac
495 3361 645 3444 primum
667 3362 809 3443 quidem
832 3364 878 3426 ob
894 3383 955 3425 na·

121 3495 193 3545 tam
211 3503 253 3545 eo
271 3492 431 3564 tempore
449 3484 673 3545 sacerdotum
690 3483 874 3565 penuriam
890 3504 955 3567 per

122 3604 392 3686 quadriennium
403 3605 635 3668 subsidiarius
644 3605 680 3668 in
689 3606 867 3687 parochiis
877 3625 954 3669 sae·

121 3726 301 3789 cularibus
318 3727 512 3790 animarum
536 3747 642 3789 curae
662 3728 822 3790 sedulam
846 3748 954 3790 nava-

120 3841 173 3902 vit
197 3859 353 3920 operam.
385 3839 473 3903 Cum
501 3841 536 3903 in
562 3841 814 3904 monasterium
837 3840 952 3923 rediit,

121 3961 269 4024 iuvenes
299 3962 447 4025 clericos
472 3964 689 4046 theologiam
714 3964 952 4047 dogmaticam

121 4085 279 4165 edocuit,
306 4105 376 4166 quo
404 4085 439 4147 in
467 4105 612 4149 munere
641 4087 853 4168 exequendo
880 4096 953 4150 tam

121 4217 303 4270 strenuum
320 4226 358 4270 se
376 4207 547 4289 exhibuit,
570 4219 609 4271 ut
630 4213 710 4287 1814
728 4208 762 4272 in
779 4209 953 4272 Benedic-

121 4329 242 4411 tinum,
257 4332 352 4411 quod
366 4330 561 4412 dicebatur,
575 4331 610 4393 in
623 4330 839 4394 monasterio
849 4330 953 4395 Gott-

120 4451 256 4514 vicensi
292 4451 491 4515 institutum
527 4452 708 4535 professor
743 4452 952 4536 disciplinae

121 4594 205 4637 mox
227 4576 394 4638 laudatae
419 4577 465 4637 ab
489 4577 620 4638 abbate
644 4576 854 4640 mitteretur.
886 4577 952 4640 Illo

121 4688 274 4770 collegio
299 4688 433 4750 abolito
453 4709 546 4751 anno
572 4693 651 4752 1818
677 4689 712 4752 in
738 4691 952 4753 monasterio

120 4831 185 4873 suo
201 4811 413 4873 novitiorum
429 4811 601 4894 magister
625 4822 680 4874 est
704 4812 820 4876 factus
842 4813 952 4876 idem-

121 4954 190 5015 que
207 4935 314 4996 choro
331 4933 466 4996 musico
484 4933 722 5016 praepositus.
747 4935 854 4999 Anno
872 4939 949 4998 1825

121 5056 155 5118 in
172 5055 358 5139 Windhag
383 5059 559 5138 parochus
584 5058 799 5121 constitutus
820 5058 952 5121 anima-

119 5182 187 5240 bus
204 5179 239 5241 in
255 5177 362 5240 fidem
384 5179 580 5242 commissis
603 5189 676 5242 tam
702 5181 851 5243 solerter
871 5200 952 5261 pro-

120 5302 254 5384 spexit,
277 5313 315 5366 ut
336 5303 487 5365 Iacobus
504 5302 617 5384 Frint,
641 5303 845 5366 dioeceseos
863 5302 952 5367 San-

121 5425 390 5508 Hippolytanae
407 5425 599 5508 episcopus
616 5424 684 5508 ipsi
699 5426 952 5512 augustissimo

1035 650 1203 714 Austriae
1225 649 1430 732 imperatori
1446 652 1630 715 Francisco
1648 653 1673 715 I.
1698 652 1866 715 maiorem

1034 772 1070 833 in
1086 774 1228 836 modum
1250 793 1330 835 eum
1352 775 1671 837 commendandum
1692 784 1865 848 censeret,

1035 897 1266 976 quamobrem
1278 896 1418 959 litterae
1431 895 1711 979 perhonorificae
1726 897 1771 958 ad
1785 916 1866 958 eum

1035 1028 1117 1079 sunt
1133 1019 1250 1081 datae.
1271 1018 1379 1080 Anno
1396 1023 1473 1081 1832
1489 1020 1534 1081 ad
1547 1020 1741 1101 regendam
1754 1038 1781 1080 a.
1791 1018 1866 1081 Tri-

1035 1139 1156 1203 nitatis
1178 1141 1365 1204 ecclesiam
1386 1141 1421 1204 in
1442 1140 1697 1224 Sonntagberg
1716 1151 1866 1204 vocatus

1036 1270 1105 1344 est,
1132 1262 1188 1325 cui
1208 1261 1326 1326 officio
1347 1283 1460 1345 usque
1481 1265 1526 1326 ad
1543 1263 1639 1327 vitae
1661 1262 1781 1344 finem,
1806 1263 1866 1345 qui

1040 1403 1088 1462 17.
1105 1385 1190 1447 Maii
1211 1390 1291 1464 1854
1309 1386 1437 1468 evenit,
1460 1406 1596 1449 summa
1613 1406 1692 1449 cum
1708 1386 1866 1449 sollertia

1036 1517 1113 1570 erat
1136 1508 1288 1572 deditus.
1322 1508 1545 1591 Quamquam
1568 1511 1675 1571 rebus
1699 1508 1866 1572 ecclesia·

1035 1628 1135 1691 sticis
1151 1629 1304 1692 maxime
1325 1639 1520 1712 occupatus
1542 1642 1627 1713 erat,
1654 1641 1772 1694 tamen
1794 1639 1866 1693 stu·

1036 1751 1104 1813 diis
1120 1751 1315 1815 litterarum
1332 1773 1474 1835 quoque
1495 1753 1666 1835 imprimis
1686 1773 1713 1816 s.
1731 1754 1866 1818 theolo-

1035 1872 1118 1955 giae
1139 1886 1175 1938 et
1190 1873 1359 1938 historiae
1375 1895 1520 1956 operam
1537 1876 1636 1939 dedit
1655 1885 1762 1957 atque
1787 1895 1866 1938 cum

1036 1995 1122 2058 viris
1137 1996 1173 2059 in
1188 1997 1243 2060 his
1259 1996 1455 2078 disciplinis
1472 1997 1788 2079 excellentissimis,
1805 2017 1865 2059 ve-

1035 2118 1088 2181 lut
1109 2118 1304 2201 Hormayr,
1331 2120 1451 2202 Pertz,
1475 2141 1540 2202 per
1563 2121 1736 2205 epistulas
1761 2123 1867 2185 collo-

1037 2250 1139 2303 cutus
1156 2251 1220 2304 est.
1245 2239 1410 2324 Scripsit:

1123 2384 1145 2441 I.
1159 2384 1222 2441 Der
1235 2384 1432 2460 Gamminger
1445 2387 1509 2443 Hos
1519 2390 1548 2443 in
1557 2386 1656 2444 Wien.
1671 2384 1700 2465 (i.
1710 2405 1737 2444 e.
1751 2389 1867 2444 Domus

1035 2486 1245 2546 Gemnicensis
1261 2490 1356 2547 ordin.
1375 2492 1564 2548 Carthusian.
1581 2489 1738 2571 Viennae.)
1759 2494 1866 2551 Vater-

1036 2593 1189 2650 landische
1205 2595 1332 2662 Blatter,
1351 2594 1441 2669 1825.

1122 2716 1159 2772 11.
1176 2716 1303 2773 Notulae
1320 2718 1475 2774 historiam
1488 2718 1629 2775 Austriae
1645 2720 1796 2777 inferioris
1812 2724 1866 2777 im-

1034 2822 1138 2896 primis
1170 2823 1342 2877 monasterii
1374 2820 1640 2880 Seitenstadiensis
1671 2824 1864 2882 illustrantes·

1034 2927 1090 2982 Ms.
1109 2941 1125 2982 2
1144 2926 1204 2982 rol.
1222 2928 1250 2981 in
1267 2926 1348 2983 arch.
1367 2924 1508 2984 Seitenst.
1526 2928 1644 2985 adserv.

1121 3072 1287 3147 Pichler
1323 3085 1531 3149 Henricus
1568 3087 1864 3170 (Cremifanen-

1036 3200 1127 3283 sis),
1149 3212 1255 3265 antea
1271 3202 1440 3285 Mathias,
1463 3204 1497 3267 in
1519 3205 1665 3268 civitate
1681 3205 1783 3268 Wels
1806 3207 1864 3270 die

1037 3344 1064 3402 7.
1086 3323 1190 3386 Febr.
1217 3344 1294 3403 17²²
1321 3333 1432 3407 natus,
1457 3326 1577 3388 studia
1599 3327 1805 3390 humaniora
1828 3339 1864 3393 et

1035 3445 1280 3528 philosophica
1309 3445 1497 3509 Cremifani
1525 3449 1696 3522 absolvit;
1725 3450 1783 3512 die
1815 3455 1862 3514 13.

1033 3567 1123 3631 Nov.
1137 3572 1215 3646 1743
1226 3578 1311 3629 vota
1323 3569 1507 3632 sollemnia
1519 3561 1702 3652 professus
1715 3581 1751 3635 et
1762 3574 1862 3635 theo-

1033 3689 1151 3771 logiae
1168 3708 1309 3752 cursum
1325 3689 1360 3752 in
1376 3691 1469 3753 alma
1485 3691 1579 3756 univ.
1597 3691 1864 3778 Salisburgensi

1034 3830 1197 3874 emensus
1222 3811 1280 3873 die
1306 3834 1331 3876 1.
1348 3813 1437 3876 Nov.
1460 3819 1539 3894 1748
1561 3816 1712 3896 primum
1733 3818 1863 3880 missae

1033 3930 1243 3995 sacrificium
1252 3932 1390 3997 obtulit.
1404 3933 1590 3998 Professor
1599 3939 1863 4023 grammaticae,

1033 4055 1275 4119 missionarius
1297 4056 1331 4119 in
1353 4056 1549 4120 Kirehham
1571 4039 1607 4122 et
1628 4058 1862 4136 Gschwandt;

1033 4179 1162 4241 deinde
1177 4179 1390 4266 ,novitiorum
1407 4181 1577 4263 magister
1598 4194 1634 4245 et
1656 4183 1863 4246 clericorum

1032 4273 1200 4383 director,
1228 4301 1402 4384 simulque
1425 4304 1589 4376 sacrista;
1617 4325 1682 4386 per
1707 4310 1725 4368 8
1751 4326 1863 4369 annos

1032 4425 1209 4505 parochus
1222 4425 1257 4487 in
1267 4424 1450 4499 Gruenau;
1466 4427 1583 4489 denuo
1593 4448 1619 4490 s.
1632 4429 1862 4510 supellectilis

1032 4557 1166 4620 cust0s;
1183 4547 1273 4629 prof.
1291 4560 1327 4610 et
1339 4549 1506 4611 sacerdos
1519 4549 1693 4612 iubilaeus
1707 4560 1743 4614 et
1755 4570 1862 4615 vene-

1031 4670 1154 4734 rabilis
1170 4670 1289 4733 senior
1304 4670 1393 4734 obiit
1409 4671 1466 4734 die
1483 4676 1533 4734 26.
1550 4673 1613 4736 Iul.
1637 4678 1725 4753 1809.

1118 4811 1299 4875 Permulta
1313 4815 1357 4875 de
1370 4833 1396 4875 s.
1411 4813 1634 4894 supellectile
1646 4814 1862 4898 monasterii,

1031 4937 1076 4998 de
1088 4935 1163 4998 vita
1174 4934 1331 5016 fratrum,
1349 4937 1394 4998 de
1407 4936 1567 4999 ecclesiis
1579 4938 1796 5001 monasterio
1811 4938 1862 5001 in-

1032 5058 1240 5140 corporatis,
1258 5059 1302 5120 de
1318 5058 1537 5140 temporibus
1551 5059 1798 5142 religiosorum
1811 5061 1862 5122 vi·

1032 5191 1090 5244 tae
1103 5181 1251 5263 infestis,
1266 5183 1310 5244 de
1324 5181 1511 5262 disciplina
1520 5182 1729 5265 monastica,
1741 5203 1863 5247 manu-

1032 5304 1165 5385 scripta
1187 5303 1344 5385 reliquit;
1368 5324 1454 5384 prae
1476 5305 1604 5367 ceteris
1620 5306 1863 5369 memorabilia

1032 5435 1114 5489 sunt
1131 5426 1220 5490 eius:
