4178 6196
908 487 949 497 -—
995 449 1095 514 LVII
1139 488 1181 498 -

168 678 435 760 Wilimovensi,
458 678 750 760 Postelbergensi
775 679 832 757 (ad
849 676 998 741 Sazawa
1019 677 1173 758 flumen),
1192 676 1411 758 Trebicensi,
1427 676 1696 758 Raigradiensi,
1720 675 1800 739 aliis
1814 676 1911 756 locis,

170 817 291 880 statim
316 820 364 880 ab
389 818 527 900 origine
550 818 692 880 scholas
715 817 929 884 constitutas
954 836 1044 882 esse.

304 956 355 1019 Ut
380 966 521 1020 ceterae
544 975 677 1036 omnes,
701 956 752 1018 ita
775 971 811 1018 et
827 955 1021 1019 Bohemiae
1043 955 1188 1018 scholae
1212 953 1349 1018 divisae
1366 966 1468 1017 erant
1485 954 1519 1016 in
1536 955 1704 1035 internas,
1729 955 1912 1037 inquibus

171 1095 293 1159 clerici
317 1097 578 1176 educabantur,
610 1104 647 1158 et
678 1104 847 1157 externas
870 1095 928 1158 vel
955 1094 1083 1176 laicas,
1115 1094 1152 1157 in
1180 1094 1309 1176 quibus
1340 1094 1504 1157 monachi
1535 1113 1683 1175 pueros,
1717 1095 1912 1157 monachae

171 1236 314 1317 puellas
348 1234 558 1297 erudiebant
575 1236 607 1314 ¹).
657 1232 884 1296 Clarissimae
919 1244 1020 1297 erant
1053 1233 1225 1315 imprimis
1260 1243 1521 1314 postremorum
1551 1215 1841 1296 Ptemislidarum
1876 1242 1913 1296 et

172 1372 533 1456 Luxenburgensium
563 1383 683 1436 aetate
715 1373 838 1435 schola
870 1373 1147 1436 Bievnoviensis
1178 1385 1215 1436 et
1245 1371 1546 1446 Braunaviensis;
1581 1371 1676 1434 illius
1711 1372 1910 1452 complures

173 1523 430 1596 praeceptores
456 1522 565 1594 atque
593 1511 798 1594 theologiae
825 1513 991 1575 doctores
1020 1511 1056 1575 in
1086 1512 1319 1576 universitate
1342 1510 1537 1574 Parisiensi
1566 1511 1763 1599 litterarum
1794 1511 1913 1574 studia

172 1655 377 1733 hauserant,
401 1652 437 1713 in
461 1651 591 1732 quibus
607 1661 683 1714 erat
700 1652 814 1713 abbas
829 1649 1025 1733 Dionysius
1042 1650 1323 1714 Braunaviensis-
1335 1651 1625 1733 (ribo—1366)²);
1649 1649 1754 1713 huius
1769 1650 1913 1713 scholae

174 1791 339 1853 alumnus
355 1800 432 1853 erat
449 1789 640 1853 Arnestius
656 1789 944 1871 Pardubicensis,
960 1788 1095 1871 primus
1111 1789 1402 1871 archiepiscopus
1418 1789 1614 1872 Pragensis
1631 1790 1911 1871 (1343—1364)³).

174 1930 312 1992 Maiore
343 1929 449 1991 etiam
478 1930 669 2010 splendore
699 1938 826 1992 auctae
854 1937 937 1991 sunt
960 1928 1154 1991 Bohemiae
1178 1930 1338 2010 scholae,
1370 1949 1449 1993 cum
1473 1949 1494 1992 a
1518 1929 1646 1992 Carolo
1668 1928 1695 1993 I.
1720 1926 1806 2010 (IV.)
1831 1946 1913 1990 con-

174 2070 319 2131 deretur
340 2068 553 2131 universitas
568 2067 763 2150 Pragensis
780 2068 901 2150 (1348),
918 2067 975 2131 cui
991 2079 1132 2130 ceterae
1148 2068 1291 2130 scholae
1307 2068 1492 2131 subiectae
1509 2078 1618 2150 atque
1634 2077 1710 2130 arte
1727 2059 1913 2130 connexae

173 2218 277 2271 erant
291 2210 325 2288 ⁴).
372 2207 445 2271 Sed
469 2208 556 2271 ortis
580 2208 723 2271 saeculo
746 2206 830 2270 XV.
853 2207 1130 2288 tempestatibus
1152 2207 1344 2271 Hussiticis
1373 2207 1574 2289 ceterisque
1601 2226 1717 2269 rerum
1741 2206 1914 2269 turbatio·

174 2348 280 2410 nibus
307 2347 522 2410 monasteria
550 2346 825 2427 excidebantur,
858 2346 919 2428 qui
949 2346 984 2409 in
1016 2346 1058 2408 iis
1091 2346 1319 2429 habitabant,
1352 2347 1544 2410 furentium
1576 2327 1636 2409 iris
1667 2357 1703 2409 et
1735 2346 1913 2409 erroribus

175 2489 401 2549 vexabantur
439 2486 651 2568 plurimique
689 2484 1010 2567 interficiebantur,
1051 2486 1250 2548 scholarum
1289 2486 1442 2566 fructus,
1483 2506 1572 2567 quos
1611 2486 1773 2568 superior
1814 2495 1914 2548 aetas

175 2629 316 2706 tulerat,
341 2625 509 2688 exstincti
532 2636 614 2688 sunt
628 2627 663 2707 ⁵).

307 2766 423 2828 Etiam
452 2765 488 2827 in
513 2763 642 2829 Silesia
665 2775 701 2829 et
724 2766 873 2828 Polonia
900 2778 1037 2829 mature
1068 2765 1104 2828 in
1134 2765 1359 2828 monasteriis
1390 2766 1533 2829 scholae
1564 2765 1827 2845 aperiebantur.
1872 2763 1913 2825 In

175 2904 371 2967 clarissimo
396 2904 610 2967 monasterio
634 2904 824 2967 Tinecensi
848 2905 970 2968 Arone
993 2907 1125 2969 abbate
1149 2906 1270 2969 schola
1293 2916 1370 2970 erat
1394 2905 1636 2985 celeberrima,
1661 2903 1695 2965 in
1719 2922 1789 2984 qua
1811 2902 1911 2965 initio

175 3043 339 3107 monachi
364 3041 618 3106 Cluniacenses
643 3045 794 3108 docendi
817 3063 962 3107 munere
984 3044 1228 3127 fungebantur
1241 3042 1277 3126 ⁶).

307 3183 348 3245 In
371 3181 567 3264 Hungaria,
592 3184 654 3245 ubi
676 3184 828 3265 plurima
851 3194 953 3246 erant
977 3184 1290 3248 Benedictinorum
1313 3184 1543 3265 monasteria,
1567 3203 1631 3247 rex
1655 3182 1862 3265 Stephanus
1885 3180 1911 3245 Ι.

177 3322 343 3403 Sanctus,
367 3341 446 3383 cum
469 3321 605 3384 incolas
628 3323 673 3384 ad
690 3321 925 3385 Christianam
948 3323 1157 3406 religionem
1178 3324 1443 3406 suscipiendam
1465 3323 1703 3406 perduxisset,
1727 3323 1763 3385 in
1786 3322 1912 3385 eadem

176 3471 216 3523 ut
246 3469 515 3542 permanerent,
550 3459 689 3523 idoneis
723 3461 854 3524 scholis
891 3459 1034 3524 efficere
1069 3463 1214 3525 studuit.
1261 3462 1390 3525 Earum
1422 3419 1653 3525 celeberrima
1685 3470 1762 3524 erat
1792 3461 1913 3523 schola

177 3600 528 3682 hlartinsbergensiS,
554 3619 600 3662 ex
624 3619 694 3681 qua
717 3601 817 3663 multi
840 3601 1049 3681 prodierunt
1073 3601 1233 3684 episcopi
1262 3613 1298 3664 et
1326 3602 1517 3684 principes.
1563 3601 1698 3683 Magna
1728 3611 1805 3664 erat
1836 3601 1912 3663 eius

177 3740 293 3822 gloria
317 3739 385 3802 iam
410 3739 681 3821 primorabbate
703 3740 915 3812 Anastasi0;
941 3760 983 3802 ea
1007 3741 1100 3803 enim
1123 3751 1242 3805 aetate
1267 3763 1294 3806 s.
1318 3742 1474 3824 Maurus,
1499 3740 1558 3822 qui
1581 3751 1708 3823 postea
1731 3742 1909 3804 secundus

177 3878 296 3940 factus
320 3888 375 3942 est
396 3879 500 3941 huius
524 3879 729 3941 monasterii
752 3881 866 3941 abbas
891 3882 1129 3959 (1030-1036)
1154 3891 1262 3962 atque
1286 3883 1332 3943 ab
1357 3881 1435 3963 ipso
1453 3879 1637 3960 Stephano
1660 3900 1746 3964 rege
1775 3879 1913 3961 episco-

178 4029 303 4101 patum
320 4017 739 4100 Quinqueecclesiensem
754 4018 905 4101 accepit,
925 4020 961 4081 in
977 4021 1172 4083 litterarum
1188 4019 1307 4083 studia
1323 4021 1491 4102 incubuit,
1516 4021 1613 4102 quod
1629 4039 1649 4082 e
1664 4020 1743 4083 loco
1760 4020 1913 4101 quodam

177 4158 286 4220 Vitae
310 4178 336 4220 S.
362 4159 530 4220 Andreae
553 4166 590 4220 et
612 4156 799 4220 Benedicti
822 4169 1015 4241 martyrum
1040 4159 1156 4221 elucet
1171 4160 1205 4240 ⁷).
1250 4159 1386 4241 Magna
1409 4159 1516 4222 etiam
1539 4159 1635 4221 fama
1663 4168 1739 4221 erat
1769 4158 1913 4221 scholae

311 4393 332 4474 ¹)
356 4394 562 4470 Schlesinger‚
586 4394 773 4452 Geschichte
795 4396 850 4452 der
873 4397 1048 4455 Deutschen
1071 4400 1101 4454 in
1125 4397 1267 4455 Bdhmen.

310 4507 331 4587 2)
355 4507 459 4565 Abbas
484 4509 650 4584 Dionysius
674 4510 797 4575 Parisiis
820 4509 932 4584 gradus
955 4510 1146 4567 academicos
1169 4511 1332 4568 adsecutus
1357 4527 1403 4570 est
1427 4516 1456 4569 iu
1480 4515 1634 4588 theologia
1663 4528 1693 4571 et
1715 4513 1909 4590 philosophia

178 4638 270 4698 atque
296 4624 324 4677 in
349 4623 544 4679 universitate
568 4623 713 4698 Pragensi
738 4625 866 4679 nominis
890 4637 955 4679 erat
979 4622 1175 4681 celeberrimi.

308 4733 332 4811 ³)
354 4735 423 4791 Vita
446 4734 587 4792 Amesti:
622 4735 725 4809 „Ergo
758 4754 825 4792 cum
857 4737 913 4792 iam
943 4737 1012 4793 nihil
1037 4737 1168 4794 Amesto
1192 4738 1290 4796 Glacii
1319 4740 1493 4797 discendum
1522 4752 1669 4808 restaret,
1701 4741 1911 4808 Braunoviam,

177 4868 237 4924 qua
269 4852 300 4906 in
332 4850 453 4905 civitate
483 4848 582 4904 ludum
611 4849 775 4905 litterarum
804 4863 907 4925 patres
940 4869 956 4905 e
984 4870 1008 4907 s.
1037 4850 1190 4908 Benedicti
1222 4852 1378 4928 disciplina
1410 4850 1577 4920 habebant,
1606 4854 1759 4908 mittitur.“
1796 4853 1912 4908 Matau-

176 4963 270 5019 schek
295 4962 313 5018 Ι.
340 4981 366 5018 c.

307 5073 331 5153 ⁴)
355 5074 483 5144 Hellen,
508 5075 565 5131 Die
587 5073 789 5132 Volksschule
814 5087 900 5130 unter
923 5076 1018 5131 Maria
1041 5076 1199 5135 Theresia.

307 5187 329 5267 5)
354 5187 552 5245 Matauschek
575 5187 593 5243 l.
618 5205 644 5242 c.
751 5226 755 5230 -

307 5297 330 5379 ⁶)
354 5300 554 5375 Ziegelbauer
578 5299 596 5356 l.
622 5318 647 5356 c.
673 5300 695 5356 1.

307 5413 329 5486 ἲ)
353 5414 460 5469 Czinar
482 5414 500 5470 l.
526 5434 552 5470 c.
578 5413 599 5468 l.
