4178 6196
938 431 1145 494 -XXX
1195 466 1235 474 -

214 655 340 720 iisdem
364 655 557 718 abbatibus
580 653 793 737 regulariter
815 655 994 737 visitandi,
1026 656 1229 740 corrigendi
1256 666 1293 721 et
1321 658 1537 722 reformandi
1568 661 1782 725 auctoritate
1813 674 1957 746 aposto-

214 795 283 858 lica
306 793 522 858 monasteria
545 793 679 856 ordinis
703 793 758 856 sui
781 793 816 855 in
841 793 959 875 capite
984 804 1020 857 et
1043 793 1078 856 in
1102 795 1287 879 membris,
1320 817 1412 879 quae
1435 796 1640 861 visitatione
1672 801 1891 865 correctione
1920 814 1957 867 et

214 933 465 999 reformatione
482 934 611 997 viderit
627 930 807 1015 indigere“
826 932 858 1012 ¹).
896 933 998 995 Haec
1022 935 1190 997 mandata
1214 954 1292 997 cum
1309 935 1339 998 F
1341 955 1430 999 avus
1454 937 1646 1022 diligenter
1668 953 1955 1026 persequeretur,

213 1096 283 1138 non
307 1076 419 1138 solum
435 1073 604 1136 nonnulla
619 1092 665 1134 ex
681 1071 782 1135 ruina
806 1084 1075 1135 resurrexerunt
1098 1075 1162 1136 sed
1186 1073 1293 1137 etiam
1317 1094 1410 1138 nova
1434 1077 1576 1141 condita
1599 1089 1691 1142 sunt.
1730 1080 1785 1144 Ita
1809 1084 1954 1145 saeculo

214 1215 352 1278 decimo
383 1221 510 1294 quarto
538 1222 617 1274 orta
647 1220 730 1274 sunt
760 1211 938 1293 prioratus
969 1214 1002 1275 b.
1027 1209 1163 1275 Mariae
1194 1214 1238 1275 de
1270 1211 1396 1277 Stohla
1411 1216 1434 1295 2)
1468 1216 1636 1280 abbatiae
1667 1237 1694 1280 s.
1728 1216 1877 1303 Georgii
1909 1222 1955 1283 de

213 1355 344 1438 lasea),
376 1356 409 1415 b.
433 1352 570 1414 Mariae
594 1352 639 1413 de
664 1351 862 1432 Buchant),
894 1371 940 1414 ss.
965 1350 1163 1416 Salvatoris
1192 1355 1236 1416 de
1265 1353 1431 1437 Leker5),
1462 1357 1496 1417 b.
1520 1355 1657 1418 Mariae
1681 1358 1726 1419 de
1751 1357 1954 1441 Zebegeny,

212 1499 245 1557 b.
270 1493 406 1556 Mariae
435 1493 479 1554 de
502 1489 646 1573 Bizere,
680 1492 713 1554 b.
738 1489 874 1552 Mariae
903 1491 948 1552 de
975 1490 1144 1573 Kolos⁶),
1177 1494 1211 1556 b.
1234 1492 1372 1554 Mariae
1400 1494 1444 1555 de
1477 1494 1874 1579 Koppanmonostor7),
1907 1519 1953 1562 ss.

213 1634 455 1715 apostolorum
479 1632 578 1694 Petri
602 1638 639 1692 et
662 1630 765 1693 Pauli
788 1631 833 1692 de
857 1628 1030 1694 Szerencs
1045 1629 1079 1711 ⁸).
1128 1629 1201 1694 Sed
1232 1641 1352 1695 tamen
1383 1634 1472 1695 ordo
1502 1632 1609 1696 etiam
1632 1636 1808 1715 quaedam
1831 1656 1953 1700 mona·

213 1773 322 1837 steria
345 1770 472 1834 amisit.
510 1769 571 1834 Sic
594 1769 741 1832 abbatia
764 1789 810 1833 ss.
828 1768 1012 1833 Trinitatis
1029 1771 1074 1832 de
1091 1768 1210 1833 Siklos
1231 1776 1309 1833 1303
1335 1769 1634 1835 Cisterciensibus
1658 1792 1830 1836 concessa
1853 1787 1908 1839 est
1917 1778 1953 1859 ⁹),

213 1935 239 1979 s,
263 1913 436 1976 Demetrii
458 1911 528 1974 iam
557 1915 635 1972 1332
660 1908 859 1991 interierat,
887 1911 922 1972 b.
945 1908 1083 1971 Mariae
1112 1909 1156 1970 de
1185 1908 1344 1992 Giissing
1372 1914 1453 1972 1280
1481 1909 1517 1972 in
1540 1911 1726 1974 castellum
1756 1912 1953 1997 immutata,

214 2053 360 2116 abbatia
383 2052 523 2113 Aracsa
550 2054 630 2128 1378
661 2048 774 2111 ordini
802 2048 951 2111 fratrum
979 2048 1152 2110 minorum
1176 2047 1322 2131 tradita,
1354 2068 1381 2110 s.
1408 2047 1583 2130 Stephani
1606 2051 1650 2112 de
1673 2051 1774 2114 Kaiit
1801 2073 1882 2128 1220
1906 2056 1953 2117 ad

213 2194 334 2254 sedem
358 2189 599 2271 episcopalem
624 2187 803 2251 destinata
827 2196 904 2249 erat
914 2187 960 2269 ¹⁰).
1000 2187 1194 2250 Praeterea
1220 2185 1317 2249 vires
1348 2186 1424 2249 eius
1456 2187 1726 2251 vehementibus
1756 2188 1951 2254 factionum

214 2329 510 2410 contentionibuS,
534 2347 627 2408 quae
651 2326 810 2390 extincta
833 2336 942 2410 gente
965 2327 1164 2407 potentium
1187 2327 1415 2407 Arpadarum
1444 2337 1668 2410 exarserant,
1699 2329 1953 2394 deminueban·

212 2481 279 2534 tur.
318 2469 372 2532 Ne
395 2469 544 2549 labaret,
567 2467 695 2530 iterum
719 2487 740 2528 a
763 2467 850 2535 sede
874 2465 1072 2547 apostolica
1096 2466 1286 2546 provisum.
1326 2465 1545 2528 Benedictus
1566 2467 1661 2549 XH,
1684 2487 1840 2531 summus
1862 2488 1952 2551 pon-

213 2609 313 2691 tifex,
337 2606 562 2689 monasteria,
588 2624 680 2688 quae
703 2606 739 2667 in
762 2604 946 2687 provincia
970 2601 1208 2687 strigoniensi
1236 2613 1272 2666 et
1301 2601 1487 2666 Colocensi
1518 2615 1636 2688 erant,
1668 2606 1704 2669 in
1733 2627 1840 2670 unam
1870 2628 1952 2689 pro·

213 2749 366 2812 vinciam
391 2745 635 2829 congregavit,
660 2757 697 2808 et
720 2742 884 2806 Clemens
907 2743 980 2825 VI,
1013 2742 1072 2824 qui
1100 2743 1211 2805 aetati
1239 2741 1315 2804 eius
1338 2743 1527 2826 successit,
1559 2753 1598 2806 ut
1627 2745 1673 2806 ad
1706 2749 1951 2827 recuperanda

213 2887 428 2952 monasteria
451 2896 488 2949 et
510 2883 757 2968 possessiones
780 2903 903 2946 omnes
925 2881 989 2945 lati
1011 2881 1151 2963 imperii
1166 2881 1391 2946 Benedictini
1408 2893 1657 2965 procuratores
1674 2895 1846 2968 crearent,
1868 2891 1947 2964 1343

213 3025 406 3091 constituit.
446 3024 588 3106 Quanto
612 3042 721 3105 opere
744 3031 781 3084 et
803 3023 893 3084 haec
918 3022 1062 3084 decreta
1090 3029 1126 3083 et
1149 3020 1307 3102 capitula
1336 3032 1433 3085 certo
1464 3032 1624 3104 tempore
1653 3023 1776 3086 habita
1806 3043 1853 3086 ex
1883 3043 1951 3087 usu

212 3165 345 3229 ordinis
362 3164 567 3244 acciderint,
584 3162 754 3245 cognosci
769 3161 854 3224 licet
869 3180 916 3223 ex
930 3161 1069 3243 litteris,
1086 3179 1175 3242 quas
1188 3158 1438 3243 Sigismundus
1455 3181 1519 3224 rex
1536 3172 1691 3226 exeunte
1707 3164 1828 3226 seculo
1844 3164 1948 3227 XIV.

211 3303 370 3386 scripsit:
404 3301 657 3387 ,Subditorum
681 3309 880 3363 nostrorum
904 3298 1098 3362 commodis
1121 3299 1309 3382 invigilare
1336 3308 1516 3363 tenemur:
1544 3301 1754 3382 praesertim
1777 3304 1950 3365 abbatum

211 3454 248 3508 et
277 3443 528 3506 monachorum
558 3439 691 3504 ordinis
721 3459 748 3502 s.
777 3438 981 3521 Benedicti,
1013 3439 1251 3522 quorumlibet
1278 3439 1571 3504 monasteriorum
1600 3440 1703 3524 regni
1735 3441 1857 3523 nostri,
1888 3442 1950 3523 qui

211 3583 303 3644 inter
326 3590 523 3644 ceterorum
548 3579 709 3642 ordinum
732 3580 924 3642 monachos
947 3597 989 3641 ac
1011 3578 1140 3641 fratres
1163 3578 1199 3641 in
1222 3579 1302 3661 ipso
1324 3598 1437 3661 regno
1464 3579 1696 3661 augmentati,
1728 3579 1819 3642 sicut
1846 3581 1949 3643 iubar

210 3719 375 3783 salutaris
397 3718 538 3781 luminis
561 3719 671 3801 vulgo
694 3739 736 3781 ac
759 3719 894 3800 populo
917 3718 1078 3799 seculari,
1109 3727 1148 3781 ut
1178 3718 1213 3780 in
1244 3717 1467 3781 rectitudinis
1497 3717 1558 3780 via
1589 3728 1625 3779 et
1655 3719 1734 3781 luce
1764 3721 1947 3802 procedat,

209 3859 394 3941 praeclara
428 3860 604 3941 praebent
636 3859 803 3939 exempla
837 3868 874 3920 et
902 3856 1167 3940 regularissima
1202 3857 1391 3921 devotione
1427 3856 1548 3919 divina
1582 3854 1701 3920 officia
1735 3858 1947 3938 complendo

209 4007 405 4080 peragunt:
429 4015 500 4059 non
524 3997 617 4059 enim
640 3995 892 4079 gastrimargia
914 4007 978 4059 aut
1000 3996 1169 4059 illecebra
1198 3997 1356 4078 ipsorum
1386 3995 1549 4078 regulam
1580 3994 1764 4076 inquinare
1787 3995 1947 4067 videtur:

340 4258 361 4339 Ι)
384 4261 492 4318 Czinar
516 4261 534 4318 Ι.
558 4280 584 4317 c.
609 4261 632 4318 Ι.

339 4370 361 4453 ²)
384 4373 513 4432 Condita
537 4373 576 4431 ab
600 4373 734 4431 Eberlao
757 4373 795 4430 de
818 4384 920 4429 monte
943 4392 967 4430 s.
993 4371 1121 4447 Georgii
1146 4373 1256 4429 comite
1279 4371 1317 4428 de
1340 4371 1410 4428 villa
1433 4370 1582 4447 Stuppan.

336 4485 360 4566 3)
384 4488 445 4544 Iam
470 4499 540 4543 ante
567 4500 646 4559 1332
672 4487 796 4544 exstitit.

336 4599 359 4679 ⁴)
383 4601 444 4657 Iam
473 4614 551 4672 1332
577 4601 701 4657 exstitit.

337 4711 361 4792 ⁵)
384 4715 447 4770 Iam
470 4725 540 4770 ante
568 4726 649 4785 1340
672 4711 793 4770 abhoc
816 4710 922 4769 ordine
945 4729 1103 4788 possessa.

336 4822 359 4905 6)
382 4827 447 4882 Has
470 4840 533 4882 tres
556 4822 696 4882 abbatias
720 4827 777 4882 iam
801 4836 870 4881 ante
898 4838 976 4897 1342
1002 4825 1165 4893 exstitisse,
1189 4841 1226 4880 ex
1250 4796 1427 4879 litterarum⁸
1441 4824 1639 4878 monumentis
1662 4821 1797 4898 adparet.

338 4935 360 5016 7)
383 4938 462 4995 Ante
490 4937 568 5011 1382
594 4937 725 4994 condita.

339 5046 362 5129 8)
385 5052 446 5108 Iam
475 5065 554 5125 1392
580 5052 734 5108 exstitisse
757 5048 884 5105 videtur.

335 5160 357 5241 ⁹)
382 5165 444 5220 lam
471 5177 553 5220 1220
576 5164 606 5219 ἰ11
630 5165 856 5239 possessionem
880 5159 1020 5219 abbatiae
1043 5181 1068 5219 s.
1092 5159 1238 5238 Stephani
1261 5160 1298 5217 de
1322 5161 1412 5217 Telki
1436 5173 1570 5216 venerat.

323 5273 356 5353 ιο)
379 5276 505 5332 Praeter
528 5275 604 5332 haec
627 5277 809 5333 monasteria
833 5274 925 5330 multa
946 5275 1005 5330 alia
1028 5276 1136 5351 partim
1161 5276 1346 5343 interierunt,
1371 5275 1479 5349 partim
1504 5275 1691 5348 privatorum
1714 5271 1793 5329 facta
1816 5284 1885 5328 sunt
1908 5284 1941 5327 ut

205 5409 241 5446 ex
265 5386 347 5446 bulla
371 5388 535 5445 Clementis
556 5389 607 5446 VI.
637 5401 715 5461 1342
741 5388 877 5464 adparet.
910 5386 1018 5445 Czinar
1042 5387 1061 5445 l.
1085 5407 1111 5445 c.
1135 5387 1159 5446 1.
