4178 6196
914 485 1198 555 ..515-

184 672 230 732 ab
247 689 339 732 anno
360 674 523 733 1851—61
544 671 691 753 Iaurini,
712 675 877 734 1861—62
898 673 1014 735 denuo
1052 676 1056 747 Ι
1094 668 1238 751 scripsit
1266 681 1302 732 et
1329 670 1545 733 monasterio
1572 672 1731 755 reliquit,
1761 694 1790 739 e.
1814 696 1848 758 g.
1878 697 1925 739 ex

184 784 365 875 professbr
391 803 427 854 et
455 803 575 855 orator
597 815 618 856 a
643 794 753 856 sacris
776 794 812 856 in
836 815 863 858 s.
884 805 1013 874 monte,

188 920 354 993 1862—64
372 914 578 998 professor-,
598 919 763 995 1864—(17
779 916 942 997 provisor
953 919 1014 979 do-

184 1058 261 1099 mus
276 1037 419 1119 ibidem,
437 1037 564 1100 dehinc
583 1036 699 1100 officio
718 1037 1013 1101 administratoris

183 1159 373 1239 parochiae
390 1160 426 1222 in
442 1160 575 1221 Peterd
591 1159 760 1242 fungitur.

270 1280 436 1363 Scripsit:

269 1406 377 1481 Gdrdg
394 1407 604 1482 olvasrikr'inyv
625 1427 643 1464 a
663 1414 763 1483 gdrdg
783 1409 924 1482 nyelvtan
940 1409 962 1464 Ι.
980 1410 1013 1465 ds

184 1513 220 1567 11.
249 1513 296 1567 evi
325 1511 513 1587 lolyamaihoz
545 1508 575 1589 (i.
603 1530 629 1568 e.
659 1513 824 1569 Lectiones
851 1510 1012 1590 Graecae.)

182 1615 372 1672 Feldbausch
394 1617 426 1672 ris
447 1614 555 1691 Suplle
580 1616 650 1672 utan
674 1617 863 1692 magyaritva
886 1615 1012 1675 (13810-

182 1723 245 1796 pesi
263 1722 341 1776 lmre
357 1721 577 1795 nyelvtandhoz
593 1721 789 1777 alkalmazva.
812 1722 897 1778 Βέεε.
920 1722 1010 1795 1853.

181 1823 367 1898 Schweiger.
385 1824 427 1881 8⁰.
446 1839 509 1897 230
526 1846 555 1901 p.
573 1824 688 1881 Tribus
704 1824 821 1882 vicibus
838 1826 884 1882 cd.

266 1952 454 2027 Wismer
481 1965 581 2027 Pius
610 1965 854 2048 (Murensis),
883 1967 1012 2029 Lucer-

180 2082 300 2144 nensis
317 2084 361 2144 de
378 2082 593 2164 Richensee‚
610 2092 715 2146 natus
732 2093 786 2146 est
799 2084 857 2146 die
875 2106 921 2150 10.
932 2084 1010 2150 Oct.

185 2208 275 2285 1789,
292 2204 386 2266 votis
402 2225 441 2267 se
457 2206 535 2267 Deo
552 2206 685 2268 dicavit
702 2206 758 2268 die
776 2211 804 2270 8.
818 2207 905 2271 Dec.
920 2213 1011 2292 1810,

181 2336 217 2389 et
241 2327 331 2389 inter
354 2329 560 2389 sacerdotes
584 2338 772 2409 cooptatus
797 2340 852 2392 est
878 2330 934 2393 die
960 2335 1010 2394 51.

181 2447 259 2512 Oct.
278 2453 368 2511 1813.
393 2449 476 2511 Fuit
489 2450 667 2531 parochus
684 2451 718 2512 in
731 2451 910 2535 Buenzen,
929 2453 1011 2517 dein

180 2571 350 2652 magister
366 2572 589 2636 novitiorum.
612 2573 701 2636 Post
722 2575 1011 2656 suppressionem

179 2693 385 2755 monasterii
401 2694 522 2756 docuit
539 2694 573 2755 in
590 2694 742 2779 collegio
755 2695 925 2760 Sarnensi
941 2698 1011 2761 cal·

178 2814 401 2896 ligraphiam,
417 2815 516 2878 venit
539 2826 666 2897 postea
689 2819 735 2879 ad
758 2821 1010 2883 monasterium

180 2934 293 3018 Gries,
317 2937 351 2999 in
375 2957 444 3018 quo
469 2938 637 3003 iubilatus
658 2940 881 3021 professione
903 2952 939 3004 et
955 2962 1010 3004 sa·

178 3059 337 3120 cerdotio
354 3059 544 3122 defunctus
560 3071 616 3122 est
633 3060 690 3122 die
711 3067 757 3124 18.
775 3063 848 3127 ian.
869 3069 960 3144 1870.

265 3180 416 3262 Scripsit
432 3201 495 3243 seu
512 3182 629 3244 denuo
646 3183 772 3246 edidit:

264 3309 287 3364 l.
305 3308 493 3364 Psalmodiae
509 3308 665 3384 praeludia
687 3312 752 3366 sive
774 3313 928 3370 orationes
949 3316 1009 3370 sin-

177 3412 255 3485 gulis
276 3412 400 3468 Psalmis
426 3413 684 3470 accommodatae.
713 3415 838 3471 Einsidl.
863 3435 911 3492 ap.
932 3419 1009 3474 Ben-

175 3518 268 3589 ziger.
290 3513 380 3589 1867.
402 3515 461 3572 160.
484 3530 540 3589 152
559 3537 588 3593 p.

266 3620 303 3676 ΙΙ.
322 3621 385 3676 Der
401 3620 471 3695 Tag
488 3624 516 3677 in
529 3619 621 3678 Stans
639 3623 728 3697 1481.
746 3625 891 3681 Comddie
904 3627 933 3681 in
945 3627 1008 3684 drei

176 3723 334 3799 Aulzligen
347 3727 399 3781 mit
412 3705 857 3804 geschichtlicherEinleitung.
871 3737 913 3803 4⁰.
927 3730 967 3802 38
978 3751 1008 3808 p.

175 3830 230 3885 his.
250 3831 278 3884 in
296 3829 408 3886 archiv.
426 3831 631 3889 hluto-Gries.

261 3959 450 4033 Witlacil
491 3970 724 4036 Severinus
764 3975 1008 4055 (Lamberti-

174 4089 276 4169 nus),
294 4100 399 4151 natus
416 4099 470 4153 est
491 4108 538 4169 17.
549 4090 652 4153 Febr.
668 4095 746 4154 1828
761 4092 796 4155 in
810 4094 1008 4176 Krieglach

173 4206 325 4290 Styriae.
340 4211 529 4274 Absolutis
540 4211 764 4295 Clagenfurti
773 4215 899 4277 studiis
908 4216 1007 4279 theo·

173 4331 298 4412 logicis
315 4334 526 4396 monachum
544 4336 683 4418 nigrum
700 4337 884 4419 professus
901 4339 1007 4402 estin

175 4454 390 4517 monasterio
415 4475 442 4517 s.
459 4456 641 4520 Lamberti
663 4459 696 4521 in
719 4458 841 4541 Styria
864 4482 913 4539 29.
930 4459 1006 4525 Iun.

176 4579 254 4637 1852
280 4587 316 4638 et
331 4577 506 4658 primitias
529 4580 723 4643 celebravit
750 4603 775 4645 1.
793 4582 888 4664 Aug.
911 4587 1005 4655 1852;

173 4717 255 4760 mox
268 4711 480 4780 cooperator
489 4703 681 4784 parochiae
692 4705 910 4767 domesticae
923 4725 1005 4766 con·

172 4821 317 4883 stitutus
334 4833 399 4885 est.
429 4829 597 4897 1855-08
620 4825 799 4889 convictui
815 4845 1004 4908 puerorum

172 4943 345 5026 praefuit,
383 4945 513 5008 exinde
549 4947 787 5010 bibliothecae
819 4957 855 5011 et
886 4949 1003 5010 choro.

170 5065 402 5130 Praematura
419 5081 532 5131 morte
550 5069 637 5132 obiit
654 5075 682 5132 5.
696 5071 770 5133 Ian.
788 5075 878 5149 1874.

256 5188 340 5250 Fuit
360 5189 397 5251 in
417 5210 455 5251 re
472 5189 607 5252 musica
624 5210 669 5252 ex
685 5191 780 5253 omni
794 5200 896 5272 parte
911 5192 1004 5275 peri-

169 5308 337 5390 tissimus,
348 5310 595 5374 collectionem
605 5331 762 5374 rarorum
772 5332 919 5394 operum
928 5335 1003 5376 rnu-

169 5430 328 5494 sicalium
354 5433 607 5515 amplissimam
626 5454 731 5496 manu
753 5435 898 5517 propria
920 5455 1003 5498 con-

1094 793 1344 874 manuscriptis
1360 803 1396 856 et
1412 794 1596 858 codicibus
1608 796 1846 862 bibliothecae
1863 820 1925 862 au·

1093 913 1184 976 licae
1205 914 1429 979 Viennensis
1465 916 1617 999 Insuper
1639 938 1769 981 novum
1792 923 1924 984 catalo-

1093 1055 1178 1116 gum
1194 1037 1241 1097 ad
1256 1036 1511 1100 bibliothecam
1527 1042 1742 1124 monasterii,
1759 1047 1776 1104 5
1793 1052 1874 1107 torn.
1889 1045 1924 1107 in

1093 1156 1165 1237 fol,
1182 1167 1218 1220 et
1236 1160 1490 1241 „repertorium
1508 1162 1655 1224 archivii
1675 1166 1922 1228 monasteriis

1093 1279 1293 1343 Lamberti“
1311 1292 1473 1345 recenter
1489 1284 1652 1367 ordinati,
1669 1291 1686 1348 3
1705 1295 1787 1351 torn.
1806 1289 1839 1350 in
1852 1289 1922 1370 fol,

1092 1421 1229 1464 summa
1259 1403 1433 1467 industria
1461 1415 1497 1468 et
1524 1407 1660 1468 calamo
1688 1410 1923 1489 pulcherrimo

1093 1525 1315 1607 conscripsit.

1178 1639 1337 1735 Witzig
1365 1653 1586 1718 Eduardus
1615 1657 1921 1742 (Mellicensis),

1093 1766 1306 1830 Austriacus
1322 1769 1574 1854 Hitzingensis,
1598 1784 1704 1835 natus
1724 1796 1816 1838 anno
1843 1798 1920 1857 1772

1094 1907 1143 1950 22.
1161 1888 1260 1969 Apr.,
1278 1899 1381 1970 patre
1398 1894 1544 1954 orbatus
1567 1894 1683 1957 infans
1707 1917 1785 1959 cum
1810 1911 1921 1962 matre

1093 2007 1479 2096 Claustroneoburgum
1506 2017 1623 2106 venit,
1651 2019 1712 2080 ubi
1739 2020 1773 2082 in
1801 2024 1923 2086 schola

1093 2135 1242 2195 normali
1258 2137 1433 2199 educatus
1449 2147 1486 2201 et
1502 2139 1537 2201 in
1550 2142 1798 2223 praepositura
1814 2145 1923 2207 alum-

1092 2273 1158 2315 nus
1175 2267 1364 2338 susceptus
1381 2269 1445 2321 est.
1470 2259 1588 2322 Unum
1607 2272 1643 2324 et
1659 2263 1840 2327 dimidium
1863 2288 1923 2329 an-

1092 2396 1174 2439 num
1187 2377 1318 2442 ibidem
1329 2384 1492 2444 excultus
1505 2383 1541 2444 in
1553 2385 1727 2465 capellam
1741 2405 1924 2450 caesareo·

1091 2501 1225 2581 regiam
1255 2503 1418 2565 alumnus
1446 2505 1545 2567 venit
1572 2505 1746 2588 simulque
1773 2509 1922 2590 primam

1091 2622 1240 2685 classem
1251 2623 1413 2687 Latinam
1426 2625 1677 2706 frequentavit.
1699 2628 1922 2712 Philosophi-

1091 2744 1142 2806 cis
1152 2745 1349 2826 disciplinis
1359 2748 1520 2811 Viennae
1531 2749 1704 2812 absolutis
1713 2751 1770 2813 die
1781 2756 1830 2815 26.
1842 2751 1921 2817 Oct.

1090 2866 1236 2929 Mellicii
1252 2889 1278 2932 s.
1296 2870 1483 2932 Benedicti
1498 2871 1658 2935 habitum
1675 2873 1797 2936 induit.
1823 2875 1922 2938 Tiro·

1091 2987 1172 3050 cinii
1201 3009 1293 3051 anno
1321 2993 1497 3074 completo
1522 2993 1684 3056 Viennae
1711 2996 1921 3078 theologicis

1090 3110 1217 3172 studiis
1241 3111 1415 3192 incubuit,
1440 3114 1497 3175 die
1523 3119 1569 3177 16.
1591 3115 1679 3179 Maii
1705 3122 1785 3196 1796
1809 3119 1919 3200 signis

1090 3233 1220 3295 nostris
1244 3234 1445 3316 adscriptus
1469 3246 1505 3299 et
1529 3237 1586 3299 die
1608 3259 1636 3301 2.
1659 3238 1737 3302 Oct.
1762 3241 1919 3303 eiusdem

1090 3355 1173 3418 anni
1194 3376 1277 3418 arae
1301 3358 1466 3420 admotus
1488 3368 1552 3421 est.
1576 3360 1701 3423 Mense
1724 3361 1919 3426 Februario

1094 3497 1172 3557 1797
1205 3481 1373 3542 sacerdos
1404 3482 1610 3544 auxiliarius
1638 3483 1673 3545 in
1700 3485 1816 3548 vicum
1843 3487 1920 3550 Ru-

1089 3602 1342 3684 prechtshofen
1355 3603 1484 3665 missus
1497 3613 1562 3684 est,
1576 3624 1646 3686 quo
1658 3626 1803 3670 munere
1815 3610 1919 3671 adus-

1089 3744 1158 3806 que
1190 3729 1237 3786 15.
1265 3725 1353 3807 Apr.
1381 3725 1524 3788 functus
1552 3738 1700 3809 propter
1728 3729 1920 3812 adpropin-

1088 3856 1240 3928 quantes
1263 3847 1386 3910 hostes
1408 3848 1549 3910 domurn
1575 3849 1690 3912 redire
1713 3850 1830 3914 iussus
1855 3865 1918 3916 est.

1089 3966 1254 4031 Officium
1264 3968 1919 4054 professoristheologiaemoralissibi

1089 4090 1306 4153 destinatum
1330 4111 1499 4153 recusans
1507 4141 1516 4174 ,
1544 4112 1610 4174 per
1632 4094 1721 4155 duos
1744 4112 1855 4155 annos
1882 4105 1918 4155 et

1087 4214 1207 4295 plures
1230 4213 1473 4276 hebdomades
1496 4214 1594 4275 vices
1617 4215 1859 4295 cooperatoris
1883 4215 1917 4277 in

1086 4336 1299 4418 Haugsdorf
1322 4346 1358 4399 et
1385 4345 1458 4399 tres
1485 4355 1597 4398 annos
1624 4336 1659 4398 in
1685 4337 1916 4399 Ravelsbach

1087 4461 1170 4541 egit.
1206 4459 1284 4520 Hoc
1309 4457 1345 4521 in
1368 4459 1446 4520 loco
1470 4457 1622 4539 primum
1649 4477 1750 4519 suum
1775 4477 1916 4520 carmen

1086 4580 1367 4642 ecclesiasticum
1391 4576 1442 4659 „0
1460 4576 1561 4641 Gott!
1583 4579 1647 4641 wir
1662 4580 1827 4641 kommen
1843 4582 1916 4644 voll

1086 4701 1305 4763 Vertrauen“
1332 4700 1489 4783 scripsit,
1514 4720 1584 4781 quo
1609 4702 1824 4765 clarissimus
1845 4704 1916 4765 De·

1086 4823 1140 4886 nis
1156 4823 1310 4892 maxime
1332 4823 1590 4886 oblectabatur.
1615 4822 1707 4885 Exin
1728 4825 1836 4886 variis
1852 4846 1916 4906 pa-

1084 4944 1230 5026 roeciis,
1259 4965 1350 5008 nunc
1379 4950 1457 5008 1802
1488 4945 1523 5007 in
1548 4944 1914 5027 Untersiebenbrunn,

1084 5088 1177 5129 nunc
1209 5072 1284 5129 1811
1317 5068 1351 5129 in
1377 5066 1681 5149 Groissenbrunn,
1710 5088 1801 5130 nunc
1834 5073 1911 5130 1812

1084 5189 1120 5252 in
1142 5188 1396 5251 Draiskirchen
1421 5188 1604 5270 deserviit,
1630 5209 1759 5272 magno
1783 5189 1913 5271 ubique

1084 5312 1279 5375 animarum
1303 5310 1377 5373 zelo
1395 5311 1617 5391 conspicuus.
1643 5311 1701 5373 Ab
1717 5331 1811 5374 anno
1832 5316 1910 5374 1822

1083 5439 1209 5496 —1825
1246 5433 1423 5518 gymnasii
1454 5432 1673 5496 Mellicensis
1708 5434 1913 5515 praefectus

1649 5539 1702 5600 65*
