4178 6196
959 426 1240 475 -212-

225 613 355 677 lemnia
371 612 428 675 die
442 616 471 675 3.
485 610 579 695 Aug.
597 616 676 674 1852
690 611 816 693 emisit,
833 620 870 674 et
881 609 1055 674 absolutis

226 760 252 800 s.
265 735 468 819 theologiae
484 734 520 798 in
536 754 563 798 S.
576 745 695 798 monte
713 734 840 798 studiis
853 735 979 797 eodem
995 754 1055 797 an-

226 879 272 922 no
290 878 317 938 7.
331 858 426 941 Aug.
443 859 634 941 presbyter
650 857 833 920 ordinatus
845 866 909 919 est.
932 861 1055 920 1852-

231 984 311 1044 1866
334 980 515 1063 professor
538 1000 659 1064 gymn.
680 977 861 1063 Strigonii,
888 983 1055 1059 1856-59

226 1113 346 1168 016101
358 1123 379 1166 6
392 1102 502 1165 sacris
513 1102 548 1165 in
559 1122 585 1165 S.
596 1111 724 1183 monte,
740 1106 908 1181 1859-60
920 1100 1056 1183 profes-

227 1246 285 1289 sor
297 1225 332 1287 in
345 1226 448 1307 lyceo
461 1223 741 1305 archiabbatiali,
757 1226 918 1287 1860-61
940 1223 1056 1286 denuo

228 1357 347 1410 orator
363 1367 384 1409 a
400 1345 521 1428 sacris,
543 1350 707 1408 1861-63
721 1345 902 1427 professor
914 1344 1056 1426 Iaurini,

230 1473 397 1549 1863-69
408 1469 673 1531 administrator
681 1467 872 1549 parochiae
884 1467 919 1529 in
929 1486 955 1529 s.
963 1465 1057 1529 Mar·

225 1591 311 1672 11110,
340 1595 507 1670 1869-79
534 1590 569 1653 111
591 1591 768 1673 Τ61116117,
797 1610 843 1651 ex
869 1590 937 1652 hoc
964 1608 1057 1652 anno

227 1711 344 1776 officio
375 1713 669 1776 administratoris
699 1715 871 1776 bonorum
903 1712 939 1774 in
966 1710 995 1773 F
997 1715 1057 1774 iiss

226 1835 395 1918 fungitur.
420 1833 585 1916 Scripsit:

314 1963 347 2017 ln
363 1961 414 2019 lib.
431 1961 547 2038 period.
568 1959 889 2035 ,Pazmany-fiizetek“
910 1972 971 2016 tres
988 1977 1057 2015 ora-

227 2069 325 2123 tiones
341 2083 458 2122 sacras:
480 2067 512 2137 a)
533 2068 561 2121 in
583 2065 653 2121 hon.
676 2083 700 2121 s.
717 2063 863 2140 Stephani
887 2078 1058 2139 protomar·

227 2173 312 2245 tyriS,
334 2169 500 2244 1850,1ΙΙ;
525 2169 557 2243 b)
577 2188 633 2245 pro
655 2168 703 2225 die
725 2168 803 2225 festo
824 2169 1058 2224 annuntiationis

227 2275 259 2331 B.
280 2274 320 2330 M.
338 2274 374 2330 V.
399 2273 524 2342 ibidem;
549 2274 578 2347 c)
600 2275 629 2330 in
653 2273 722 2330 hon.
747 2292 771 2330 s.
788 2272 909 2329 Ioannis
929 2274 1057 2348 Nepom.

194 2456 197 2462 Ι
232 2378 322 2452 1859.
340 2378 391 2434 1v.

314 2489 405 2585 Ioly
419 2498 1058 2584 Raimundus(Cremifanensis),

227 2627 333 2681 antea
344 2617 510 2700 Mathias,
527 2616 812 2700 Salisburgensis
826 2618 883 2680 die
894 2639 943 2680 22.
954 2618 1057 2681 Febr.

232 2759 314 2819 1720
329 2750 443 2821 natus,
460 2739 633 2802 absolutis
649 2739 684 2802 in
700 2741 787 2802 urbe
800 2739 916 2822 patria
932 2739 1059 2802 studiis

228 2860 419 2925 Cremifani
446 2860 503 2923 die
536 2882 561 2925 1.
585 2860 674 2923 Nov.
704 2865 784 2941 1738
812 2861 995 2943 professus
1023 2860 1059 2923 in

228 2985 321 3049 univ.
350 2983 617 3068 Salisburgensi
648 3004 789 3047 cursum
820 2984 1059 3068 theologicum

228 3107 382 3171 confecit
404 3117 440 3170 et
456 3130 486 3186 4.
504 3106 583 3171 Oct.
605 3127 685 3187 1744
707 3107 880 3190 primitias
902 3109 1059 3172 celebra-

227 3231 290 3296 vit.
307 3231 389 3294 Una
401 3251 571 3294 annorum
584 3231 720 3293 decade
733 3231 768 3294 in
781 3230 964 3294 academia
977 3230 1059 3295 Cre-

228 3353 416 3416 mifanensi
436 3353 714 3436 grammaticam,
737 3353 925 3435 poeticam,
946 3353 1059 3436 philo-

228 3474 401 3558 sophiam,
418 3475 634 3558 theologiam
652 3475 781 3557 docuit,
797 3486 924 3557 postea
940 3494 1059 3538 mona-

229 3596 327 3659 sterii
343 3596 439 3678 prior
456 3605 491 3659 et
508 3597 684 3678 parochus
707 3596 937 3670 domesticus;
960 3597 1059 3660 abdi·

228 3727 311 3781 cato
333 3723 413 3797 1788
434 3718 592 3799 prioratu
613 3739 637 3781 1.
655 3718 744 3781 Nov.
766 3718 949 3800 professus
972 3719 1059 3782 iubi-

229 3840 343 3914 laeus;
357 3839 484 3902 iterum
494 3840 686 3922 apoplexia
699 3849 816 3904 tactus
826 3841 914 3905 obiit
925 3847 974 3905 28.
984 3843 1059 3906 Iun.

234 3982 325 4042 179²·

317 4083 491 4146 Exaravit
506 4083 648 4146 librum:

317 4211 407 4267 Ratio
431 4209 666 4285 praelectionum
692 4210 932 4286 theologicarum
954 4231 1062 4269 secun·

230 4315 299 4372 durn
317 4333 452 4371 normam
471 4313 584 4370 decreti
602 4315 754 4381 Caesarei,
777 4334 849 4391 pars
871 4319 965 4393 prior.
991 4315 1062 4393 Sty·

232 4439 293 4488 rae,
313 4433 402 4493 1754.
420 4426 463 4491 4⁰.
482 4415 541 4474 166
555 4435 597 4494 p.;
615 4438 688 4495 pars
700 4422 854 4495 posterior
867 4420 905 4477 de
919 4420 1061 4478 methodo

231 4524 413 4599 theologiae.
431 4522 549 4598 Styrae,
572 4537 661 4597 1755.
678 4531 721 4596 40.
744 4522 802 4581 160
819 4544 848 4600 p.

318 4644 511 4706 Praeterea
536 4643 612 4705 eius
636 4663 818 4706 sermones
842 4643 1060 4727 panegyrici,

231 4765 267 4829 in
299 4765 495 4828 millenario
527 4765 802 4847 Lunaelacensi,
834 4765 869 4828 in
900 4767 1061 4848 exequiis

231 4888 335 4951 Pauli
348 4889 483 4970 Meyer,
500 4888 641 4951 abbatis
655 4887 870 4970 Garstensis,
886 4890 922 4953 in
935 4893 1062 4953 acade-

232 5009 323 5073 mica
344 5009 592 5091 parentatione
613 5009 811 5073 Alexandri
832 5011 894 5075 III.
918 5013 1061 5075 abbatis

233 5132 330 5215 typis
347 5132 484 5215 vulgati
502 5141 594 5196 sunt.
611 5170 653 5178 —
668 5133 820 5216 Insuper
835 5154 900 5215 per
915 5134 1063 5218 triginta

233 5275 344 5337 annos
369 5255 522 5318 confecit
550 5256 795 5319 defunctorum
818 5256 965 5319 fratrum
989 5257 1063 5339 epi-

232 5377 344 5438 stolas
360 5378 543 5459 rotulares,
560 5378 606 5439 ad
622 5379 874 5441 confoederata
887 5389 1063 5442 monaste-

1135 611 1187 673 ria
1202 611 1339 692 missas,
1356 631 1448 693 quae
1465 612 1619 675 maxime
1636 610 1765 696 Styrae
1785 612 1885 696 typis
1905 631 1967 675 ex·

1136 751 1242 795 cusae
1251 741 1307 795 sat
1318 734 1472 816 amplum
1482 735 1646 797 volumen
1656 732 1856 797 conficiunt.
1865 733 1967 818 (Con-

1135 853 1206 917 fer:
1223 855 1299 918 Das
1315 856 1475 938 gelehrte
1494 855 1730 938 Oesterreich,
1747 866 1771 920 t.
1792 877 1818 939 1,
1835 875 1870 938 p.
1889 877 1965 936 214;

1136 976 1967 1062 itemP.Rud01phGraser,v011standige1.ehr-

1137 1106 1192 1160 art
1208 1118 1250 1160 zu
1266 1099 1449 1182 predigen,
1470 1118 1505 1181 p.
1523 1100 1608 1183 216.)
1632 1101 1699 1164 His
1722 1101 1889 1174 addenda
1912 1110 1967 1164 est

1140 1220 1215 1283 eius
1232 1220 1360 1284 oratio:

1224 1345 1364 1404 Sittliche
1379 1346 1524 1404 Lobrede
1541 1348 1594 1405 auf
1607 1348 1661 1405 das
1676 1350 1701 1405 P
1704 1362 1751 1406 est
1766 1349 1820 1406 des
1836 1349 1966 1425 heiligen

1137 1451 1353 1528 seraphischen
1377 1452 1486 1509 Vaters
1508 1454 1674 1511 Francisci.
1706 1450 1735 1531 (i.
1761 1472 1787 1511 e.
1815 1453 1965 1513 Laudatio

1137 1555 1289 1632 seraphici
1298 1558 1393 1633 patris
1401 1554 1578 1636 Francisci.)
1587 1555 1688 1634 81671,
1696 1558 1864 1615 Menhardt.
1875 1557 1964 1634 1756.

1138 1666 1181 1732 4⁰·
1198 1674 1240 1732 3Ο
1255 1679 1285 1736 Ρ·

1224 1778 1416 1842 Ρ16616166
1431 1782 1520 1843 haec
1536 1782 1605 1844 duo
1619 1782 1779 1844 dramata
1791 1781 1890 1865 typis
1906 1802 1966 1845 ex·

1138 1901 1219 1964 cudi
1235 1900 1335 1965 fecit:

1224 2028 1247 2084 1.
1276 2027 1379 2084 Ardua
1401 2028 1439 2085 ad
1462 2029 1579 2085 coelum
1603 2031 1652 2085 vla
1679 2048 1733 2086 seu
1757 2029 1967 2105 sigismundus

1138 2151 1191 2189 rex
1209 2132 1399 2207 Burgundiae
1416 2152 1453 2189 ex
1465 2133 1616 2209 parricida
1628 2147 1749 2210 martyr.
1766 2135 1878 2223 Addito
1892 2136 1967 2193 Ger-

1111 2278 1115 2285 .
1139 2238 1255 2294 manico
1272 2250 1363 2294 textu.
1388 2236 1508 2312 Styrae,
1526 2238 1693 2295 Menhardt.
1719 2254 1809 2313 1751.
1834 2246 1877 2312 4⁰.
1903 2238 1966 2316 op.

1225 2341 1262 2398 II.
1272 2341 1445 2399 Alexander
1457 2361 1537 2418 papa
1549 2357 1662 2418 martyr
1674 2361 1783 2418 magno
1794 2342 1967 2402 Alexandro

1140 2448 1244 2503 maior.
1268 2445 1397 2503 Adiecto
1421 2460 1504 2503 textu
1529 2446 1722 2504 Germanico.
1751 2446 1858 2525 Steyr,
1886 2450 1967 2506 Men·

1139 2550 1236 2606 hardt.
1258 2565 1347 2625 1754.
1364 2558 1407 2623 40.
1426 2551 1443 2608 8
1461 2571 1490 2628 p.

1225 2668 1376 2751 Insuper
1391 2668 1488 2751 typis
1505 2668 1645 2751 inprimi
1662 2669 1761 2733 fecit:

1226 2793 1249 2850 1.
1275 2795 1447 2851 Positiones
1468 2814 1505 2851 ex
1527 2797 1752 2871 prolegomenis
1769 2810 1799 2853 et
1814 2800 1969 2875 principiis

1140 2900 1299 2956 universae
1330 2899 1503 2975 theologiae
1533 2901 1571 2958 de
1602 2903 1804 2976 poenitentia,
1837 2916 1971 2960 extrema

1140 3006 1290 3072 unctione,
1312 3004 1428 3071 ordine,
1450 3008 1649 3073 matrimonio
1675 3006 1829 3082 theologia
1851 3021 1970 3085 patrum

1140 3121 1170 3164 et
1183 3108 1331 3185 polemica
1344 3123 1402 3166 616.
1415 3109 1556 3185 praeside
1572 3110 1604 3167 P.
1619 3110 1796 3185 Raymundo
1809 3112 1884 3187 Ioly.
1901 3110 1970 3188 Sty·

1140 3231 1202 3282 rae,
1219 3213 1387 3270 Menhardt.
1409 3212 1499 3287 1758.
1517 3220 1559 3287 40.
1583 3213 1618 3270 16
1636 3235 1665 3291 p.

1226 3318 1263 3373 ΙΙ.
1277 3318 1448 3374 Positiones
1460 3337 1498 3374 ex
1510 3318 1663 3394 theologia
1676 3340 1699 3375 s.
1713 3333 1831 3397 patrum
1845 3333 1875 3377 et
1887 3322 1972 3380 theo·

1139 3422 1222 3497 logia
1242 3421 1391 3498 polemica
1412 3436 1468 3478 etc.
1490 3423 1631 3499 praeside
1652 3424 1684 3480 P.
1702 3423 1880 3499 Raymundo
1896 3426 1974 3502 Ioly.

1140 3524 1261 3602 Styrae,
1277 3526 1445 3583 Menhardt.
1468 3525 1557 3600 1760.
1575 3534 1618 3599 40.
1636 3526 1655 3585 8
1672 3547 1701 3604 p.

1228 3656 1499 3731 lodeobias
1515 3667 1698 3731 Michael
1716 3671 1817 3751 (des.
1831 3670 1973 3735 Monte

1140 3785 1409 3868 Pannoniae),
1431 3806 1457 3849 S.
1475 3788 1677 3869 theologiae
1694 3789 1819 3851 doctor
1835 3790 1974 3873 colleg,

1141 3906 1396 3971 Kis-Martonii
1409 3928 1496 3972 com.
1507 3907 1656 3990 Sopron.
1671 3909 1706 3972 in
1715 3910 1903 3993 Hungaria
1916 3912 1975 3975 die

1144 4034 1194 4094 25.
1213 4028 1312 4112 Sept.
1335 4036 1413 4094 1813
1431 4042 1545 4113 natus,
1563 4053 1589 4096 s.
1606 4033 1731 4096 habitu
1748 4034 1805 4096 die
1822 4039 1873 4097 31.
1892 4033 1974 4100 Oct.

1147 4158 1223 4217 1831
1251 4154 1405 4235 indutuS,
1429 4167 1514 4217 vota
1535 4155 1718 4218 sollemnia
1739 4156 1796 4219 die
1819 4177 1870 4234 24.
1885 4156 1978 4221 Maii

1146 4279 1227 4338 1836
1240 4276 1365 4339 emisit.
1387 4277 1573 4341 Absolutis
1587 4279 1622 4341 in
1634 4299 1660 4340 s.
1671 4289 1789 4342 monte
1803 4280 1977 4343 61116010-

1142 4398 1224 4481 giae
1241 4398 1367 4461 studiis
1385 4399 1442 4461 die
1460 4420 1509 4461 20.
1527 4400 1589 4463 Iul.
1612 4405 1691 4479 1839
1712 4403 1903 4484 presbyter
1919 4422 1977 4466 or·

1143 4520 1285 4584 dinatus
1298 4538 1358 4584 est.
1373 4520 1480 4584 Anno
1495 4527 1659 4601 1839-42
1670 4523 1832 4586 Viennae
1844 4525 1977 4588 studiis

1141 4644 1298 4717 vacavit3
1317 4648 1483 4724 1842-45
1499 4643 1616 4708 officio
1630 4640 1841 4726 professoris
1850 4666 1975 4729 gymn.

1141 4766 1300 4849 Posonii,
1333 4771 1501 4846 1845-46
1530 4768 1680 4830 oratoris
1707 4789 1728 4829 a
1756 4768 1866 4831 sacris
1892 4767 1976 4831 Iau-

1140 4888 1217 4971 rini,
1236 4893 1402 4968 1846-57
1414 4909 1499 4952 vero
1508 4890 1720 4971 professoris
1730 4890 1838 4953 studii
1850 4889 1977 4955 biblici

1144 5011 1327 5093 utriusque
1343 5011 1498 5074 foederis
1515 5013 1550 5075 in
1567 5034 1593 5075 s.
1611 5022 1730 5075 monte
1748 5022 1803 5075 est
1819 5012 1975 5096 functuS,

1143 5153 1213 5216 quo
1236 5136 1376 5196 demum
1401 5154 1493 5196 anno
1517 5138 1665 5198 obtenta
1686 5135 1743 5198 die
1769 5139 1816 5200 15.
1836 5135 1899 5198 Iul.
1921 5135 1975 5199 di-

1143 5256 1309 5319 missione
1327 5256 1470 5319 maioris
1486 5256 1716 5338 perfectionis
1732 5277 1841 5320 causa
1856 5258 1902 5320 ad
1918 5276 1975 5319 or·

1144 5378 1261 5442 dinem
1270 5377 1537 5443 Carmelitarum
1551 5380 1845 5443 discalceatorum
1858 5390 1974 5443 trans·
