4178 6196
904 443 1184 516 ..174-

260 642 283 697 1.
307 638 499 697 Trauerrede
521 636 576 695 auf
595 637 653 694 den
674 635 796 693 Todfall
819 635 873 692 des
897 635 999 692 Hoch·

173 746 299 820 wiirdig.
335 740 629 818 Hochedlgebomen
664 741 724 798 und
754 739 1000 814 Hochgelehrten

172 852 271 908 Herm
287 850 386 907 lierm
401 849 516 926 Joseph
531 846 645 917 Urban,
661 846 782 904 Ordens
799 845 853 902 des
869 845 1001 920 heiligen

172 955 342 1030 Augustini.
375 954 489 1012 Canon.
516 952 624 1028 Regul.
651 952 793 1008 Lateran.
822 949 876 1006 des
904 948 1000 1005 sitrstl.

172 1059 249 1116 auch
283 1057 440 1135 befreyten
475 1055 655 1114 Dometiftes
689 1075 725 1112 zu
756 1053 873 1112 Seccau
905 1054 1000 1111 Dom-

173 1161 320 1241 probsten
340 1162 400 1220 und
415 1163 635 1238 Erzpriestem‚
658 1161 703 1217 als
723 1160 833 1217 dessen
852 1158 1002 1216 Leichen·

172 1266 358 1352 begangniss
385 1269 414 1323 in
437 1267 491 1323 der
514 1264 765 1323 Kathedrallrirch
788 1266 817 1320 in
839 1263 907 1320 dem
929 1259 1001 1319 lobl.

174 1371 318 1430 Domstilt
336 1391 372 1428 zu
388 1369 506 1428 Seccau
526 1370 584 1427 den
605 1384 652 1444 15.
669 1369 738 1426 Oct.
760 1366 839 1443 1769
861 1367 1003 1443 gehalten

173 1477 286 1534 wurde.
306 1472 335 1554 (i.
353 1494 380 1533 e.
400 1475 507 1532 Oratio
529 1472 663 1532 funebris
684 1475 713 1529 in
734 1486 861 1530 mortem
881 1470 1002 1547 Iosephi

173 1579 297 1649 Urbani,
317 1599 346 1637 o.
363 1599 388 1636 s.
405 1579 484 1655 Aug.
501 1579 668 1655 praepositi
684 1573 919 1654 Seccoviensis.)
935 1575 1001 1632 Fol.

178 1684 214 1742 16
230 1705 260 1762 p.
284 1684 388 1752 Grata,
411 1683 562 1759 gedruckt
580 1680 630 1739 bei
652 1682 709 1739 den
726 1680 1002 1738 Widmanstatteri·

173 1791 265 1846 schen
282 1785 395 1845 Erben.

259 1912 297 1969 ll.
308 1909 501 1969 Trauerrede
510 1908 562 1966 auf
568 1909 625 1966 den
634 1907 889 1982 Hochwilrdigen,
898 1906 1002 1963 Hoch·

173 2011 1002 2091 edlgebomenundHochgelehrtenHerrnHerrnMat-

173 2121 271 2188 thius,
292 2139 346 2178 aus
366 2120 433 2177 dem
450 2119 554 2177 Orden
573 2118 627 2175 des
648 2118 688 2175 hl.
704 2116 858 2195 benedicti
879 2115 933 2172 des
952 2134 1002 2171 ur·

173 2224 253 2282 alten
266 2224 325 2281 und
337 2222 515 2281 berilhmten
527 2221 633 2280 Stiftes
641 2222 773 2292 Admont
784 2220 1002 2294 Preiswdrdig·

173 2342 241 2387 sten
261 2327 333 2398 Abi,
356 2328 401 2385 als
424 2328 534 2386 dessen
554 2325 875 2401 Leichenbegangniss
898 2327 928 2382 in
947 2325 1002 2382 der

173 2433 350 2492 Stiftkirche
366 2433 424 2490 den
444 2448 491 2507 19.
508 2434 567 2490 Mai
585 2446 665 2507 1779
682 2431 846 2489 feierlichst
860 2430 1002 2505 gehalten

173 2538 286 2595 wurde.
310 2534 338 2616 (i.
364 2556 390 2595 e.
416 2537 523 2594 Oratio
545 2535 678 2594 funebris
698 2539 727 2593 in
744 2536 927 2592 Matthaeum
948 2534 1002 2591 ab·

173 2644 274 2701 batem
304 2640 561 2721 Admontensem.)
596 2643 810 2716 Vorgetragen
844 2638 903 2696 und
934 2638 1001 2695 dem

173 2746 434 2821 Hochwhrdigen,
458 2745 755 2821 Hochedlgebomen
776 2742 836 2800 und
856 2744 1001 2817 Hochge-

172 2849 291 2911 lehrten
314 2853 414 2909 Herm
434 2852 535 2908 Herm
555 2847 732 2918 Columhan,
756 2849 810 2906 des
832 2848 1001 2923 gedachten

173 2956 405 3015 hochldblichen
431 2953 537 3013 Stiltes
564 2953 750 3028 wurdigsten
777 2952 1001 3009 neuerwahlten

173 3061 334 3137 Gnadigen
348 3061 448 3117 Herm
463 3060 565 3116 Herm
576 3056 656 3115 Abte
672 3055 918 3133 augeschrieben.
934 3058 959 3114 F
960 3056 1000 3113 ol.

128 3224 133 3233 ,
174 3165 214 3224 28
224 3187 254 3243 p.
270 3147 449 3239 Pressburg‚
462 3163 612 3240 gedruckt
624 3161 674 3220 bei
683 3163 779 3218 Franz
787 3160 867 3236 Aug.
876 3160 1000 3228 Patzko,

173 3273 250 3348 priv.
266 3269 491 3327 Buchdrucker.

257 3434 1000 3527 HauerGregoriuslSeitenstadien-

172 3563 252 3644 sis),
269 3571 374 3625 natus
386 3562 609 3626 Emstbrunii
625 3563 660 3626 in
676 3561 753 3626 foro
765 3562 934 3626 Austriae
950 3561 1001 3624 in·

172 3683 310 3748 ferioris
337 3684 394 3747 die
417 3690 446 3748 5.
471 3684 574 3747 Febr.
606 3688 701 3766 1755,
730 3686 855 3747 eodem
879 3703 1001 3747 mense

172 3806 256 3869 anni
272 3826 350 3887 1772
366 3807 400 3869 111
413 3805 628 3869 monasterio
638 3804 935 3870 Seitenstadiensi
946 3826 1001 3869 sa·

173 3948 270 3992 crum
290 3927 404 3991 induit
422 3927 582 3990 habiturn
598 3936 635 3990 et
650 3927 708 3990 die
729 3948 776 3991 10.
792 3927 897 3990 Febr.
920 3933 999 4008 1775

172 4059 258 4114 vota
285 4049 402 4113 emisit
425 4050 505 4113 Deo
529 4050 721 4113 sollemnia.
751 4050 939 4113 Absolutis
967 4050 1002 4113 in

173 4171 386 4236 monasterio
400 4170 697 4236 Seitenstadiensi
710 4171 912 4255 theologiae
928 4180 1002 4234 stu·

173 4296 240 4358 diis
268 4295 326 4358 die
355 4299 383 4358 8.
410 4293 490 4359 Oct.
518 4313 597 4374 1777
623 4303 811 4377 neomysta
835 4294 881 4355 ad
903 4313 1001 4357 aram

173 4419 282 4482 stetit.
321 4417 440 4480 Variis
471 4416 552 4480 dein
584 4415 727 4488 officiis,
759 4427 798 4478 ut
828 4415 1002 4498 praefecti

174 4542 403 4621 alumnorum,
420 4540 629 4603 catechetae
646 4549 681 4603 et
697 4537 884 4604 directoris
900 4539 1001 4602 scho-

172 4658 283 4727 larum
304 4662 521 4744 normalium‚
542 4662 783 4744 cooperatoris
804 4661 839 4723 in
856 4662 1003 4724 Asbach

174 4787 314 4848 demum
333 4785 480 4866 parochi
496 4785 532 4848 in
548 4782 761 4847 Wolfsbach
778 4792 833 4846 est
848 4782 1001 4847 functus.

174 4906 347 4972 Sanitatls
366 4907 635 4988 recuperandae
652 4925 760 4969 causa
776 4905 811 4968 in
827 4915 1003 4968 monaste-

172 5030 262 5093 rium
282 5049 383 5092 suum
403 5033 482 5091 1818
504 5028 609 5091 rediit
632 5027 752 5109 ibique
776 5027 833 5089 die
855 5031 885 5091 6.
902 5024 1002 5108 Sept.

179 5157 256 5215 1822
275 5163 433 5216 mortuus
450 5161 514 5215 est.
538 5151 638 5215 Artis
654 5151 811 5215 musicae
831 5149 1003 5232 peritissi-

174 5295 251 5338 mus
275 5277 462 5338 multorum
488 5275 716 5357 musicorum,
740 5274 776 5337 in
798 5273 922 5355 primis
936 5271 1003 5334 Mi-

175 5399 308 5462 chaelis
323 5398 455 5480 Haydn
471 5396 712 5461 familiaritate
728 5407 783 5461 est
799 5416 893 5459 usus.

1167 627 1333 710 Scripsit:

1167 755 1190 812 I.
1206 756 1300 811 Missa
1315 755 1344 810 in
1360 754 1385 809 F
1402 750 1448 808 f1'1r
1463 767 1483 825 4
1500 750 1646 809 Stimmen
1662 751 1716 806 mit
1731 749 1912 825 Begleitung

1080 861 1134 918 der
1150 860 1247 934 Orgel
1268 858 1328 915 und
1348 858 1402 915 des
1423 854 1655 914 Contrabasses.
1672 852 1702 934 (i.
1723 873 1750 912 e.
1771 856 1865 912 Missa
1882 856 1911 910 in

1080 965 1104 1021 F
1129 983 1186 1041 pro
1209 978 1229 1035 4
1253 960 1381 1019 vocibus
1405 980 1471 1018 curn
1496 978 1611 1034 organo
1636 972 1667 1016 et
1691 955 1911 1038 contrabasso)

1082 1070 1229 1145 Compon.
1261 1080 1351 1141 1791.
1382 1066 1579 1141 Manuscript.
1607 1066 1636 1120 in
1663 1063 1776 1120 archiv.
1805 1064 1911 1120 music.

1081 1171 1265 1231 Seitenstad.
1282 1171 1402 1228 adserv.

1168 1279 1206 1335 ΙΙ.
1223 1278 1287 1335 Der
1302 1276 1421 1333 Binder.
1438 1275 1597 1351 Operette.
1614 1269 1644 1351 (i.
1658 1290 1685 1330 e.
1699 1272 1814 1330 Vietor.
1832 1271 1912 1328 Dra·

1082 1402 1130 1441 ma
1146 1382 1284 1439 melicum
1298 1377 1443 1458 brevius.)
1466 1379 1601 1435 Manusc.
1624 1380 1654 1434 iu
1675 1377 1787 1435 archiv.
1805 1377 1912 1434 music.

1083 1486 1265 1546 Seitenstad.
1282 1486 1401 1543 adserv.

1167 1615 1384 1690 Hausherr
1417 1626 1621 1689 Basilius
1654 1622 1910 1706 (Murensis),

1081 1754 1186 1809 natus
1209 1756 1265 1808 est
1287 1744 1323 1807 in
1343 1743 1454 1808 Cham
1478 1745 1513 1807 in
1533 1743 1705 1827 Tugiensi
1720 1741 1912 1806 Helvetiae

1082 1877 1185 1949 parte
1203 1868 1260 1930 die
1276 1890 1311 1946 4.
1323 1866 1410 1930 Maii
1430 1871 1520 1951 1755,
1537 1865 1795 1949 professionem
1811 1874 1913 1929 voto-

1081 1990 1292 2054 rum'emisit
1307 1989 1365 2052 die
1382 2011 1410 2052 2.
1427 1990 1490 2053 Iul.
1513 1993 1592 2069 1775
1615 1998 1651 2052 et
1672 1986 1912 2051 sacerdotium

1082 2113 1183 2176 inivit
1198 2112 1256 2176 die
1277 2118 1325 2177 15.
1341 2112 1427 2175 Maii
1449 2132 1539 2191 1779.
1563 2110 1649 2174 Erat
1670 2112 1836 2193 decanus,
1859 2129 1914 2173 se-

1082 2235 1159 2300 nior
1172 2243 1208 2299 et
1219 2234 1398 2299 iubilatus.
1416 2232 1516 2298 Obiit
1527 2234 1563 2297 in
1573 2234 1685 2297 Muris
1697 2233 1755 2296 die
1773 2238 1820 2298 18.
1832 2231 1912 2298 Oct.

1087 2362 1178 2437 1857.
1205 2355 1372 2439 Scripsit:

1168 2485 1190 2542 I.
1207 2481 1314 2540 Leben
1329 2482 1382 2539 des
1398 2448 1445 2539 hl.¹
1456 2480 1608 2538 Benedict.
1626 2477 1656 2559 (i.
1673 2500 1700 2539 e.
1716 2479 1749 2538 S.
1767 2482 1799 2538 P.
1816 2482 1912 2539 Bene·

1081 2589 1152 2646 dicti
1168 2585 1251 2666 vita.)
1267 2589 1324 2645 Ms.
1342 2589 1370 2643 in
1386 2584 1458 2643 bibl.
1475 2585 1680 2642 Muto-Gries.
1697 2585 1773 2643 Cod.
1791 2601 1820 2643 2.
1842 2600 1911 2643 112.

1168 2694 1206 2749 11.
1222 2693 1331 2750 Varios
1348 2709 1512 2748 sermones.
1530 2688 1605 2747 Ibid.
1628 2706 1652 2747 1.
1673 2688 1722 2764 78.

1166 2821 1408 2895 Hauswirth
1445 2832 1677 2896 Ernest'us
1713 2830 1913 2896 Gabriel

1082 2948 1334 3034 (Scotensis),
1347 2949 1614 3013 Rausenbruck
1627 2949 1663 3011 in
1675 2950 1837 3015 Moravia
1853 2952 1911 3015 die

1081 3076 1131 3136 25.
1149 3070 1249 3155 Sept.
1272 3076 1350 3134 1818
1367 3080 1482 3153 natus
1505 3091 1584 3135 cum
1599 3073 1778 3155 gymnasii
1794 3075 1913 3139 studia

1080 3195 1177 3276 apud
1201 3173 1647 3257 Benedictino-Scotenses
1667 3175 1829 3258 Viennae
1853 3215 1912 3259 co·

1079 3316 1220 3398 luisset,
1252 3315 1425 3379 absolutis
1462 3315 1718 3397 philosophicis
1748 3317 1784 3379 in
1814 3316 1910 3381 univ.

1079 3438 1233 3502 Vindob.
1258 3438 1468 3521 disciplinis,
1494 3438 1746 3501 monasterium
1774 3440 1911 3522 ingres·

1080 3580 1140 3624 sus
1157 3572 1212 3624 est
1233 3560 1290 3623 die
1312 3581 1358 3638 14.
1377 3558 1477 3642 Sept.
1498 3564 1578 3622 1838
1600 3560 1803 3643 ibidemque
1823 3562 1907 3625 tiro·

1081 3683 1161 3747 cinii
1189 3692 1349 3765 tempore
1376 3683 1500 3764 elapso
1527 3691 1613 3745 vota
1640 3683 1825 3747 sollemnia
1852 3683 1911 3746 die

1080 3810 1111 3868 5.
1124 3802 1203 3868 Oct.
1221 3808 1297 3883 1841
1314 3803 1439 3867 emisit.
1456 3803 1609 3866 Emenso
1623 3804 1751 3867 deinde
1768 3805 1803 3868 in
1814 3805 1911 3869 univ.

1080 3926 1234 3990 Vindob.
1251 3946 1277 3989 5.
1294 3927 1497 4009 theologiae
1514 3946 1629 4007 cursu,
1652 3928 1911 4011 celebratisque

1081 4048 1138 4111 die
1155 4052 1184 4111 6.
1201 4049 1295 4131 Aug.
1317 4053 1397 4127 1843
1415 4049 1578 4131 primitiis
1595 4069 1634 4131 s.‚
1656 4050 1805 4113 alumnis
1827 4051 1911 4114 edu·

1082 4170 1205 4235 candis
1236 4181 1291 4234 est
1323 4171 1536 4253 praefectus.
1569 4170 1695 4236 Studio
1723 4174 1911 4238 intereas,

1080 4293 1284 4376 theologiae
1300 4303 1400 4357 tanto
1418 4314 1496 4357 cum
1512 4293 1653 4357 fervore
1671 4294 1910 4377 incumbebat,

1081 4425 1129 4498 ut,
1151 4416 1221 4479 iam
1239 4417 1477 4480 doctorandus
1498 4436 1563 4498 pro
1585 4437 1677 4480 anno
1699 4418 1911 4482 scholastico

1085 4542 1223 4621 1845745
1251 4539 1433 4620 professor
1458 4540 1629 4621 supplens
1657 4539 1826 4602 historiae
1855 4560 1910 4603 ec·

1082 4661 1304 4725 clesiasticae
1332 4661 1367 4723 in
1394 4661 1488 4725 univ.
1512 4661 1666 4726 Vindob.
1691 4662 1912 4746 designatus,

1082 4803 1175 4846 anno
1196 4788 1274 4862 1847
1297 4783 1453 4847 doctoris
1477 4803 1503 4846 s.
1529 4784 1732 4866 theologiae
1754 4786 1911 4848 lauream

1082 4905 1284 4984 obtinuerit,
1301 4925 1456 4986 moxque
1469 4926 1562 4969 anno
1579 4910 1657 4968 1852
1672 4908 1828 4969 decanus
1841 4902 1912 4970 col-

1081 5027 1168 5110 legii
1191 5028 1375 5090 doctorum
1398 5026 1520 5092 facult.
1546 5029 1701 5110 theolog.
1727 5028 1763 5092 in
1787 5029 1912 5092 eadem

1082 5149 1176 5212 univ.
1193 5148 1239 5211 sit
1255 5148 1400 5211 electus.
1424 5149 1565 5212 Interea
1586 5150 1717 5212 ibidem
1739 5170 1803 5232 pro
1819 5170 1911 5214 anno

1082 5272 1248 5335 scholast.
1271 5275 1386 5357 184778
1403 5281 1440 5334 et
1456 5272 1572 5351 ¹848l9
1584 5272 1823 5354 professorem
1836 5272 1912 5356 egit

1082 5394 1307 5476 supplentem
1328 5394 1510 5457 doctrinae
1527 5395 1679 5459 moralis,
1703 5396 1810 5458 Anno
1831 5385 1910 5474 1848
