<?xml version="1.0" encoding="UTF-8"?>
<!DOCTYPE html PUBLIC "-//W3C//DTD XHTML 1.0 Transitional//EN"
    "http://www.w3.org/TR/xhtml1/DTD/xhtml1-transitional.dtd">
<html xmlns="http://www.w3.org/1999/xhtml" xml:lang="en" lang="en">
 <head>
  <title>
</title>
<meta http-equiv="Content-Type" content="text/html;charset=utf-8" />
  <meta name='ocr-system' content='tesseract 3.04.00' />
  <meta name='ocr-capabilities' content='ocr_page ocr_carea ocr_par ocr_line ocrx_word'/>
</head>
<body>
  <div class='ocr_page' id='page_1' title='image "./scriptoresordin00austgoog_0076.png"; bbox 0 0 4178 6196; ppageno 0'>
   <div class='ocr_carea' id='block_1_1' title="bbox 892 455 1206 518">
    <p class='ocr_par' dir='ltr' id='par_1_1' title="bbox 892 455 1206 518">
     <span class='ocr_line' id='line_1_1' title="bbox 892 455 1206 518; baseline 0.003 -1"><span class='ocrx_word' id='word_1_1' title='bbox 892 492 936 502; x_wconf 86' lang='lat'>-</span> <span class='ocrx_word' id='word_1_2' title='bbox 980 455 1120 518; x_wconf 89' lang='lat' dir='ltr'>LXVII</span> <span class='ocrx_word' id='word_1_3' title='bbox 1164 492 1206 500; x_wconf 88' lang='lat'>—</span> 
     </span>
    </p>
   </div>
   <div class='ocr_carea' id='block_1_2' title="bbox 170 682 1917 3690">
    <p class='ocr_par' dir='ltr' id='par_1_2' title="bbox 170 682 1915 2298">
     <span class='ocr_line' id='line_1_2' title="bbox 303 682 1915 764; baseline -0.001 -19"><span class='ocrx_word' id='word_1_4' title='bbox 303 683 464 745; x_wconf 87' lang='lat' dir='ltr'>Eandem</span> <span class='ocrx_word' id='word_1_5' title='bbox 498 682 675 745; x_wconf 88' lang='lat' dir='ltr'>fortunam</span> <span class='ocrx_word' id='word_1_6' title='bbox 710 701 779 745; x_wconf 94' lang='lat' dir='ltr'>non</span> <span class='ocrx_word' id='word_1_7' title='bbox 814 682 992 762; x_wconf 90' lang='lat' dir='ltr'>meritam,</span> <span class='ocrx_word' id='word_1_8' title='bbox 1028 683 1091 744; x_wconf 90' lang='lat' dir='ltr'>sed</span> <span class='ocrx_word' id='word_1_9' title='bbox 1124 682 1345 764; x_wconf 76' lang='lat' dir='ltr'>temporibus</span> <span class='ocrx_word' id='word_1_10' title='bbox 1376 682 1566 744; x_wconf 83' lang='lat' dir='ltr'>adductam</span> <span class='ocrx_word' id='word_1_11' title='bbox 1603 691 1709 743; x_wconf 90' lang='lat' dir='ltr'>nacta</span> <span class='ocrx_word' id='word_1_12' title='bbox 1745 690 1799 742; x_wconf 91' lang='lat' dir='ltr'>est</span> <span class='ocrx_word' id='word_1_13' title='bbox 1834 701 1915 744; x_wconf 89' lang='lat' dir='ltr'>aca-</span> 
     </span>
     <span class='ocr_line' id='line_1_3' title="bbox 170 819 1914 904; baseline -0.002 -19"><span class='ocrx_word' id='word_1_14' title='bbox 170 822 289 886; x_wconf 92' lang='lat' dir='ltr'>demia</span> <span class='ocrx_word' id='word_1_15' title='bbox 311 821 598 904; x_wconf 89' lang='lat' dir='ltr'>Cremifanensis,</span> <span class='ocrx_word' id='word_1_16' title='bbox 623 842 725 903; x_wconf 92' lang='lat' dir='ltr'>quae,</span> <span class='ocrx_word' id='word_1_17' title='bbox 750 841 963 903; x_wconf 89' lang='lat' dir='ltr'>quamquam</span> <span class='ocrx_word' id='word_1_18' title='bbox 994 841 1015 882; x_wconf 91' lang='lat' dir='ltr'>a</span> <span class='ocrx_word' id='word_1_19' title='bbox 1042 821 1158 883; x_wconf 91' lang='lat' dir='ltr'>medio</span> <span class='ocrx_word' id='word_1_20' title='bbox 1187 822 1331 884; x_wconf 91' lang='lat' dir='ltr'>saeculo</span> <span class='ocrx_word' id='word_1_21' title='bbox 1358 820 1495 882; x_wconf 86' lang='lat' dir='ltr'>XVIII.</span> <span class='ocrx_word' id='word_1_22' title='bbox 1524 819 1559 881; x_wconf 92' lang='lat' dir='ltr'>in</span> <span class='ocrx_word' id='word_1_23' title='bbox 1588 820 1691 882; x_wconf 90' lang='lat' dir='ltr'>terris</span> <span class='ocrx_word' id='word_1_24' title='bbox 1712 820 1914 882; x_wconf 91' lang='lat' dir='ltr'>Austriacis</span> 
     </span>
     <span class='ocr_line' id='line_1_4' title="bbox 170 958 1914 1044; baseline -0.002 -20"><span class='ocrx_word' id='word_1_25' title='bbox 170 972 336 1044; x_wconf 89' lang='lat' dir='ltr'>tempora</span> <span class='ocrx_word' id='word_1_26' title='bbox 359 961 564 1025; x_wconf 89' lang='lat' dir='ltr'>monasticis</span> <span class='ocrx_word' id='word_1_27' title='bbox 592 961 765 1024; x_wconf 91' lang='lat' dir='ltr'>institutis</span> <span class='ocrx_word' id='word_1_28' title='bbox 799 972 900 1024; x_wconf 80' lang='lat' dir='ltr'>erant</span> <span class='ocrx_word' id='word_1_29' title='bbox 931 961 1067 1042; x_wconf 91' lang='lat' dir='ltr'>iniqua,</span> <span class='ocrx_word' id='word_1_30' title='bbox 1102 961 1227 1022; x_wconf 88' lang='lat' dir='ltr'>mirum</span> <span class='ocrx_word' id='word_1_31' title='bbox 1260 969 1430 1042; x_wconf 90' lang='lat' dir='ltr'>quantum</span> <span class='ocrx_word' id='word_1_32' title='bbox 1461 958 1666 1021; x_wconf 89' lang='lat' dir='ltr'>effloruerat</span> <span class='ocrx_word' id='word_1_33' title='bbox 1682 960 1714 1038; x_wconf 86' lang='lat'>¹).</span> <span class='ocrx_word' id='word_1_34' title='bbox 1762 958 1914 1021; x_wconf 87' lang='lat' dir='ltr'>Praeter</span> 
     </span>
     <span class='ocr_line' id='line_1_5' title="bbox 170 1098 1913 1184; baseline -0.003 -20"><span class='ocrx_word' id='word_1_35' title='bbox 170 1103 504 1164; x_wconf 89' lang='lat' dir='ltr'>mathematicorum</span> <span class='ocrx_word' id='word_1_36' title='bbox 528 1113 637 1183; x_wconf 92' lang='lat' dir='ltr'>atque</span> <span class='ocrx_word' id='word_1_37' title='bbox 659 1120 775 1164; x_wconf 91' lang='lat' dir='ltr'>rerum</span> <span class='ocrx_word' id='word_1_38' title='bbox 800 1102 1028 1184; x_wconf 91' lang='lat' dir='ltr'>physicarum</span> <span class='ocrx_word' id='word_1_39' title='bbox 1057 1100 1175 1163; x_wconf 89' lang='lat' dir='ltr'>studia</span> <span class='ocrx_word' id='word_1_40' title='bbox 1203 1100 1429 1181; x_wconf 84' lang='lat' dir='ltr'>philosophia</span> <span class='ocrx_word' id='word_1_41' title='bbox 1459 1099 1612 1162; x_wconf 84' lang='lat' dir='ltr'>maxime</span> <span class='ocrx_word' id='word_1_42' title='bbox 1643 1100 1844 1179; x_wconf 83' lang='lat' dir='ltr'>colebatur,</span> <span class='ocrx_word' id='word_1_43' title='bbox 1878 1098 1913 1160; x_wconf 92' lang='lat' dir='ltr'>in</span> 
     </span>
     <span class='ocr_line' id='line_1_6' title="bbox 172 1227 1913 1325; baseline -0.002 -20"><span class='ocrx_word' id='word_1_44' title='bbox 172 1264 244 1325; x_wconf 90' lang='lat' dir='ltr'>qua</span> <span class='ocrx_word' id='word_1_45' title='bbox 264 1241 431 1304; x_wconf 90' lang='lat' dir='ltr'>Leibnitii</span> <span class='ocrx_word' id='word_1_46' title='bbox 455 1227 629 1305; x_wconf 83' lang='lat' dir='ltr'>e&#39;tW01fii</span> <span class='ocrx_word' id='word_1_47' title='bbox 653 1240 846 1304; x_wconf 90' lang='lat' dir='ltr'>auctoritas</span> <span class='ocrx_word' id='word_1_48' title='bbox 870 1241 1028 1323; x_wconf 89' lang='lat' dir='ltr'>vigebat.</span> <span class='ocrx_word' id='word_1_49' title='bbox 1068 1239 1230 1304; x_wconf 88' lang='lat' dir='ltr'>Sermoni</span> <span class='ocrx_word' id='word_1_50' title='bbox 1254 1239 1381 1321; x_wconf 89' lang='lat' dir='ltr'>patrio,</span> <span class='ocrx_word' id='word_1_51' title='bbox 1405 1239 1504 1301; x_wconf 93' lang='lat' dir='ltr'>cuius</span> <span class='ocrx_word' id='word_1_52' title='bbox 1527 1249 1602 1301; x_wconf 89' lang='lat' dir='ltr'>turn</span> <span class='ocrx_word' id='word_1_53' title='bbox 1625 1258 1797 1301; x_wconf 89' lang='lat' dir='ltr'>summum</span> <span class='ocrx_word' id='word_1_54' title='bbox 1815 1248 1913 1301; x_wconf 88' lang='lat' dir='ltr'>esset</span> 
     </span>
     <span class='ocr_line' id='line_1_7' title="bbox 171 1376 1912 1463; baseline -0.003 -19"><span class='ocrx_word' id='word_1_55' title='bbox 171 1382 367 1462; x_wconf 86' lang='lat' dir='ltr'>fastidium,</span> <span class='ocrx_word' id='word_1_56' title='bbox 395 1380 618 1463; x_wconf 84' lang='lat' dir='ltr'>professores</span> <span class='ocrx_word' id='word_1_57' title='bbox 646 1379 772 1443; x_wconf 90' lang='lat' dir='ltr'>merito</span> <span class='ocrx_word' id='word_1_58' title='bbox 800 1389 935 1442; x_wconf 91' lang='lat' dir='ltr'>tantam</span> <span class='ocrx_word' id='word_1_59' title='bbox 963 1380 1219 1461; x_wconf 84' lang='lat' dir='ltr'>impendebant</span> <span class='ocrx_word' id='word_1_60' title='bbox 1247 1399 1376 1458; x_wconf 89' lang='lat' dir='ltr'>curam,</span> <span class='ocrx_word' id='word_1_61' title='bbox 1405 1389 1444 1441; x_wconf 90' lang='lat' dir='ltr'>ut</span> <span class='ocrx_word' id='word_1_62' title='bbox 1474 1378 1587 1440; x_wconf 90' lang='lat' dir='ltr'>altera</span> <span class='ocrx_word' id='word_1_63' title='bbox 1613 1378 1746 1441; x_wconf 89' lang='lat' dir='ltr'>saeculi</span> <span class='ocrx_word' id='word_1_64' title='bbox 1774 1376 1912 1440; x_wconf 88' lang='lat' dir='ltr'>XVIII.</span> 
     </span>
     <span class='ocr_line' id='line_1_8' title="bbox 174 1514 1914 1600; baseline -0.004 -16"><span class='ocrx_word' id='word_1_65' title='bbox 174 1520 321 1584; x_wconf 92' lang='lat' dir='ltr'>dimidia</span> <span class='ocrx_word' id='word_1_66' title='bbox 357 1530 459 1600; x_wconf 90' lang='lat' dir='ltr'>parte</span> <span class='ocrx_word' id='word_1_67' title='bbox 492 1519 636 1582; x_wconf 92' lang='lat' dir='ltr'>ineunte</span> <span class='ocrx_word' id='word_1_68' title='bbox 670 1517 862 1581; x_wconf 89' lang='lat' dir='ltr'>Cremifani</span> <span class='ocrx_word' id='word_1_69' title='bbox 896 1538 962 1599; x_wconf 92' lang='lat' dir='ltr'>per</span> <span class='ocrx_word' id='word_1_70' title='bbox 992 1518 1181 1581; x_wconf 87' lang='lat' dir='ltr'>Matthiam</span> <span class='ocrx_word' id='word_1_71' title='bbox 1212 1518 1335 1600; x_wconf 89' lang='lat' dir='ltr'>Pregg</span> <span class='ocrx_word' id='word_1_72' title='bbox 1368 1517 1512 1579; x_wconf 89' lang='lat' dir='ltr'>fabulae</span> <span class='ocrx_word' id='word_1_73' title='bbox 1547 1514 1761 1581; x_wconf 82' lang='lat' dir='ltr'>GermanIca</span> <span class='ocrx_word' id='word_1_74' title='bbox 1792 1517 1914 1599; x_wconf 90' lang='lat' dir='ltr'>lingua</span> 
     </span>
     <span class='ocr_line' id='line_1_9' title="bbox 171 1655 1913 1739; baseline -0.003 -17"><span class='ocrx_word' id='word_1_75' title='bbox 171 1658 399 1739; x_wconf 88' lang='lat' dir='ltr'>conscriptae</span> <span class='ocrx_word' id='word_1_76' title='bbox 424 1658 627 1738; x_wconf 82' lang='lat' dir='ltr'>ederentur,</span> <span class='ocrx_word' id='word_1_77' title='bbox 661 1658 756 1738; x_wconf 89' lang='lat' dir='ltr'>quod</span> <span class='ocrx_word' id='word_1_78' title='bbox 788 1657 884 1738; x_wconf 91' lang='lat' dir='ltr'>apud</span> <span class='ocrx_word' id='word_1_79' title='bbox 916 1657 1110 1720; x_wconf 91' lang='lat' dir='ltr'>catholicos</span> <span class='ocrx_word' id='word_1_80' title='bbox 1143 1665 1217 1718; x_wconf 90' lang='lat' dir='ltr'>turn</span> <span class='ocrx_word' id='word_1_81' title='bbox 1249 1666 1326 1719; x_wconf 90' lang='lat' dir='ltr'>erat</span> <span class='ocrx_word' id='word_1_82' title='bbox 1356 1655 1583 1719; x_wconf 89' lang='lat' dir='ltr'>rarissimum.</span> <span class='ocrx_word' id='word_1_83' title='bbox 1629 1656 1757 1718; x_wconf 90' lang='lat' dir='ltr'>Abbas</span> <span class='ocrx_word' id='word_1_84' title='bbox 1780 1655 1913 1717; x_wconf 88' lang='lat' dir='ltr'>Ehren-</span> 
     </span>
     <span class='ocr_line' id='line_1_10' title="bbox 171 1793 1914 1879; baseline -0.003 -18"><span class='ocrx_word' id='word_1_85' title='bbox 171 1800 297 1861; x_wconf 89' lang='lat' dir='ltr'>bertus</span> <span class='ocrx_word' id='word_1_86' title='bbox 322 1799 571 1879; x_wconf 82' lang='lat'>(1771—1800),</span> <span class='ocrx_word' id='word_1_87' title='bbox 595 1797 649 1860; x_wconf 90' lang='lat' dir='ltr'>vir</span> <span class='ocrx_word' id='word_1_88' title='bbox 672 1797 833 1879; x_wconf 86' lang='lat' dir='ltr'>eximius,</span> <span class='ocrx_word' id='word_1_89' title='bbox 858 1798 947 1860; x_wconf 91' lang='lat' dir='ltr'>duas</span> <span class='ocrx_word' id='word_1_90' title='bbox 971 1816 1083 1859; x_wconf 91' lang='lat' dir='ltr'>novas</span> <span class='ocrx_word' id='word_1_91' title='bbox 1107 1796 1238 1859; x_wconf 91' lang='lat' dir='ltr'>adiecit</span> <span class='ocrx_word' id='word_1_92' title='bbox 1262 1795 1483 1878; x_wconf 79' lang='lat' dir='ltr'>disciplinaS,</span> <span class='ocrx_word' id='word_1_93' title='bbox 1508 1815 1614 1857; x_wconf 90' lang='lat' dir='ltr'>unam</span> <span class='ocrx_word' id='word_1_94' title='bbox 1638 1796 1682 1857; x_wconf 91' lang='lat' dir='ltr'>de</span> <span class='ocrx_word' id='word_1_95' title='bbox 1707 1793 1914 1876; x_wconf 84' lang='lat' dir='ltr'>eloquentia</span> 
     </span>
     <span class='ocr_line' id='line_1_11' title="bbox 171 1933 1914 2018; baseline -0.002 -18"><span class='ocrx_word' id='word_1_96' title='bbox 171 1958 288 2018; x_wconf 91' lang='lat' dir='ltr'>sacra,</span> <span class='ocrx_word' id='word_1_97' title='bbox 312 1939 460 2000; x_wconf 90' lang='lat' dir='ltr'>alteram</span> <span class='ocrx_word' id='word_1_98' title='bbox 484 1938 529 2000; x_wconf 88' lang='lat' dir='ltr'>de</span> <span class='ocrx_word' id='word_1_99' title='bbox 552 1937 743 2000; x_wconf 88' lang='lat' dir='ltr'>securitate</span> <span class='ocrx_word' id='word_1_100' title='bbox 767 1936 912 2018; x_wconf 90' lang='lat' dir='ltr'>publica</span> <span class='ocrx_word' id='word_1_101' title='bbox 935 1938 1085 2000; x_wconf 91' lang='lat' dir='ltr'>tutanda</span> <span class='ocrx_word' id='word_1_102' title='bbox 1109 1946 1145 1999; x_wconf 91' lang='lat' dir='ltr'>et</span> <span class='ocrx_word' id='word_1_103' title='bbox 1169 1937 1213 1998; x_wconf 92' lang='lat' dir='ltr'>de</span> <span class='ocrx_word' id='word_1_104' title='bbox 1237 1935 1383 1997; x_wconf 89' lang='lat' dir='ltr'>civitate</span> <span class='ocrx_word' id='word_1_105' title='bbox 1407 1934 1666 1997; x_wconf 89' lang='lat' dir='ltr'>constituenda.</span> <span class='ocrx_word' id='word_1_106' title='bbox 1698 1935 1766 1997; x_wconf 91' lang='lat' dir='ltr'>Die</span> <span class='ocrx_word' id='word_1_107' title='bbox 1784 1939 1813 1998; x_wconf 82' lang='lat'>5.</span> <span class='ocrx_word' id='word_1_108' title='bbox 1832 1933 1914 1998; x_wconf 90' lang='lat' dir='ltr'>Oct.</span> 
     </span>
     <span class='ocr_line' id='line_1_12' title="bbox 178 2073 1914 2158; baseline -0.003 -18"><span class='ocrx_word' id='word_1_109' title='bbox 178 2083 258 2156; x_wconf 78' lang='lat'>1783</span> <span class='ocrx_word' id='word_1_110' title='bbox 284 2077 482 2158; x_wconf 81' lang='lat' dir='ltr'>academia,</span> <span class='ocrx_word' id='word_1_111' title='bbox 513 2097 604 2157; x_wconf 89' lang='lat' dir='ltr'>quae</span> <span class='ocrx_word' id='word_1_112' title='bbox 628 2088 667 2141; x_wconf 93' lang='lat' dir='ltr'>ut</span> <span class='ocrx_word' id='word_1_113' title='bbox 690 2087 810 2141; x_wconf 90' lang='lat' dir='ltr'>cetera</span> <span class='ocrx_word' id='word_1_114' title='bbox 838 2076 1002 2140; x_wconf 90' lang='lat' dir='ltr'>instituta</span> <span class='ocrx_word' id='word_1_115' title='bbox 1029 2076 1242 2156; x_wconf 90' lang='lat' dir='ltr'>monastica,</span> <span class='ocrx_word' id='word_1_116' title='bbox 1276 2076 1366 2137; x_wconf 88' lang='lat' dir='ltr'>male</span> <span class='ocrx_word' id='word_1_117' title='bbox 1398 2093 1596 2157; x_wconf 87' lang='lat' dir='ltr'>congruere</span> <span class='ocrx_word' id='word_1_118' title='bbox 1625 2073 1805 2136; x_wconf 90' lang='lat' dir='ltr'>videretur</span> <span class='ocrx_word' id='word_1_119' title='bbox 1835 2092 1914 2134; x_wconf 91' lang='lat' dir='ltr'>cum</span> 
     </span>
     <span class='ocr_line' id='line_1_13' title="bbox 173 2216 1028 2298; baseline -0.001 -18"><span class='ocrx_word' id='word_1_120' title='bbox 173 2216 312 2280; x_wconf 88' lang='lat' dir='ltr'>saeculi</span> <span class='ocrx_word' id='word_1_121' title='bbox 335 2216 563 2279; x_wconf 89' lang='lat' dir='ltr'>eruditissimi</span> <span class='ocrx_word' id='word_1_122' title='bbox 586 2217 734 2298; x_wconf 90' lang='lat' dir='ltr'>ratione,</span> <span class='ocrx_word' id='word_1_123' title='bbox 758 2217 900 2279; x_wconf 91' lang='lat' dir='ltr'>sublata</span> <span class='ocrx_word' id='word_1_124' title='bbox 925 2226 980 2279; x_wconf 92' lang='lat' dir='ltr'>est</span> <span class='ocrx_word' id='word_1_125' title='bbox 995 2219 1028 2297; x_wconf 84' lang='lat'>²).</span> 
     </span>
    </p>

    <p class='ocr_par' dir='ltr' id='par_1_3' title="bbox 173 2352 1916 2837">
     <span class='ocr_line' id='line_1_14' title="bbox 306 2352 1916 2438; baseline -0.004 -20"><span class='ocrx_word' id='word_1_126' title='bbox 306 2356 421 2418; x_wconf 90' lang='lat' dir='ltr'>Multa</span> <span class='ocrx_word' id='word_1_127' title='bbox 445 2355 587 2438; x_wconf 89' lang='lat' dir='ltr'>quidem</span> <span class='ocrx_word' id='word_1_128' title='bbox 612 2376 677 2437; x_wconf 91' lang='lat' dir='ltr'>per</span> <span class='ocrx_word' id='word_1_129' title='bbox 699 2355 849 2418; x_wconf 90' lang='lat' dir='ltr'>Mariam</span> <span class='ocrx_word' id='word_1_130' title='bbox 873 2356 1082 2418; x_wconf 90' lang='lat' dir='ltr'>Theresiam</span> <span class='ocrx_word' id='word_1_131' title='bbox 1106 2355 1252 2435; x_wconf 90' lang='lat' dir='ltr'>eiusque</span> <span class='ocrx_word' id='word_1_132' title='bbox 1275 2352 1385 2416; x_wconf 88' lang='lat' dir='ltr'>filiurn</span> <span class='ocrx_word' id='word_1_133' title='bbox 1408 2354 1599 2436; x_wconf 90' lang='lat' dir='ltr'>Iosephum</span> <span class='ocrx_word' id='word_1_134' title='bbox 1616 2353 1660 2416; x_wconf 90' lang='lat' dir='ltr'>II.</span> <span class='ocrx_word' id='word_1_135' title='bbox 1685 2359 1817 2414; x_wconf 90' lang='lat' dir='ltr'>novata</span> <span class='ocrx_word' id='word_1_136' title='bbox 1834 2361 1916 2412; x_wconf 88' lang='lat' dir='ltr'>sunt</span> 
     </span>
     <span class='ocr_line' id='line_1_15' title="bbox 174 2491 1915 2577; baseline -0.005 -18"><span class='ocrx_word' id='word_1_137' title='bbox 174 2496 211 2559; x_wconf 90' lang='lat' dir='ltr'>in</span> <span class='ocrx_word' id='word_1_138' title='bbox 236 2495 410 2558; x_wconf 92' lang='lat' dir='ltr'>institutis</span> <span class='ocrx_word' id='word_1_139' title='bbox 433 2495 655 2577; x_wconf 88' lang='lat' dir='ltr'>theologicis,</span> <span class='ocrx_word' id='word_1_140' title='bbox 681 2496 782 2577; x_wconf 91' lang='lat' dir='ltr'>plura</span> <span class='ocrx_word' id='word_1_141' title='bbox 799 2515 885 2558; x_wconf 89' lang='lat' dir='ltr'>vero</span> <span class='ocrx_word' id='word_1_142' title='bbox 910 2505 1127 2557; x_wconf 90' lang='lat' dir='ltr'>commutata</span> <span class='ocrx_word' id='word_1_143' title='bbox 1151 2504 1187 2557; x_wconf 93' lang='lat' dir='ltr'>et</span> <span class='ocrx_word' id='word_1_144' title='bbox 1204 2493 1397 2557; x_wconf 89' lang='lat' dir='ltr'>constituta</span> <span class='ocrx_word' id='word_1_145' title='bbox 1421 2505 1503 2557; x_wconf 90' lang='lat' dir='ltr'>sunt</span> <span class='ocrx_word' id='word_1_146' title='bbox 1526 2493 1561 2555; x_wconf 92' lang='lat' dir='ltr'>in</span> <span class='ocrx_word' id='word_1_147' title='bbox 1585 2491 1783 2575; x_wconf 87' lang='lat' dir='ltr'>gymnasiis</span> <span class='ocrx_word' id='word_1_148' title='bbox 1807 2501 1915 2571; x_wconf 89' lang='lat' dir='ltr'>atque</span> 
     </span>
     <span class='ocr_line' id='line_1_16' title="bbox 173 2629 1915 2715; baseline -0.003 -18"><span class='ocrx_word' id='word_1_149' title='bbox 173 2634 471 2697; x_wconf 85' lang='lat' dir='ltr'>monasteriorum</span> <span class='ocrx_word' id='word_1_150' title='bbox 510 2634 639 2696; x_wconf 88' lang='lat' dir='ltr'>scholis</span> <span class='ocrx_word' id='word_1_151' title='bbox 647 2683 656 2715; x_wconf 92' lang='lat'>,</span> <span class='ocrx_word' id='word_1_152' title='bbox 696 2633 824 2714; x_wconf 89' lang='lat' dir='ltr'>quibus</span> <span class='ocrx_word' id='word_1_153' title='bbox 865 2633 1091 2697; x_wconf 90' lang='lat' dir='ltr'>Benedictini</span> <span class='ocrx_word' id='word_1_154' title='bbox 1132 2636 1178 2695; x_wconf 89' lang='lat' dir='ltr'>ab</span> <span class='ocrx_word' id='word_1_155' title='bbox 1217 2632 1472 2713; x_wconf 90' lang='lat' dir='ltr'>antiquissimis</span> <span class='ocrx_word' id='word_1_156' title='bbox 1512 2629 1730 2713; x_wconf 87' lang='lat' dir='ltr'>temporibus</span> <span class='ocrx_word' id='word_1_157' title='bbox 1770 2648 1915 2711; x_wconf 90' lang='lat' dir='ltr'>operam</span> 
     </span>
     <span class='ocr_line' id='line_1_17' title="bbox 174 2775 362 2837; baseline -0.005 -1"><span class='ocrx_word' id='word_1_158' title='bbox 174 2775 362 2837; x_wconf 87' lang='lat' dir='ltr'>dederant.</span> 
     </span>
    </p>

    <p class='ocr_par' dir='ltr' id='par_1_4' title="bbox 172 2908 1917 3690">
     <span class='ocr_line' id='line_1_18' title="bbox 309 2908 1916 2993; baseline -0.004 -19"><span class='ocrx_word' id='word_1_159' title='bbox 309 2912 368 2974; x_wconf 87' lang='lat' dir='ltr'>Ad</span> <span class='ocrx_word' id='word_1_160' title='bbox 400 2931 462 2974; x_wconf 91' lang='lat' dir='ltr'>eas</span> <span class='ocrx_word' id='word_1_161' title='bbox 491 2912 632 2974; x_wconf 90' lang='lat' dir='ltr'>scholas</span> <span class='ocrx_word' id='word_1_162' title='bbox 642 2961 650 2991; x_wconf 92' lang='lat'>,</span> <span class='ocrx_word' id='word_1_163' title='bbox 685 2931 775 2992; x_wconf 89' lang='lat' dir='ltr'>quae</span> <span class='ocrx_word' id='word_1_164' title='bbox 808 2912 842 2974; x_wconf 90' lang='lat' dir='ltr'>in</span> <span class='ocrx_word' id='word_1_165' title='bbox 875 2912 1034 2993; x_wconf 88' lang='lat' dir='ltr'>plurimis</span> <span class='ocrx_word' id='word_1_166' title='bbox 1065 2912 1289 2974; x_wconf 91' lang='lat' dir='ltr'>monasteriis</span> <span class='ocrx_word' id='word_1_167' title='bbox 1321 2922 1440 2992; x_wconf 90' lang='lat' dir='ltr'>erant,</span> <span class='ocrx_word' id='word_1_168' title='bbox 1477 2910 1619 2973; x_wconf 91' lang='lat' dir='ltr'>saeculo</span> <span class='ocrx_word' id='word_1_169' title='bbox 1651 2908 1788 2971; x_wconf 84' lang='lat' dir='ltr'>XVIII.</span> <span class='ocrx_word' id='word_1_170' title='bbox 1824 2909 1916 2969; x_wconf 89' lang='lat' dir='ltr'>duae</span> 
     </span>
     <span class='ocr_line' id='line_1_19' title="bbox 177 3047 1916 3133; baseline -0.005 -18"><span class='ocrx_word' id='word_1_171' title='bbox 177 3053 316 3115; x_wconf 90' lang='lat' dir='ltr'>classes</span> <span class='ocrx_word' id='word_1_172' title='bbox 341 3051 503 3113; x_wconf 90' lang='lat' dir='ltr'>adiectae</span> <span class='ocrx_word' id='word_1_173' title='bbox 528 3059 638 3113; x_wconf 92' lang='lat' dir='ltr'>erant.</span> <span class='ocrx_word' id='word_1_174' title='bbox 681 3049 835 3113; x_wconf 91' lang='lat' dir='ltr'>Ioannes</span> <span class='ocrx_word' id='word_1_175' title='bbox 857 3051 954 3131; x_wconf 91' lang='lat' dir='ltr'>Mur,</span> <span class='ocrx_word' id='word_1_176' title='bbox 979 3053 1092 3114; x_wconf 90' lang='lat' dir='ltr'>abbas</span> <span class='ocrx_word' id='word_1_177' title='bbox 1116 3050 1442 3133; x_wconf 89' lang='lat' dir='ltr'>Marienbergensis</span> <span class='ocrx_word' id='word_1_178' title='bbox 1468 3048 1716 3131; x_wconf 76' lang='lat'>(1705—1732),</span> <span class='ocrx_word' id='word_1_179' title='bbox 1741 3047 1916 3108; x_wconf 92' lang='lat' dir='ltr'>adductus</span> 
     </span>
     <span class='ocr_line' id='line_1_20' title="bbox 172 3186 1915 3272; baseline -0.005 -17"><span class='ocrx_word' id='word_1_180' title='bbox 172 3192 389 3255; x_wconf 90' lang='lat' dir='ltr'>auctoritate</span> <span class='ocrx_word' id='word_1_181' title='bbox 413 3191 637 3272; x_wconf 88' lang='lat' dir='ltr'>imperatoris</span> <span class='ocrx_word' id='word_1_182' title='bbox 654 3190 768 3253; x_wconf 89' lang='lat' dir='ltr'>Caroli</span> <span class='ocrx_word' id='word_1_183' title='bbox 785 3189 857 3272; x_wconf 81' lang='lat' dir='ltr'>VI,</span> <span class='ocrx_word' id='word_1_184' title='bbox 883 3191 916 3253; x_wconf 93' lang='lat' dir='ltr'>in</span> <span class='ocrx_word' id='word_1_185' title='bbox 942 3212 1012 3272; x_wconf 92' lang='lat' dir='ltr'>quo</span> <span class='ocrx_word' id='word_1_186' title='bbox 1037 3190 1168 3254; x_wconf 87' lang='lat' dir='ltr'>defecit</span> <span class='ocrx_word' id='word_1_187' title='bbox 1184 3190 1519 3272; x_wconf 88' lang='lat' dir='ltr'>Habsburgensiurn</span> <span class='ocrx_word' id='word_1_188' title='bbox 1544 3189 1653 3269; x_wconf 87' lang='lat' dir='ltr'>stirps</span> <span class='ocrx_word' id='word_1_189' title='bbox 1675 3186 1797 3265; x_wconf 90' lang='lat' dir='ltr'>virilis,</span> <span class='ocrx_word' id='word_1_190' title='bbox 1822 3204 1915 3247; x_wconf 93' lang='lat' dir='ltr'>anno</span> 
     </span>
     <span class='ocr_line' id='line_1_21' title="bbox 180 3324 1917 3412; baseline -0.006 -18"><span class='ocrx_word' id='word_1_191' title='bbox 180 3336 261 3410; x_wconf 84' lang='lat'>1725</span> <span class='ocrx_word' id='word_1_192' title='bbox 286 3329 424 3393; x_wconf 91' lang='lat' dir='ltr'>Merani</span> <span class='ocrx_word' id='word_1_193' title='bbox 448 3330 629 3410; x_wconf 92' lang='lat' dir='ltr'>publicum</span> <span class='ocrx_word' id='word_1_194' title='bbox 652 3330 878 3412; x_wconf 89' lang='lat' dir='ltr'>gymnasium</span> <span class='ocrx_word' id='word_1_195' title='bbox 902 3342 1093 3410; x_wconf 88' lang='lat' dir='ltr'>aperuerat</span> <span class='ocrx_word' id='word_1_196' title='bbox 1117 3340 1286 3411; x_wconf 90' lang='lat' dir='ltr'>quattuor</span> <span class='ocrx_word' id='word_1_197' title='bbox 1309 3329 1484 3409; x_wconf 90' lang='lat' dir='ltr'>classium,</span> <span class='ocrx_word' id='word_1_198' title='bbox 1515 3328 1642 3409; x_wconf 93' lang='lat' dir='ltr'>quibus</span> <span class='ocrx_word' id='word_1_199' title='bbox 1666 3324 1809 3387; x_wconf 90' lang='lat' dir='ltr'>biennio</span> <span class='ocrx_word' id='word_1_200' title='bbox 1834 3332 1917 3404; x_wconf 95' lang='lat' dir='ltr'>post</span> 
     </span>
     <span class='ocr_line' id='line_1_22' title="bbox 175 3466 1914 3551; baseline -0.005 -18"><span class='ocrx_word' id='word_1_201' title='bbox 175 3474 269 3533; x_wconf 90' lang='lat' dir='ltr'>duae</span> <span class='ocrx_word' id='word_1_202' title='bbox 294 3473 439 3549; x_wconf 92' lang='lat' dir='ltr'>classes,</span> <span class='ocrx_word' id='word_1_203' title='bbox 462 3469 582 3551; x_wconf 91' lang='lat' dir='ltr'>poesis</span> <span class='ocrx_word' id='word_1_204' title='bbox 606 3479 642 3531; x_wconf 91' lang='lat' dir='ltr'>et</span> <span class='ocrx_word' id='word_1_205' title='bbox 665 3469 842 3531; x_wconf 91' lang='lat' dir='ltr'>rhetorica</span> <span class='ocrx_word' id='word_1_206' title='bbox 866 3468 1010 3531; x_wconf 89' lang='lat' dir='ltr'>additae</span> <span class='ocrx_word' id='word_1_207' title='bbox 1035 3481 1145 3531; x_wconf 90' lang='lat' dir='ltr'>erant.</span> <span class='ocrx_word' id='word_1_208' title='bbox 1178 3468 1266 3531; x_wconf 89' lang='lat' dir='ltr'>Cum</span> <span class='ocrx_word' id='word_1_209' title='bbox 1282 3467 1515 3549; x_wconf 86' lang='lat' dir='ltr'>professores,</span> <span class='ocrx_word' id='word_1_210' title='bbox 1540 3466 1601 3547; x_wconf 93' lang='lat' dir='ltr'>qui</span> <span class='ocrx_word' id='word_1_211' title='bbox 1624 3476 1726 3529; x_wconf 89' lang='lat' dir='ltr'>erant</span> <span class='ocrx_word' id='word_1_212' title='bbox 1751 3485 1769 3527; x_wconf 91' lang='lat' dir='ltr'>e</span> <span class='ocrx_word' id='word_1_213' title='bbox 1794 3482 1914 3525; x_wconf 92' lang='lat' dir='ltr'>mona-</span> 
     </span>
     <span class='ocr_line' id='line_1_23' title="bbox 176 3604 1915 3690; baseline -0.004 -18"><span class='ocrx_word' id='word_1_214' title='bbox 176 3611 286 3672; x_wconf 89' lang='lat' dir='ltr'>sterio</span> <span class='ocrx_word' id='word_1_215' title='bbox 317 3607 670 3690; x_wconf 87' lang='lat' dir='ltr'>Mariae-Montano,</span> <span class='ocrx_word' id='word_1_216' title='bbox 705 3608 830 3670; x_wconf 92' lang='lat' dir='ltr'>relicto</span> <span class='ocrx_word' id='word_1_217' title='bbox 862 3608 1077 3670; x_wconf 88' lang='lat' dir='ltr'>monasterio</span> <span class='ocrx_word' id='word_1_218' title='bbox 1113 3619 1275 3671; x_wconf 87' lang='lat' dir='ltr'>carerent</span> <span class='ocrx_word' id='word_1_219' title='bbox 1305 3608 1400 3670; x_wconf 90' lang='lat' dir='ltr'>vitae</span> <span class='ocrx_word' id='word_1_220' title='bbox 1431 3607 1619 3689; x_wconf 89' lang='lat' dir='ltr'>religiosae</span> <span class='ocrx_word' id='word_1_221' title='bbox 1651 3604 1915 3683; x_wconf 88' lang='lat' dir='ltr'>communitate,</span> 
     </span>
    </p>
   </div>
   <div class='ocr_carea' id='block_1_3' title="bbox 175 3745 1915 3829">
    <p class='ocr_par' dir='ltr' id='par_1_5' title="bbox 175 3745 1915 3829">
     <span class='ocr_line' id='line_1_24' title="bbox 175 3745 1915 3829; baseline -0.004 -19"><span class='ocrx_word' id='word_1_222' title='bbox 175 3750 291 3810; x_wconf 87' lang='lat' dir='ltr'>abbas</span> <span class='ocrx_word' id='word_1_223' title='bbox 315 3748 416 3810; x_wconf 88' lang='lat' dir='ltr'>Beda</span> <span class='ocrx_word' id='word_1_224' title='bbox 440 3746 662 3809; x_wconf 90' lang='lat' dir='ltr'>Hildebrand</span> <span class='ocrx_word' id='word_1_225' title='bbox 687 3748 926 3827; x_wconf 79' lang='lat'>(1732—1771)</span> <span class='ocrx_word' id='word_1_226' title='bbox 951 3747 1134 3829; x_wconf 91' lang='lat' dir='ltr'>proprium</span> <span class='ocrx_word' id='word_1_227' title='bbox 1158 3747 1316 3809; x_wconf 90' lang='lat' dir='ltr'>condidit</span> <span class='ocrx_word' id='word_1_228' title='bbox 1339 3747 1545 3828; x_wconf 90' lang='lat' dir='ltr'>collegium,</span> <span class='ocrx_word' id='word_1_229' title='bbox 1575 3745 1610 3807; x_wconf 92' lang='lat' dir='ltr'>in</span> <span class='ocrx_word' id='word_1_230' title='bbox 1639 3764 1708 3826; x_wconf 91' lang='lat' dir='ltr'>quo</span> <span class='ocrx_word' id='word_1_231' title='bbox 1734 3753 1769 3806; x_wconf 96' lang='lat' dir='ltr'>et</span> <span class='ocrx_word' id='word_1_232' title='bbox 1793 3762 1915 3805; x_wconf 92' lang='lat' dir='ltr'>mona-</span> 
     </span>
    </p>
   </div>
   <div class='ocr_carea' id='block_1_4' title="bbox 176 3882 1916 3982">
    <p class='ocr_par' dir='ltr' id='par_1_6' title="bbox 176 3882 1916 3982">
     <span class='ocr_line' id='line_1_25' title="bbox 176 3882 1916 3982; baseline -0.005 -31"><span class='ocrx_word' id='word_1_233' title='bbox 176 3890 323 3951; x_wconf 92' lang='lat' dir='ltr'>chorum</span> <span class='ocrx_word' id='word_1_234' title='bbox 347 3895 383 3948; x_wconf 91' lang='lat' dir='ltr'>et</span> <span class='ocrx_word' id='word_1_235' title='bbox 405 3885 648 3968; x_wconf 89' lang='lat' dir='ltr'>professorum</span> <span class='ocrx_word' id='word_1_236' title='bbox 671 3905 816 3948; x_wconf 91' lang='lat' dir='ltr'>munera</span> <span class='ocrx_word' id='word_1_237' title='bbox 840 3897 988 3967; x_wconf 91' lang='lat' dir='ltr'>possent</span> <span class='ocrx_word' id='word_1_238' title='bbox 1013 3888 1160 3968; x_wconf 89' lang='lat' dir='ltr'>explere</span> <span class='ocrx_word' id='word_1_239' title='bbox 1174 3889 1209 3966; x_wconf 78' lang='lat'>³).</span> <span class='ocrx_word' id='word_1_240' title='bbox 1256 3885 1425 3982; x_wconf 81' lang='lat' dir='ltr'>Similiter</span> <span class='ocrx_word' id='word_1_241' title='bbox 1451 3886 1587 3948; x_wconf 89' lang='lat' dir='ltr'>fecerat</span> <span class='ocrx_word' id='word_1_242' title='bbox 1615 3903 1707 3947; x_wconf 92' lang='lat' dir='ltr'>anno</span> <span class='ocrx_word' id='word_1_243' title='bbox 1737 3902 1815 3962; x_wconf 83' lang='lat'><em>1777</em></span> <span class='ocrx_word' id='word_1_244' title='bbox 1842 3882 1916 3943; x_wconf 87' lang='lat' dir='ltr'>An-</span> 
     </span>
    </p>
   </div>
   <div class='ocr_carea' id='block_1_5' title="bbox 176 4020 1917 4667">
    <p class='ocr_par' dir='ltr' id='par_1_7' title="bbox 176 4020 1917 4667">
     <span class='ocr_line' id='line_1_26' title="bbox 176 4020 1916 4107; baseline -0.005 -18"><span class='ocrx_word' id='word_1_245' title='bbox 176 4027 309 4090; x_wconf 91' lang='lat' dir='ltr'>selmus</span> <span class='ocrx_word' id='word_1_246' title='bbox 333 4024 552 4104; x_wconf 89' lang='lat' dir='ltr'>Passauck0,</span> <span class='ocrx_word' id='word_1_247' title='bbox 576 4026 689 4087; x_wconf 91' lang='lat' dir='ltr'>abbas</span> <span class='ocrx_word' id='word_1_248' title='bbox 712 4026 915 4087; x_wconf 88' lang='lat' dir='ltr'>monasterii</span> <span class='ocrx_word' id='word_1_249' title='bbox 940 4047 967 4089; x_wconf 94' lang='lat' dir='ltr'>s.</span> <span class='ocrx_word' id='word_1_250' title='bbox 992 4025 1093 4088; x_wconf 89' lang='lat' dir='ltr'>Pauli</span> <span class='ocrx_word' id='word_1_251' title='bbox 1118 4025 1153 4087; x_wconf 90' lang='lat' dir='ltr'>in</span> <span class='ocrx_word' id='word_1_252' title='bbox 1177 4023 1358 4088; x_wconf 86' lang='lat' dir='ltr'>Carinthia</span> <span class='ocrx_word' id='word_1_253' title='bbox 1383 4026 1642 4107; x_wconf 80' lang='lat'>(1748-1778),</span> <span class='ocrx_word' id='word_1_254' title='bbox 1671 4023 1725 4085; x_wconf 80' lang='lat' dir='ltr'>vir</span> <span class='ocrx_word' id='word_1_255' title='bbox 1754 4020 1916 4103; x_wconf 90' lang='lat' dir='ltr'>inprimis</span> 
     </span>
     <span class='ocr_line' id='line_1_27' title="bbox 177 4161 1914 4245; baseline -0.003 -18"><span class='ocrx_word' id='word_1_256' title='bbox 177 4165 375 4228; x_wconf 88' lang='lat' dir='ltr'>litterarum</span> <span class='ocrx_word' id='word_1_257' title='bbox 407 4164 604 4244; x_wconf 91' lang='lat' dir='ltr'>studiosus,</span> <span class='ocrx_word' id='word_1_258' title='bbox 638 4164 696 4244; x_wconf 93' lang='lat' dir='ltr'>qui</span> <span class='ocrx_word' id='word_1_259' title='bbox 728 4174 885 4226; x_wconf 86' lang='lat' dir='ltr'>veterem</span> <span class='ocrx_word' id='word_1_260' title='bbox 917 4165 1074 4226; x_wconf 90' lang='lat' dir='ltr'>scholam</span> <span class='ocrx_word' id='word_1_261' title='bbox 1104 4165 1390 4227; x_wconf 87' lang='lat' dir='ltr'>monasterialem</span> <span class='ocrx_word' id='word_1_262' title='bbox 1425 4185 1452 4228; x_wconf 93' lang='lat' dir='ltr'>s.</span> <span class='ocrx_word' id='word_1_263' title='bbox 1482 4164 1584 4226; x_wconf 92' lang='lat' dir='ltr'>Pauli</span> <span class='ocrx_word' id='word_1_264' title='bbox 1620 4163 1655 4225; x_wconf 92' lang='lat' dir='ltr'>in</span> <span class='ocrx_word' id='word_1_265' title='bbox 1690 4161 1914 4245; x_wconf 89' lang='lat' dir='ltr'>gymnasium</span> 
     </span>
     <span class='ocr_line' id='line_1_28' title="bbox 178 4297 1915 4386; baseline -0.005 -20"><span class='ocrx_word' id='word_1_266' title='bbox 178 4314 407 4367; x_wconf 87' lang='lat' dir='ltr'>converterat</span> <span class='ocrx_word' id='word_1_267' title='bbox 422 4305 455 4384; x_wconf 83' lang='lat'>⁴).</span> <span class='ocrx_word' id='word_1_268' title='bbox 502 4300 639 4366; x_wconf 89' lang='lat' dir='ltr'>Studiis</span> <span class='ocrx_word' id='word_1_269' title='bbox 662 4303 891 4366; x_wconf 87' lang='lat' dir='ltr'>absolvendis</span> <span class='ocrx_word' id='word_1_270' title='bbox 924 4304 959 4365; x_wconf 94' lang='lat' dir='ltr'>in</span> <span class='ocrx_word' id='word_1_271' title='bbox 990 4304 1045 4365; x_wconf 90' lang='lat' dir='ltr'>his</span> <span class='ocrx_word' id='word_1_272' title='bbox 1076 4303 1274 4386; x_wconf 89' lang='lat' dir='ltr'>gymnasiis</span> <span class='ocrx_word' id='word_1_273' title='bbox 1306 4304 1460 4385; x_wconf 90' lang='lat' dir='ltr'>quinque</span> <span class='ocrx_word' id='word_1_274' title='bbox 1492 4303 1575 4364; x_wconf 89' lang='lat' dir='ltr'>anni</span> <span class='ocrx_word' id='word_1_275' title='bbox 1606 4310 1707 4364; x_wconf 87' lang='lat' dir='ltr'>erant</span> <span class='ocrx_word' id='word_1_276' title='bbox 1738 4297 1915 4361; x_wconf 90' lang='lat' dir='ltr'>destinati.</span> 
     </span>
     <span class='ocr_line' id='line_1_29' title="bbox 179 4435 1916 4525; baseline -0.006 -19"><span class='ocrx_word' id='word_1_277' title='bbox 179 4442 342 4521; x_wconf 82' lang='lat' dir='ltr'>Nomina,</span> <span class='ocrx_word' id='word_1_278' title='bbox 372 4443 500 4524; x_wconf 89' lang='lat' dir='ltr'>quibus</span> <span class='ocrx_word' id='word_1_279' title='bbox 529 4442 688 4525; x_wconf 90' lang='lat' dir='ltr'>singulos</span> <span class='ocrx_word' id='word_1_280' title='bbox 718 4462 841 4504; x_wconf 90' lang='lat' dir='ltr'>cursus</span> <span class='ocrx_word' id='word_1_281' title='bbox 874 4462 1010 4505; x_wconf 91' lang='lat' dir='ltr'>annuos</span> <span class='ocrx_word' id='word_1_282' title='bbox 1041 4442 1288 4521; x_wconf 87' lang='lat' dir='ltr'>nominabant,</span> <span class='ocrx_word' id='word_1_283' title='bbox 1320 4444 1408 4505; x_wconf 90' lang='lat' dir='ltr'>haec</span> <span class='ocrx_word' id='word_1_284' title='bbox 1439 4451 1558 4504; x_wconf 90' lang='lat' dir='ltr'>erant:</span> <span class='ocrx_word' id='word_1_285' title='bbox 1590 4439 1709 4503; x_wconf 86' lang='lat' dir='ltr'>infima</span> <span class='ocrx_word' id='word_1_286' title='bbox 1737 4439 1763 4502; x_wconf 90' lang='lat' dir='ltr'>I.</span> <span class='ocrx_word' id='word_1_287' title='bbox 1792 4435 1916 4498; x_wconf 88' lang='lat' dir='ltr'>classis</span> 
     </span>
     <span class='ocr_line' id='line_1_30' title="bbox 177 4575 1917 4667; baseline -0.007 -20"><span class='ocrx_word' id='word_1_288' title='bbox 177 4583 446 4667; x_wconf 86' lang='lat' dir='ltr'>grammaticae,</span> <span class='ocrx_word' id='word_1_289' title='bbox 470 4583 588 4645; x_wconf 90' lang='lat' dir='ltr'>media</span> <span class='ocrx_word' id='word_1_290' title='bbox 612 4582 736 4645; x_wconf 90' lang='lat' dir='ltr'>classis</span> <span class='ocrx_word' id='word_1_291' title='bbox 759 4582 1025 4664; x_wconf 87' lang='lat' dir='ltr'>grammaticae,</span> <span class='ocrx_word' id='word_1_292' title='bbox 1050 4602 1216 4664; x_wconf 89' lang='lat' dir='ltr'>suprema</span> <span class='ocrx_word' id='word_1_293' title='bbox 1240 4579 1364 4645; x_wconf 90' lang='lat' dir='ltr'>classis</span> <span class='ocrx_word' id='word_1_294' title='bbox 1387 4580 1656 4662; x_wconf 90' lang='lat' dir='ltr'>grammaticae,</span> <span class='ocrx_word' id='word_1_295' title='bbox 1681 4575 1815 4659; x_wconf 92' lang='lat' dir='ltr'>poesis,</span> <span class='ocrx_word' id='word_1_296' title='bbox 1840 4575 1917 4635; x_wconf 91' lang='lat' dir='ltr'>rhe-</span> 
     </span>
    </p>
   </div>
   <div class='ocr_carea' id='block_1_6' title="bbox 175 4713 1916 4804">
    <p class='ocr_par' dir='ltr' id='par_1_8' title="bbox 175 4713 1916 4804">
     <span class='ocr_line' id='line_1_31' title="bbox 175 4713 1916 4804; baseline -0.007 -17"><span class='ocrx_word' id='word_1_297' title='bbox 175 4725 292 4787; x_wconf 85' lang='lat' dir='ltr'>torica</span> <span class='ocrx_word' id='word_1_298' title='bbox 307 4721 342 4802; x_wconf 87' lang='lat'>⁵).</span> <span class='ocrx_word' id='word_1_299' title='bbox 389 4721 461 4783; x_wconf 84' lang='lat' dir='ltr'>Ubi</span> <span class='ocrx_word' id='word_1_300' title='bbox 484 4731 656 4784; x_wconf 89' lang='lat' dir='ltr'>semestre</span> <span class='ocrx_word' id='word_1_301' title='bbox 685 4721 837 4803; x_wconf 88' lang='lat' dir='ltr'>spatium</span> <span class='ocrx_word' id='word_1_302' title='bbox 867 4721 1073 4804; x_wconf 91' lang='lat' dir='ltr'>transierat,</span> <span class='ocrx_word' id='word_1_303' title='bbox 1106 4723 1250 4804; x_wconf 89' lang='lat' dir='ltr'>publica</span> <span class='ocrx_word' id='word_1_304' title='bbox 1278 4722 1442 4784; x_wconf 86' lang='lat' dir='ltr'>examina</span> <span class='ocrx_word' id='word_1_305' title='bbox 1470 4720 1764 4794; x_wconf 88' lang='lat' dir='ltr'>instituebantur,</span> <span class='ocrx_word' id='word_1_306' title='bbox 1797 4713 1916 4776; x_wconf 84' lang='lat' dir='ltr'>exitus</span> 
     </span>
    </p>
   </div>
   <div class='ocr_carea' id='block_1_7' title="bbox 311 4968 708 5390">
    <p class='ocr_par' dir='ltr' id='par_1_9' title="bbox 311 4968 566 5047">
     <span class='ocr_line' id='line_1_32' title="bbox 311 4968 566 5047; baseline 0.008 -23"><span class='ocrx_word' id='word_1_307' title='bbox 311 4969 333 5047; x_wconf 66' lang='grc' dir='ltr'>Σ)</span> <span class='ocrx_word' id='word_1_308' title='bbox 359 4968 566 5044; x_wconf 78' lang='lat' dir='ltr'>ZIegelbauer.</span> 
     </span>
    </p>

    <p class='ocr_par' dir='ltr' id='par_1_10' title="bbox 312 5081 540 5161">
     <span class='ocr_line' id='line_1_33' title="bbox 312 5081 540 5161; baseline 0.013 -23"><span class='ocrx_word' id='word_1_309' title='bbox 312 5081 335 5161; x_wconf 92' lang='lat'>²)</span> <span class='ocrx_word' id='word_1_310' title='bbox 360 5083 448 5157; x_wconf 90' lang='lat' dir='ltr'>Hagn</span> <span class='ocrx_word' id='word_1_311' title='bbox 472 5082 490 5138; x_wconf 87' lang='lat' dir='ltr'>I.</span> <span class='ocrx_word' id='word_1_312' title='bbox 515 5103 540 5141; x_wconf 93' lang='lat' dir='ltr'>c.</span> 
     </span>
    </p>

    <p class='ocr_par' dir='ltr' id='par_1_11' title="bbox 311 5195 708 5390">
     <span class='ocr_line' id='line_1_34' title="bbox 311 5195 708 5275; baseline -0.005 -22"><span class='ocrx_word' id='word_1_313' title='bbox 311 5195 335 5275; x_wconf 78' lang='lat'>³)</span> <span class='ocrx_word' id='word_1_314' title='bbox 359 5196 560 5253; x_wconf 90' lang='lat' dir='ltr'>Wendenthal</span> <span class='ocrx_word' id='word_1_315' title='bbox 585 5196 603 5252; x_wconf 93' lang='lat' dir='ltr'>l.</span> <span class='ocrx_word' id='word_1_316' title='bbox 629 5216 654 5252; x_wconf 89' lang='lat' dir='ltr'>c.</span> <span class='ocrx_word' id='word_1_317' title='bbox 679 5211 708 5267; x_wconf 81' lang='lat'>3.</span> 
     </span>
     <span class='ocr_line' id='line_1_35' title="bbox 313 5309 610 5390; baseline -0.003 -23"><span class='ocrx_word' id='word_1_318' title='bbox 313 5309 338 5390; x_wconf 81' lang='lat'>⁴)</span> <span class='ocrx_word' id='word_1_319' title='bbox 364 5311 518 5367; x_wconf 84' lang='lat' dir='ltr'>Carinthia</span> <span class='ocrx_word' id='word_1_320' title='bbox 541 5311 558 5366; x_wconf 92' lang='grc'>1.</span> <span class='ocrx_word' id='word_1_321' title='bbox 584 5331 610 5366; x_wconf 92' lang='lat' dir='ltr'>c.</span> 
     </span>
    </p>
   </div>
   <div class='ocr_carea' id='block_1_8' title="bbox 314 5418 1712 5568">
    <p class='ocr_par' dir='ltr' id='par_1_12' title="bbox 314 5418 1712 5568">
     <span class='ocr_line' id='line_1_36' title="bbox 314 5418 1660 5502; baseline -0.004 -22"><span class='ocrx_word' id='word_1_322' title='bbox 314 5422 337 5502; x_wconf 78' lang='grc'>5)</span> <span class='ocrx_word' id='word_1_323' title='bbox 362 5424 486 5499; x_wconf 80' lang='lat' dir='ltr'>Aliquot</span> <span class='ocrx_word' id='word_1_324' title='bbox 510 5427 595 5480; x_wconf 89' lang='lat' dir='ltr'>annis</span> <span class='ocrx_word' id='word_1_325' title='bbox 619 5438 689 5500; x_wconf 85' lang='lat' dir='ltr'>post</span> <span class='ocrx_word' id='word_1_326' title='bbox 713 5436 819 5498; x_wconf 88' lang='lat' dir='ltr'>quarta</span> <span class='ocrx_word' id='word_1_327' title='bbox 843 5421 949 5478; x_wconf 89' lang='lat' dir='ltr'>classis</span> <span class='ocrx_word' id='word_1_328' title='bbox 973 5422 1134 5487; x_wconf 84' lang='lat' dir='ltr'>rhetorica,</span> <span class='ocrx_word' id='word_1_329' title='bbox 1159 5422 1260 5495; x_wconf 85' lang='lat' dir='ltr'>quinta</span> <span class='ocrx_word' id='word_1_330' title='bbox 1284 5421 1386 5494; x_wconf 90' lang='lat' dir='ltr'>poesis</span> <span class='ocrx_word' id='word_1_331' title='bbox 1411 5418 1562 5474; x_wconf 87' lang='lat' dir='ltr'>nominata</span> <span class='ocrx_word' id='word_1_332' title='bbox 1586 5432 1660 5474; x_wconf 84' lang='lat' dir='ltr'>erat.</span> 
     </span>
     <span class='ocr_line' id='line_1_37' title="bbox 1684 5521 1712 5568; baseline 0 -19"><span class='ocrx_word' id='word_1_333' title='bbox 1684 5521 1712 5568; x_wconf 62' lang='lat' dir='ltr'>i*</span> 
     </span>
    </p>
   </div>
   <div class='ocr_carea' id='block_1_9' title="bbox 0 0 2105 6196">
    <p class='ocr_par' dir='ltr' id='par_1_13' title="bbox 0 0 2105 6196">
     <span class='ocr_line' id='line_1_38' title="bbox 0 0 2105 6196; baseline 0 0"><span class='ocrx_word' id='word_1_334' title='bbox 0 0 2105 6196; x_wconf 95' lang='lat' dir='ltr'> </span> 
     </span>
    </p>
   </div>
  </div>
 </body>
</html>
