4178 6196
904 449 1187 521 ,143-

171 637 342 703 Marianis
359 646 395 699 et
411 645 680 718 cooperatorem
696 635 785 697 ads.
801 632 952 696 Mariam
967 633 1003 696 in

170 761 262 825 valle
271 759 413 822 Martia.
427 757 577 822 Sublato
590 755 804 820 monasterio
817 774 882 818 suo
893 756 1002 837 (1786)

170 883 276 947 rediit
291 883 337 944 ad
354 880 473 945 Cellas
485 880 527 943 B.
539 881 594 962 V.,
611 879 814 961 ibidemque
831 898 902 962 qua
917 897 1003 961 poe·

170 1004 395 1069 nitentiarius
410 1002 500 1066 obiit
517 1006 545 1066 5.
562 1002 650 1083 Apr.
671 1005 761 1064 1810.

257 1143 370 1228 Typis
397 1143 540 1225 quidem
566 1141 652 1205 nihil
675 1141 789 1222 dedit,
813 1141 877 1203 sed
900 1139 1004 1222 plura

171 1266 282 1350 ipsius
298 1275 424 1329 extant
448 1265 690 1346 manuscripta
712 1263 879 1327 historica
900 1262 935 1325 in
951 1262 1003 1324 bi·

172 1391 350 1453 bliotheca
372 1399 408 1453 et
425 1388 571 1452 archivo
587 1388 633 1450 ad
646 1407 673 1449 s.
687 1387 924 1466 Lambertum,
937 1384 1003 1448 sci·

170 1513 268 1576 lieet:

258 1639 281 1695 Ι.
298 1639 367 1695 Vita
383 1657 407 1694 s.
425 1635 591 1693 Lamberti.

258 1744 296 1799 ll.
314 1743 451 1800 Historia
467 1741 609 1800 abbatum
631 1760 655 1797 s.
673 1738 828 1797 Lamberti
849 1756 945 1812 usque
966 1737 1005 1794 ad

174 1847 358 1905 Ioachimum
376 1848 398 1903 Ι.

260 1952 312 2008 ΙΙΙ.
335 1949 499 2009 Succincta
519 1953 625 2008 notitia
642 1952 795 2006 variorum
815 1949 950 2006 locorum
966 1946 1004 2002 ad

173 2076 197 2113 s.
214 2055 410 2114 Lambertum
426 2057 649 2133 pertinentium.

259 2161 310 2217 lV.
329 2160 375 2217 De
397 2161 469 2216 viris
489 2157 653 2216 illustribus
672 2158 848 2216 monasterii
870 2175 894 2212 s.
914 2156 1005 2212 Lam·

173 2263 261 2322 berti.

260 2370 296 2426 V.
315 2370 362 2426 De
374 2366 575 2446 scriptoribus
591 2380 621 2424 et
637 2365 814 2424 authoribus
831 2368 1005 2422 monasterii

175 2496 199 2534 s.
217 2475 382 2533 Lamberti.

259 2579 311 2636 Vl.
329 2578 498 2635 Corollaria
513 2577 550 2634 de
567 2577 696 2633 diversis
712 2574 804 2633 rebus
820 2575 859 2632 ad
875 2595 898 2632 s.
917 2575 1006 2631 Lam·

175 2684 293 2743 bertum
311 2680 540 2760 pertinentibus.

260 2789 326 2845 Vll.
340 2788 524 2844 Dissertatio
537 2785 698 2863 peculiaris
711 2799 741 2842 et
753 2787 840 2842 crisis
856 2784 894 2842 de
910 2786 1007 2862 primo

175 2892 284 2950 abbate
301 2912 325 2949 S.
342 2890 498 2949 Lamberti
520 2905 550 2947 et
572 2889 609 2946 de
626 2889 732 2947 ordine
748 2908 785 2946 ac
801 2892 879 2946 serie
896 2891 1008 2966 primo·

174 3018 238 3056 rum
254 2995 396 3054 abbatum
413 2995 546 3053 eiusdem
564 2996 748 3052 monasterii.

260 3103 343 3159 Vlll.
354 3103 569 3160 Monasterium
586 3119 610 3156 s.
624 3099 779 3158 Lamberti
797 3099 1010 3155 concernentia

176 3209 304 3266 collecta
329 3226 366 3264 ex
391 3206 476 3263 fastis
501 3204 783 3280 campililiensibus,
807 3223 844 3262 ex
868 3202 1009 3279 Aquilino

175 3313 251 3370 lulio
268 3313 410 3380 Caesare,
433 3330 470 3368 ex
486 3309 643 3377 Bruschi0‚
660 3328 697 3366 ex
714 3308 901 3385 Woligango
916 3308 1009 3366 Lario

178 3431 208 3474 et
223 3417 300 3473 aliis.

265 3563 419 3638 Graser
439 3574 694 3656 Rudolphus
716 3573 1010 3654 (Cremifanen-

178 3694 259 3776 sis),
281 3694 393 3758 Lincii
417 3694 474 3756 die
495 3717 525 3772 4.
542 3694 605 3758 Iul.
627 3698 706 3773 1728
728 3703 842 3756 natus.
865 3693 1010 3757 Litteris

178 3817 442 3880 humanioribus
463 3817 499 3878 in
518 3816 734 3879 monasterio
755 3814 909 3879 Garsten
933 3835 1010 3879 eru-

180 3939 284 4021 ditus,
310 3938 521 4001 rhetoricam
543 3937 735 4001 Cremifani
758 3938 921 4021 absolvit,
944 3939 1011 4002 sol·

178 4062 285 4125 lemni
301 4061 523 4144 professione
539 4061 596 4123 die
617 4064 664 4125 13.
678 4061 768 4124 Νον.
786 4064 865 4141 1745
883 4062 1012 4125 emissa

180 4185 297 4249 coetui
327 4186 577 4248 monachorum
605 4183 922 4248 Cremifanensium
952 4187 1013 4248 ad·

181 4308 344 4390 scriptus,
369 4308 554 4371 altioribus
578 4307 705 4369 studiis
727 4306 857 4389 partim
881 4306 1013 4371 Cremi-

181 4431 264 4513 fani,
276 4431 406 4513 partim
421 4428 622 4512 Salisburgi
635 4429 808 4493 confectis
820 4430 878 4493 die
894 4452 920 4495 1.
935 4430 1014 4495 Oct.

186 4558 264 4633 1752
282 4553 452 4615 sacerdos
472 4551 589 4614 faetus
607 4562 671 4615 est.
695 4551 856 4635 Linguae
877 4553 1015 4634 patriae

182 4676 299 4739 cultus
315 4675 351 4738 in
367 4674 515 4738 Austria
539 4674 721 4756 superiore
737 4676 925 4758 neglectus
944 4675 1016 4759 pri·

183 4817 276 4860 mum
293 4797 361 4879 ipsi
376 4804 459 4879 post
476 4796 594 4860 studia
610 4815 712 4859 sacra
735 4796 918 4880 negotium
938 4797 1015 4861 fuit.

183 4919 297 5001 Quem
314 4918 349 4981 in
361 4917 467 4981 finem
484 4910 562 4981 cum
576 4917 772 4981 clarissimo
782 4916 1016 4982 Gottsehedio

184 5051 221 5105 et
237 5042 397 5104 litterata
412 5041 489 5104 eius
505 5040 657 5123 coniuge
678 5039 771 5103 datis
787 5040 1016 5123 acceptisque

184 5164 348 5247 epistulis
368 5165 563 5228 litterarum
587 5162 834 5226 commercium
854 5163 1016 5244 instituit,

188 5290 357 5366 1757-6ο
373 5286 554 5368 professor
570 5284 733 5367 poeticae
755 5285 914 5348 eiusdem
934 5285 1017 5348 anni

184 5428 308 5472 mense
330 5409 496 5493 Augusto
521 5408 678 5472 Parisios
700 5426 814 5491 usque
838 5408 1017 5490 profectus

1083 634 1224 717 linguas
1248 631 1422 696 Gallicam
1448 642 1485 697 et
1511 633 1743 716 Hispanicam
1767 653 1834 697 usu
1864 632 1914 695 di-

1085 755 1180 819 dicit.
1213 755 1320 818 Unde
1348 759 1427 835 1762
1455 775 1620 820 reversus
1643 767 1854 839 cooperator
1877 759 1914 821 in

1082 880 1321 962 Viechtwang
1338 888 1374 942 et
1389 879 1649 965 Buchkirchen,
1667 881 1796 945 deinde
1811 901 1914 965 paro·

1083 1004 1170 1066 chus
1190 1003 1226 1067 in
1246 1003 1502 1087 Eberstallzell,
1523 1006 1725 1070 Fischlham
1749 1017 1785 1070 et
1805 1006 1913 1087 Ried,

1083 1127 1299 1190 clarissimus
1314 1128 1416 1191 verbi
1437 1128 1547 1193 divini
1568 1150 1699 1212 praeco
1719 1152 1812 1195 anno
1833 1152 1913 1212 1779

1083 1250 1129 1311 ab
1143 1249 1323 1313 electorali
1334 1251 1507 1314 societate
1523 1252 1695 1316 litteraria
1706 1254 1915 1318 Monacensi

1083 1373 1130 1435 ad
1143 1373 1377 1436 excolendam
1389 1375 1628 1456 eloquentiam
1643 1395 1780 1440 sacram
1796 1377 1914 1441 socius

1084 1494 1283 1559 ordinarius
1308 1497 1415 1559 misso
1441 1496 1635 1580 diplomate
1662 1509 1865 1582 cooptatus,
1893 1520 1914 1562 a

1083 1617 1286 1682 Trevirensi
1306 1622 1461 1702 quodam
1481 1642 1659 1706 anonymo
1677 1633 1915 1707 „restaurator

1084 1741 1310 1822 eloquentiae
1326 1745 1470 1807 sacrae“
1489 1745 1616 1829 dictus,
1637 1767 1658 1809 a
1678 1747 1914 1810 Berolinensi·

1083 1864 1151 1926 bus
1167 1867 1435 1930 recensentibus
1447 1886 1513 1930 ceu
1525 1887 1647 1932 norma
1663 1869 1736 1933 suis
1748 1872 1850 1934 verbi
1863 1871 1914 1936 di-

1084 1985 1156 2048 vini
1172 1985 1340 2051 ministris
1356 1989 1559 2072 propositus
1576 2000 1641 2056 est.
1658 1991 1757 2057 Obiit
1775 2014 1825 2057 20.
1840 1994 1913 2058 Ian.

1090 2114 1180 2190 1787.

1172 2233 1268 2296 Libri
1284 2235 1470 2320 Rudolphi
1487 2236 1633 2301 Graser:

1172 2361 1196 2416 1.
1214 2360 1419 2420 Todteobriei
1441 2361 1516 2421 iiber
1537 2364 1592 2421 das
1615 2365 1720 2424 Leben
1744 2367 1915 2425 Alexander

1086 2465 1286 2523 Fixlmillners
1307 2467 1360 2523 ΙΙΙ.
1382 2470 1650 2546 preiswiirdigsten
1666 2470 1766 2528 Abten
1789 2472 1843 2529 des
1866 2493 1915 2529 ur·

1086 2571 1166 2628 alten
1178 2571 1489 2631 Benedictinerstiites
1501 2575 1742 2633 Cremsmilnster
1757 2590 1815 2634 etc.
1832 2577 1915 2634 latei·

1086 2676 1171 2734 nisch
1187 2675 1317 2733 versasst
1333 2677 1392 2733 uod
1408 2678 1569 2749 nachmals,
1591 2699 1608 2736 a
1629 2682 1661 2739 P.
1679 2680 1841 2759 Rudolpho
1857 2684 1916 2739 sci·

1087 2780 1157 2838 licet
1177 2779 1399 2838 verdeutschet.
1423 2779 1453 2861 (i.
1475 2802 1501 2840 e.
1527 2782 1709 2841 Germanica
1729 2789 1831 2843 versio
1852 2788 1916 2863 epi·

1087 2886 1185 2943 stulae
1216 2886 1358 2943 rotularis
1389 2889 1419 2943 in
1449 2886 1589 2945 abbatem
1620 2887 1824 2946 Alexandrum
1852 2888 1915 2970 ΙΙΙ.)

1088 2988 1189 3067 Steyr,
1212 3004 1302 3065 1759.

1174 3097 1213 3153 11.
1231 3097 1440 3172 Vollstandige
1456 3098 1586 3155 Lehrart
1606 3119 1641 3155 zu
1662 3099 1818 3177 predigen.
1843 3098 1872 3179 (i.
1889 3121 1915 3158 e.

1089 3202 1240 3259 Institutio
1262 3202 1301 3259 ad
1324 3201 1557 3279 praedicandum
1580 3203 1706 3262 verbum
1730 3203 1809 3286 Dei.)
1832 3205 1916 3264 Salz-

1089 3305 1177 3382 burg,
1199 3303 1289 3381 1766.
1306 3313 1350 3379 40.
1369 3320 1428 3380 717
1447 3325 1476 3383 p.

1176 3411 1228 3467 ΙΙΙ.
1247 3411 1310 3467 Das
1325 3409 1478 3468 dreilache
1490 3412 1568 3479 Heil,
1585 3433 1621 3470 so
1637 3415 1693 3472 den
1710 3416 1917 3475 katholischen

1090 3515 1333 3573 Gotteshausern
1360 3516 1454 3573 durch
1481 3517 1546 3573 ihre
1570 3519 1768 3597 Einweihung
1791 3523 1918 3579 wieder·

1089 3619 1177 3677 fahrt.
1199 3616 1228 3698 (i.
1246 3638 1272 3676 e.
1295 3619 1341 3675 De
1361 3620 1472 3697 triplici
1492 3619 1703 3682 benedictione
1724 3626 1918 3685 ecclesiarum

1089 3725 1303 3782 catholicarum
1312 3743 1350 3781 ex
1360 3729 1590 3785 consecratione
1601 3747 1703 3787 earum
1712 3730 1919 3812 redundante.)

1089 3830 1302 3905 Vorgetragen
1335 3850 1371 3886 zu
1402 3830 1583 3908 Windhaag.
1615 3832 1721 3910 Steyr‚
1752 3837 1919 3894 Menhardt.

1096 3934 1186 4009 1768.
1203 3951 1241 4009 42
1261 3954 1290 4012 p.

1178 4043 1229 4100 IV.
1238 4043 1416 4100 Praktische
1424 4043 1652 4102 Beredsamkeit
1663 4046 1717 4103 der
1729 4039 1920 4105 christlichen

1093 4148 1216 4216 Kanzel‚
1239 4150 1267 4204 in
1288 4147 1414 4223 Regem,
1436 4148 1602 4225 Exempeln
1622 4150 1682 4207 uod
1701 4151 1921 4226 vollstandigen

1093 4256 1239 4311 Mustern.
1263 4249 1292 4332 (i.
1314 4272 1340 4310 e.
1362 4250 1394 4311 S.
1412 4253 1584 4330 eloquentia
1600 4257 1735 4331 practica
1750 4259 1923 4332 praeceptis

1094 4371 1124 4415 et
1140 4358 1285 4434 exemplis
1302 4355 1527 4437 demonstrata.)
1543 4359 1598 4414 Mit
1613 4361 1696 4416 einer
1711 4360 1847 4418 Vorrede
1863 4379 1923 4417 von

1094 4464 1217 4521 Maurus
1241 4463 1449 4539 Lindermayr.
1477 4462 1656 4539 Augsburg,
1683 4465 1804 4540 Rieger.
1834 4464 1922 4540 1769.

1098 4583 1157 4644 70²
1177 4588 1207 4646 p.

1181 4675 1218 4733 V.
1243 4658 1482 4749 Predigten‘aui
1499 4673 1557 4730 alle
1578 4670 1677 4731 Sonn·
1701 4673 1758 4730 und
1780 4676 1924 4750 Festtage
1971 4706 1974 4712 =

1096 4780 1150 4837 des
1165 4780 1281 4856 Jahres.
1305 4773 1335 4855 (i.
1353 4796 1379 4834 e.
1402 4778 1574 4835 Conciones
1593 4796 1700 4835 sacrae
1723 4797 1780 4855 pro
1801 4779 1925 4855 singulis

1097 4885 1254 4941 dominicis
1277 4883 1423 4959 festisque
1444 4880 1550 4939 diebus
1571 4881 1769 4963 distributae.)
1793 4885 1815 4941 Ι.
1832 4885 1924 4942 Band.

1096 4987 1272 5065 Augsburg‚
1300 5000 1389 5062 1772.
1413 4995 1456 5061 4⁰.
1480 4986 1581 5044 Editio
1602 4987 1698 5045 altera
1722 5001 1812 5062 1774,
1838 4991 1927 5046 tertia

1102 5091 1192 5169 1776.
1212 5090 1272 5167 726
1289 5113 1318 5170 p.

1183 5198 1234 5256 Vl.
1259 5199 1421 5274 Predigten
1442 5197 1496 5254 aui
1512 5197 1568 5254 alle
1588 5193 1687 5255 Sonn-
1707 5198 1767 5255 und
1783 5200 1927 5275 Festtage

1098 5305 1152 5362 des
1167 5305 1283 5381 Jahres.
1301 5304 1338 5360 ΙΙ.
1356 5303 1448 5360 Band.
1464 5302 1639 5378 Augsburg‚
1657 5317 1748 5378 1775.
1765 5311 1808 5376 4⁰.
1825 5305 1927 5362 Editio

1097 5412 1192 5469 altera
1213 5408 1303 5483 1776.
1321 5408 1381 5466 602
1399 5427 1428 5485 p.
