4178 6196
907 474 1187 544 -535-

172 679 223 735 29.
239 656 327 718 Maii
348 660 427 735 1753
445 657 560 718 abbas
576 665 632 718 est
648 657 792 739 electus,
814 656 871 719 cui
892 657 1006 739 digni·
1044 666 1048 757 3
1084 657 1146 720 vit.
1171 660 1240 721 Ast
1256 679 1326 722 non
1343 659 1475 722 diutius
1491 662 1640 723 subesse
1662 662 1726 724 sed
1745 681 1915 743 praeesse

170 780 250 860 tati,
275 779 420 841 ultimus
446 779 559 840 abbas
584 776 827 861 Ossiacensis,
851 779 1006 860 praefuit
1045 760 1047 851 3
1085 782 1295 843 merebatur.
1314 781 1418 843 Unde
1434 785 1512 844 1802
1524 783 1702 864 parochus
1711 785 1793 845 ads
1804 783 1914 865 Aegi·

171 921 284 984 usque
301 903 347 963 ad
364 921 494 963 annum
515 905 611 981 1783,
633 921 703 982 quo
720 921 812 963 anno
828 911 1005 965 monaste·
1044 862 1047 956 3
1085 901 1181 963 dium
1197 902 1231 963 in
1249 903 1429 984 suburbi0,
1447 901 1697 986 Gumpendorf
1714 904 1820 985 dicto,
1841 903 1914 966 fac·

172 1025 262 1087 rium
289 1024 376 1086 illud
401 1023 605 1086 Corinthiae
632 1033 879 1105 pervetustum
906 1024 1004 1087 iussu
1084 1033 1152 1104 tuS,
1170 1024 1412 1106 quinquennio
1424 1035 1507 1108 post
1523 1048 1545 1088 a
1560 1046 1685 1089 recens
1703 1032 1780 1106 1807
1799 1027 1914 1090 electo

171 1146 397 1229 imperatoris
409 1146 554 1226 Iosephi
568 1146 611 1209 11.
626 1146 823 1209 extinctum
840 1157 903 1210 est.
928 1147 1004 1208 Ro·
1043 1161 1046 1233 3
1084 1147 1216 1207 abbate
1233 1147 1380 1208 Andrea
1400 1147 1526 1209 merito
1547 1148 1644 1229 prior
1666 1148 1857 1211 conventui
1879 1157 1915 1211 et

171 1288 297 1331 manus
333 1267 555 1330 miserandae
589 1268 794 1330 monasterii
830 1268 884 1330 sui
918 1268 1006 1331 sorti
1043 1238 1046 1279 Ι
1084 1268 1261 1347 parochus
1287 1269 1460 1331 ecclesiae
1482 1270 1687 1332 monasterii
1711 1269 1915 1351 praefectus

173 1389 329 1472 quinque
351 1391 453 1453 annis
474 1398 658 1472 superstes
682 1390 739 1451 die
766 1411 814 1469 19.
834 1390 898 1453 Iul.
925 1394 1004 1469 1788
1043 1362 1046 1457 3
1085 1399 1147 1469 est,
1165 1390 1221 1451 cui
1238 1390 1378 1471 utrique
1394 1391 1529 1452 muneri
1551 1411 1593 1452 ea
1610 1411 1695 1453 cura
1712 1401 1748 1454 et
1764 1391 1913 1454 caritate

1043 1484 1046 1519 l

171 1513 229 1593 pie
247 1512 462 1574 obdormivit
478 1512 514 1573 in
530 1511 693 1574 Domine.
719 1510 889 1593 Scripsit:
1084 1530 1149 1592 per
1172 1511 1300 1592 viginti
1327 1513 1583 1592 propemodum
1611 1532 1722 1576 annos
1748 1513 1914 1594 praefuit,
2023 1569 2025 1573 .

259 1639 281 1694 Ι.
312 1639 454 1713 Epitome
478 1637 689 1713 philosophiae
713 1637 878 1694 rationalis.
910 1635 1005 1694 Salis·
1043 1676 1046 1720 3
1085 1652 1190 1713 quam
1207 1634 1303 1695 nulla
1319 1633 1481 1714 profecto
1497 1634 1532 1695 in
1550 1634 1676 1696 animis
1691 1643 1914 1715 posterorum

173 1742 272 1817 burgi,
296 1756 385 1816 1749·
403 1748 446 1813 4⁰·
1042 1734 1045 1823 Ι
1085 1754 1219 1816 delebit
1235 1755 1377 1817 oblivio.
1403 1755 1488 1817 Vita
1508 1755 1651 1818 functus
1672 1767 1727 1818 est
1749 1761 1799 1818 30.
1816 1757 1913 1838 Aug.

259 1847 296 1902 II.
321 1845 540 1902 Praeiudicium
562 1845 599 1901 ad
622 1845 742 1920 regulas
764 1845 1004 1919 logico-criticas
1042 1826 1046 1939 3
1089 1881 1179 1938 1826.
1211 1877 1427 1939 Persuasum
1454 1879 1591 1940 habens
1614 1878 1668 1940 Vir
1689 1878 1915 1961 religiosissi-

172 1952 353 2027 depositum.
371 1950 447 2007 Ibid.
470 1963 559 2023 1749.
578 1956 620 2021 4⁰.
1043 1946 1045 1951 ’

259 2056 310 2111 lll.
337 2056 518 2130 Principium
541 2054 640 2109 iudicii
658 2055 732 2118 veri,
756 2071 809 2108 seu
826 2052 1003 2114 ratiosuffi·
1042 2051 1045 2135 3
1141 2121 1147 2134 .
1352 2122 1358 2135 ι
1488 2122 1494 2135 Ι
1548 2122 1553 2135 1

173 2161 266 2215 ciens,
285 2158 359 2215 Ibid.
382 2172 472 2231 1749,
489 2164 532 2229 4⁰·
1042 2140 1045 2243 3
1084 2130 1169 2183 tat1s
1186 2141 1380 2184 eommunls
1394 2141 1473 2184 esse
1486 2131 1764 2204 limitamentum,
1777 2143 1847 2185 non
1860 2143 1915 2185 so·

260 2265 310 2320 lv.
329 2262 466 2332 Qualitas
482 2259 634 2318 sensibilis
651 2261 825 2317 mechanice
842 2259 1002 2336 explicata.
1043 2248 1046 2357 3
1083 2245 1155 2306 lum
1172 2244 1344 2325 quidquid
1366 2247 1432 2306 hac
1457 2245 1492 2306 in
1512 2264 1551 2306 re
1573 2246 1794 2325 praeclarum
1820 2252 1915 2307 esset

172 2367 421 2441 Ibid.1750.4⁰.
1043 2364 1045 2449 3
1084 2377 1192 2446 atque
1217 2367 1397 2428 excellens
1421 2367 1661 2448 comparavit,
1690 2369 1754 2429 sed
1778 2375 1814 2429 et
1838 2366 1915 2447 ipse

1084 2019 1171 2080 mus,
1189 1999 1358 2062 musicam
1374 2019 1511 2062 sacram
1533 1999 1818 2063 efficacissimum
1840 2002 1915 2082 pie·

259 2473 295 2528 V·
327 2472 547 2529 Commercium
576 2487 688 2545 corpus
716 2471 793 2524 inter
821 2482 850 2524 et
878 2470 1004 2524 animam
1043 2452 1046 2582 3
1083 2487 1135 2549 rei
1151 2488 1307 2549 musicae
1323 2507 1532 2569 pergnarus,
1555 2488 1719 2570 cognitor
1736 2488 1915 2569 iudexque

173 2577 384 2653 phss⁰⁵⁰phi⁶e
400 2593 575 2650 expensum.
595 2573 670 2629 Μ·
693 2587 783 2646 ¹75⁰·
801 2579 843 2644 4⁰·
1043 2594 1045 2666 l
1084 2608 1310 2671 acutissimus
1327 2610 1456 2670 multos
1469 2610 1595 2671 modos
1608 2609 1760 2672 musicos
1771 2609 1915 2691 reliquit

258 2723 456 2795 Zwettler
480 2733 724 2794 Theodorus
752 2729 1004 2812 (Scotensis),
1084 2750 1189 2792 manu
1203 2731 1366 2812 scriptos,
1380 2749 1528 2810 quorum
1539 2732 1609 2793 duo
1621 2732 1791 2815 ,Tantum
1805 2732 1912 2813 ergo“

172 2852 312 2914 Weitra
325 2852 360 2913 in
375 2851 544 2912 Austriae
561 2848 737 2911 inferioris
751 2849 885 2929 oppido
898 2858 1005 2911 natus
1084 2852 1182 2934 typis
1199 2854 1415 2915 demandata
1430 2863 1529 2915 sunt:

175 2979 203 3036 5·
220 2973 295 3036 Iun·
317 2977 396 3052 ¹759
415 2984 451 3034 et
467 2982 614 3054 Propter
631 2992 794 3034 sonoram
807 2971 906 3034 VOCiS
919 2991 1004 3033 suae
1043 2960 1045 3057 1
1171 2998 1251 3052 chi
1269 2997 1401 3053 Tantum
1419 3015 1494 3070 ergo
1512 2997 1559 3052 lllr
1574 2994 1694 3071 Soprau
1715 2996 1774 3052 und
1790 2996 1842 3053 Alt
1864 2999 1914 3053 mit

174 3095 398 3157 dulcedinem
415 3094 450 3155 in
468 3094 679 3174 convictum,
698 3114 767 3175 quo
786 3094 931 3155 iuvenes
948 3113 1004 3156 ec·
1042 3102 1045 3196 3
1084 3099 1264 3174 Begleitung
1280 3100 1334 3155 der
1351 3100 1456 3174 Orgel.
1478 3115 1489 3155 1
1509 3100 1568 3155 vol.
1587 3101 1653 3156 Fol.
1671 3102 1814 3165 Viennae.
1834 3101 1914 3177 apud

174 3217 304 3278 clesiae
329 3217 375 3278 ad
402 3214 529 3279 Scotos
558 3224 722 3277 cantores
749 3215 1004 3295 educabantur,
1043 3202 1045 3295 3
1084 3204 1154 3260 Ant.
1173 3204 1302 3260 Diabelli
1320 3217 1350 3260 et
1367 3205 1473 3279 COmP·
1492 3204 1913 3279 EigesslhumdesVesleges·

173 3348 420 3419 estreoeptus7
438 3337 489 3399 ita
505 3336 747 3399 utinlitteras
764 3337 871 3398 etiam
882 3337 1004 3399 huma·
1042 3298 1045 3415 3
1085 3308 1291 3383 Eingetragen
1309 3311 1338 3363 in
1354 3308 1408 3364 das
1420 3308 1533 3364 Archiv
1549 3307 1603 3365 der
1618 3310 1805 3383 vereinigten
1821 3310 1914 3365 Musi-

199 3460 205 3472 .
301 3459 345 3472 ..
446 3459 452 3471 .
956 3458 961 3472 .
1042 3412 1336 3486 lkalienverleger.

173 3478 289 3521 mores
300 3460 431 3520 1b1dem
444 3460 649 3521 incumbere
664 3470 796 3539 posset.
813 3458 891 3520 Hac
905 3479 1004 3539 qum-

174 3582 304 3664 quenni
326 3582 582 3644 consuetudine
606 3592 743 3643 tantum
764 3601 879 3643 rerum
902 3592 938 3644 et
954 3582 1005 3643 in·
1042 3499 1045 3653 3
1170 3575 1360 3671 Zwyssig
1374 3584 1915 3668 GerolduslMurensis),na-

174 3706 288 3768 stituti
304 3706 350 3767 ad
368 3704 495 3769 Scotos
512 3704 677 3786 concepit
694 3724 861 3785 amorem,
884 3713 922 3766 ut
943 3707 1005 3765 ab·
1084 3714 1142 3765 tus
1159 3713 1214 3766 est
1237 3704 1272 3765 in
1289 3704 1413 3765 Bauen
1437 3703 1472 3764 in
1489 3703 1624 3765 Urania
1644 3703 1833 3766 Helvetiae
1858 3704 1915 3766 die

173 3827 298 3889 solutis
313 3827 540 3888 laudabiliter
556 3827 591 3888 in
608 3826 701 3888 univ.
715 3826 870 3889 Vindob.
892 3825 1004 3906 philo·
1089 3831 1135 3890 15.
1152 3826 1239 3888 Maii
1260 3832 1351 3906 1807,
1368 3826 1597 3887 sollemnibus
1614 3826 1707 3888 votis
1723 3845 1762 3888 se
1779 3826 1915 3908 obliga-

173 3950 319 4031 sophiae
335 3949 462 4012 studiis
475 3949 509 4011 in
524 3951 776 4012 monasterium
789 3949 829 4011 B.
843 3949 944 4010 M.V.
958 3950 1004 4011 ad
1043 3996 1046 4040 ,
1085 3949 1135 4010 vit
1152 3948 1209 4010 die
1231 3948 1443 4010 1.Maii1825
1459 3959 1495 4009 et
1508 3947 1746 4010 sacerdotium
1760 3947 1915 4009 obtinuit

172 4070 300 4135 Scotos
331 4071 463 4153 suscipi
492 4072 645 4152 supplex
672 4070 783 4134 fieret.
820 4071 924 4134 Unde
953 4076 1002 4133 28.
1043 4050 1045 4054 ¹
1085 4071 1141 4133 die
1158 4093 1187 4148 4.
1204 4071 1309 4132 Mart.
1332 4075 1421 4133 1832.
1445 4071 1529 4132 Fuit
1545 4072 1697 4132 musices
1713 4069 1914 4148 instructor,

173 4193 253 4256 Oct.
274 4199 354 4272 1778
379 4195 463 4255 dato
484 4193 608 4256 habitu
629 4193 795 4275 religioso
812 4194 885 4256 voti
908 4195 1004 4256 darn·
1085 4195 1310 4275 organoedus
1324 4203 1359 4255 et
1372 4213 1585 4275 organorum
1595 4201 1825 4271 constructor,
1834 4210 1915 4271 pro-

174 4325 278 4378 natus
309 4320 338 4376 8.
367 4316 442 4377 Iun.
477 4320 553 4394 1783
587 4315 749 4377 sollemni
778 4316 1003 4377 iureiurando
1084 4315 1199 4377 fessor
1216 4315 1442 4376 scientiarum
1459 4313 1681 4376 naturalium.
1711 4310 1914 4392 Suppresso

173 4447 313 4517 tempus
330 4436 365 4497 in
382 4456 485 4498 omne
503 4457 542 4498 se
559 4438 637 4498 Deo
655 4436 882 4518 mancipavit,
905 4437 1003 4498 cuius
1042 4418 1045 4459 ¹
1084 4437 1299 4498 monasterio
1327 4436 1363 4497 in
1387 4435 1559 4497 coenobio
1584 4433 1830 4515 Fischingensi
1855 4434 1915 4494 do-

174 4569 209 4622 et
234 4563 262 4621 5.
285 4558 363 4622 Oct.
396 4563 473 4636 1783
501 4560 669 4620 sacerdos
694 4567 897 4639 cooptatus,
922 4568 1005 4638 post
1042 4523 1045 4648 3
1084 4557 1167 4637 cuit,
1185 4558 1266 4619 dein
1288 4561 1365 4635 1847
1383 4557 1419 4617 in
1435 4575 1531 4637 pago
1548 4555 1779 4637 Ermatingen
1796 4575 1914 4617 curam

174 4683 298 4744 decem
327 4681 403 4743 dies
430 4681 547 4742 hostia
574 4680 724 4761 pacifica
748 4681 826 4742 Deo
854 4681 1005 4762 primum
1085 4679 1280 4741 animarum
1301 4679 1475 4758 exercuit,
1507 4682 1588 4740 1850
1608 4679 1706 4741 venit
1727 4680 1772 4740 ad
1796 4698 1916 4740 mona·

173 4805 300 4867 litavit.
324 4803 412 4865 Mox
428 4803 533 4865 latior
548 4803 679 4885 agendi
697 4823 844 4884 campus
860 4812 1005 4865 strenuo
1086 4801 1231 4863 sterium
1245 4800 1349 4863 Gries
1363 4811 1544 4880 tamquam
1562 4801 1721 4882 capellae
1735 4801 1915 4883 magister,

175 4925 292 4987 iuveni
309 4924 546 5005 aperiebatur.
576 4924 708 4986 Missus
734 4934 788 4986 est
810 4924 902 4986 enirn
925 4945 1006 4987 coo·
1085 4943 1177 4986 anno
1195 4943 1280 4986 vero
1302 4923 1502 5005 insequenti
1525 4923 1758 5005 capellaniam
1780 4923 1816 4985 in
1833 4921 1916 4984 Gla-

175 5059 318 5129 perator
334 5048 369 5108 in
385 5067 510 5110 recens
525 5057 680 5110 creatam
693 5046 899 5127 parochiam
915 5047 1004 5109 ads.
1086 5044 1174 5127 ning
1193 5065 1307 5126 prope
1330 5043 1434 5107 Gries
1457 5030 1621 5125 obtinuit,
1646 5045 1706 5106 ubi
1730 5044 1857 5106 studiis
1881 5054 1917 5105 et

175 5169 402 5232 Laurentium
428 5172 462 5232 in
486 5190 611 5250 campo
628 5168 817 5232 Scotorum
839 5173 918 5248 1786
941 5169 1006 5231 ibi·
1045 5180 1047 5249 7
1086 5165 1309 5228 instructioni
1324 5168 1497 5229 iuniorum
1507 5166 1723 5229 confratrum
1735 5167 1769 5228 in
1783 5166 1917 5227 musica

177 5310 246 5371 que
273 5311 339 5372 per
361 5291 516 5352 sedecim
544 5291 730 5354 continuos
754 5311 865 5353 annos
889 5292 1007 5353 omnia
1087 5298 1123 5350 et
1138 5289 1244 5368 pulsu
1265 5289 1389 5370 organi
1412 5289 1553 5350 deditus
1573 5289 1683 5350 vitam
1707 5287 1835 5350 clausit
1860 5287 1916 5348 die

175 5413 329 5474 muneris
346 5413 400 5474 sui
417 5412 534 5475 officia
550 5434 619 5474 una
636 5415 789 5476 omnium
810 5414 915 5475 laude
932 5413 1007 5475 obi·
1045 5454 1048 5490 ,
1092 5410 1239 5475 1o.Nov.
1258 5416 1348 5489 1874.
1373 5410 1457 5471 Eius
1471 5409 1619 5471 scientia
1636 5420 1672 5472 et
1688 5409 1811 5491 praxis
1828 5408 1862 5470 in
1879 5426 1917 5468 re
