4178 6196
732 1842 1347 1971 PROOEMIUM.

304 2404 390 2524 lam
419 2453 500 2524 sere
526 2476 623 2543 1400
642 2454 727 2524 anni
747 2470 844 2538 sunt,
874 2478 957 2524 curn
978 2480 1006 2525 s.
1028 2452 1257 2524 Benedictus
1278 2450 1486 2523 occidentis
1506 2451 1777 2523 monachorum
1797 2465 1907 2547 pater

167 2642 207 2698 et
234 2627 461 2721 patriarcha,
491 2651 590 2698 anno
621 2633 696 2718 480
724 2627 887 2699 Nursiae
916 2626 950 2698 in
979 2626 1085 2698 ltalia
1113 2641 1224 2697 natus
1254 2624 1424 2696 ordinem
1453 2624 1657 2709 constituit,
1688 2623 1751 2718 qui
1779 2627 1829 2695 ab
1858 2648 1906 2696 eo

166 2800 498 2873 Benedictinorum
527 2825 663 2872 nornen
692 2800 853 2895 accepit.
897 2801 971 2892 Qui
1000 2803 1096 2872 ordo
1126 2800 1233 2872 brevi
1257 2813 1363 2871 tanta
1383 2799 1613 2870 incrementa
1633 2797 1744 2892 cepit,
1775 2814 1815 2869 ut
1838 2822 1908 2892 per

167 2989 291 3045 toturn
320 2973 398 3045 lere
427 2989 609 3045 terrarum
639 2976 770 3044 orbem
799 2986 1039 3068 propagatus
1068 2974 1183 3044 multa
1212 2972 1310 3044 milia
1342 2972 1530 3045 hominum
1564 2971 1758 3066 utriusque
1791 2995 1907 3042 sexus

167 3147 500 3240 complecteretur,
537 3145 599 3240 qui
627 3148 678 3217 ad
706 3145 824 3241 patris
861 3146 918 3217 sui
955 3147 1127 3241 regulam
1162 3160 1201 3216 et
1235 3162 1445 3241 praecepta
1476 3145 1591 3216 vitam
1625 3145 1832 3240 dirigentes
1869 3158 1908 3214 et

168 3346 263 3391 suae
293 3336 330 3391 et
358 3319 515 3391 aliorum
545 3319 656 3392 saluti
684 3320 870 3391 humanae
899 3333 1014 3414 atque
1044 3334 1226 3391 aeternae
1259 3318 1460 3391 salubriter
1487 3319 1757 3390 consuluerunt
1784 3341 1828 3388 ac
1858 3318 1906 3387 de
1936 3310 1940 3319 ’

170 3492 366 3587 republica
394 3492 595 3565 christiana
623 3518 697 3565 non
726 3493 845 3565 minus
873 3519 985 3588 quam
1015 3496 1063 3565 de
1093 3494 1196 3565 cultu
1224 3494 1387 3564 humano
1413 3492 1554 3586 optime
1581 3490 1700 3563 meriti
1726 3504 1821 3561 sunt.
1860 3491 1905 3574 is,

169 3666 341 3761 quamvis
369 3682 582 3762 temporum
611 3665 905 3752 calamitatibus,
943 3664 1158 3751 discordiis,
1192 3664 1459 3737 certaminibus
1492 3689 1567 3735 non
1596 3665 1713 3736 semel
1741 3663 1910 3759 graviter

169 3865 380 3912 concussus
409 3856 524 3924 esset,
554 3854 680 3913 tamen
710 3865 830 3912 novas
855 3864 1006 3935 semper
1031 3837 1133 3934 cepit
1157 3837 1257 3909 vires
1276 3840 1477 3933 laetosque
1497 3838 1641 3910 fructus
1661 3836 1754 3922 tulit,
1784 3862 1908 3931 neque

168 4014 204 4084 in
235 4038 282 4084 eo
312 4038 475 4106 unquam
503 4012 570 4084 viri
600 4013 802 4086 defuerunt
830 4013 994 4110 ingenui,
1025 4013 1088 4107 qui
1117 4037 1292 4109 magnam
1320 4012 1473 4107 pietatis
1493 4030 1532 4085 et
1551 4012 1747 4084 doctrinae
1771 4011 1908 4084 famam

166 4189 285 4282 longe
314 4187 467 4280 lateque
497 4185 771 4259 diffundebant.
826 4190 875 4258 Et
902 4212 977 4259 non
1005 4212 1147 4281 parvus
1177 4200 1236 4258 est
1263 4211 1440 4258 numerus
1468 4210 1617 4272 eorum,
1647 4185 1709 4280 qui
1738 4185 1773 4256 in
1801 4185 1909 4257 huius

170 4359 312 4433 ordinis
339 4359 577 4432 monasteriis
605 4359 829 4432 conformati
858 4358 1039 4467 dignique
1060 4373 1147 4432 sunt
1166 4358 1303 4444 eflecti,
1333 4361 1448 4430 modo
1468 4358 1531 4453 qui
1556 4383 1737 4431 summam
1758 4384 1787 4430 s,
1808 4358 1909 4430 Petri

170 4537 303 4607 sedern
332 4536 649 4619 conscenderent,
685 4537 798 4606 modo
834 4535 897 4629 qui
925 4533 1184 4619 cardinalium,
1218 4533 1608 4627 archiepiscoporum,
1643 4531 1909 4625 episcoporum

171 4709 360 4803 dignitate
391 4707 512 4780 ornati
540 4711 685 4803 populo
714 4709 917 4781 christiano
945 4723 1181 4804 praeessent.

302 4884 378 4954 Iam
406 4907 512 4969 ver0,
544 4907 656 4976 quam
685 4883 926 4955 laudabiliter
954 4906 977 4953 a
1005 4880 1130 4976 primis
1158 4879 1324 4954 exordiis
1352 4882 1402 4952 ad
1430 4895 1598 4952 nostram
1626 4901 1749 4970 usque
1770 4902 1909 4950 memo-

167 5057 264 5129 riam
302 5054 335 5126 in
374 5054 505 5127 animis
543 5057 593 5127 ad
630 5055 812 5150 pietatem
850 5055 1129 5127 conformandis
1166 5069 1204 5126 et
1241 5053 1392 5149 optimis
1425 5053 1568 5126 artibus
1597 5050 1767 5122 colendis
1798 5074 1908 5122 occu-

166 5232 292 5327 patus'
317 5229 438 5315 fuerit,
468 5254 516 5300 ne
547 5227 570 5298 ii
598 5228 750 5322 quidem
770 5228 953 5312 homines,
983 5227 1046 5322 qui
1075 5244 1247 5301 naturam
1266 5227 1368 5299 vitae
1396 5225 1631 5297 monasticae
1661 5250 1735 5295 non
1765 5247 1907 5319 cogno-

164 5417 321 5487 verunt,
357 5404 418 5474 vel
450 5405 548 5476 male
587 5402 714 5474 edocti
753 5401 787 5473 ei
826 5404 1092 5487 adversantur,
1129 5416 1283 5496 negant.
1339 5401 1424 5471 Hos
1457 5397 1553 5469 enirn
1588 5398 1797 5470 monachos
1834 5421 1908 5467 non

1669 5534 1683 5567 a
