4178 6196
910 489 949 500 ...
997 453 1104 515 LXV
1150 491 1190 500 ...

171 681 245 740 duo
268 676 528 740 Benedictinea
556 676 749 740 constituta
773 687 868 758 sunt,
901 699 1008 741 unum
1038 677 1196 744 Gottvici
1221 679 1437 761 Austriacis,
1467 682 1616 743 alterum
1641 679 1825 742 Admontii
1850 678 1921 743 Sti-

170 816 351 880 riensibus
374 815 600 878 monasteriis
622 816 847 881 destinatum.
880 814 953 879 Sed
971 837 1014 880 ne
1031 820 1118 881 haec
1137 818 1279 899 quidem
1297 818 1356 881 diu
1373 830 1588 883 manserunt.
1622 819 1917 882 Benedictineum

172 955 411 1020 Gottvicense
435 965 561 1036 quarto
584 974 677 1017 anno
702 967 784 1037 post
808 955 1017 1019 dissolutum
1050 972 1104 1020 est
1133 967 1241 1039 atque
1274 960 1319 1019 ab
1352 978 1394 1020 eo
1424 968 1584 1040 tempore
1616 958 1736 1021 clerici
1768 979 1798 1021 ο.
1824 978 1850 1020 s
1876 958 1916 1020 B.

172 1108 236 1158 aut
259 1095 295 1157 in
318 1094 468 1177 singulis
491 1093 724 1175 monasteriiS,
748 1104 788 1157 ut
810 1095 965 1175 Mellicii,
991 1093 1178 1178 Gottvigii,
1203 1096 1398 1178 Admontii,
1424 1097 1624 1178 theologiae
1649 1097 1844 1179 disciplinis
1871 1099 1917 1159 ab

172 1235 307 1298 ordinis
330 1234 577 1297 sacerdotibus
601 1234 741 1297 traditis
765 1235 987 1313 erudiuntur,
1011 1246 1074 1298 aut
1097 1237 1132 1298 in
1157 1236 1390 1299 universitate
1414 1205 1703 1316 Vindobonensi,
1729 1236 1916 1317 Pragensi,

173 1374 453 1457 Salisburgensi,
478 1372 739 1455 Oenipontana,
763 1374 974 1456 Pestinensi,
998 1375 1299 1456 praelectionibus
1326 1375 1539 1458 theologicis
1568 1376 1761 1456 intersunt,
1793 1386 1854 1437 aut
1884 1375 1919 1437 in

174 1515 375 1578 seminariis
399 1513 674 1595 episcopalibus,
698 1524 737 1576 ut
761 1533 787 1577 s,
811 1513 1001 1597 Hippolyti
1035 1524 1071 1576 et
1094 1513 1328 1597 Clagenfurti,
1360 1516 1405 1576 ad
1433 1535 1578 1577 munera
1607 1515 1844 1578 sacerdotalia
1868 1515 1920 1577 in·

173 1657 378 1718 stituuntur.
425 1652 512 1715 Cum
543 1654 631 1714 haec
662 1652 708 1714 sit
737 1653 1031 1716 monasteriorum
1061 1653 1201 1736 imperii
1226 1653 1649 1737 Austriaco·Hungarici
1681 1654 1838 1717 conditio
1872 1674 1918 1716 ex

173 1794 396 1877 temporibus
419 1805 507 1874 orta,
532 1793 754 1875 theologicae
779 1793 987 1875 disciplinae
1012 1813 1081 1856 non
1105 1814 1148 1856 eo
1166 1795 1320 1876 quidem,
1347 1813 1417 1876 quo
1434 1815 1499 1875 par
1516 1804 1581 1876 est,
1607 1794 1725 1856 studio
1742 1794 1916 1872 coluntur,

174 1953 293 2015 neque
318 1944 437 1995 tamen
461 1932 707 2014 negleguntur.
751 1931 880 1994 Adhuc
909 1932 1001 1995 enim
1025 1933 1060 1995 in
1084 1933 1243 2015 plurimis
1268 1935 1493 1996 monasteriis
1518 1933 1754 2013 inveniuntur,
1788 1932 1849 2013 qui
1884 1931 1917 1993 in

172 2073 392 2155 theologiam
415 2092 545 2154 magna
569 2092 648 2135 cum
671 2071 844 2134 industria
867 2071 1073 2136 incumbant
1097 2084 1205 2154 atque
1231 2074 1381 2136 docendi
1406 2093 1551 2136 munere
1576 2073 1771 2155 fungantur
1795 2082 1857 2134 aut
1882 2072 1918 2133 in

172 2213 407 2275 universitate
430 2210 701 2273 Vindobonensi
723 2221 759 2274 et
781 2210 999 2293 Pestinensi,
1025 2223 1086 2274 aut
1109 2212 1144 2274 in
1169 2212 1365 2275 seminariis
1389 2213 1669 2294 episcopalibus,
1693 2222 1732 2275 ut
1755 2210 1918 2274 monachi

175 2372 203 2413 s.
229 2351 332 2413 Pauli
359 2351 394 2412 in
425 2350 614 2413 seminario
638 2349 939 2433 Clagenfurtensi,
968 2362 1029 2414 aut
1057 2352 1092 2413 in
1121 2352 1208 2434 ipsis
1232 2352 1464 2415 monasteriis.
1511 2353 1586 2415 Nec
1619 2352 1757 2433 desunt,
1792 2352 1851 2432 qui
1881 2351 1916 2412 in

174 2490 304 2554 litteris
332 2490 544 2573 theologicis
574 2510 704 2572 magna
735 2490 839 2552 laude
870 2489 1020 2553 floreant
1048 2501 1109 2554 aut
1132 2490 1332 2571 floruerint,
1364 2494 1463 2555 velut
1495 2492 1556 2554 Dr.
1589 2492 1740 2554 Ioannes
1772 2491 1916 2569 Rotter,

175 2632 292 2693 abbas
315 2629 603 2709 Braunaviensis,
627 2628 688 2692 Dr.
714 2628 800 2692 Otto
822 2630 1053 2693 Habermann
1077 2650 1103 2693 s.
1128 2631 1232 2693 Pauli
1254 2632 1290 2693 in
1315 2630 1506 2711 Carinthia,
1532 2631 1711 2693 Antonius
1727 2629 1915 2692 Viehbiick

174 2781 213 2831 et
235 2768 398 2851 ignatius
423 2766 564 2831 Schiich
585 2766 879 2847 Cremifanenses,
905 2769 1070 2832 Andreas
1095 2768 1323 2832 Oberleitner
1346 2780 1381 2833 et
1404 2769 1466 2832 Dr.
1492 2770 1684 2832 Anselmus
1708 2768 1847 2831 Ricker
1869 2770 1914 2830 ad

174 2906 306 2970 Scotos
326 2906 642 2987 Vindobonenses,
666 2907 816 2973 P.‚Pius
842 2909 1002 2990 Zingerle
1027 2909 1259 2989 MeranensiS,
1284 2911 1344 2973 Dr.
1377 2911 1591 2972 Altmannus
1621 2908 1782 2990 Arrigler
1813 2906 1916 2969 Gott-

174 3047 340 3127 vicensis,
365 3044 560 3128 Gregorius
582 3047 716 3129 Mayer,
741 3047 968 3127 MellicensiS,
992 3048 1054 3111 Dr.
1079 3050 1231 3112 Ioannes
1256 3049 1433 3111 Ruczisca
1458 3058 1494 3110 et
1517 3047 1579 3110 Dr.
1597 3046 1806 3108 Desiderius
1831 3044 1915 3107 Bita

174 3185 527 3267 Martinsbergenses
551 3185 586 3247 in
609 3185 845 3268 Hungaria1).

311 3324 466 3386 Decreta
482 3324 717 3406 imperatricis
733 3324 870 3388 Mariae
887 3325 1089 3406 Theresiae,
1115 3345 1207 3407 quae
1225 3345 1334 3407 supra
1350 3335 1547 3388 memorata
1563 3333 1656 3405 sunt,
1680 3325 1794 3386 almae
1811 3323 1913 3386 matri

175 3462 435 3527 Benedictinae
466 3461 732 3546 Salisburgensi
769 3483 898 3545 magno
934 3473 1035 3526 erant
1070 3465 1209 3527 damno,
1257 3462 1478 3545 Quamquam
1511 3463 1603 3526 enim
1638 3457 1682 3525 de
1713 3462 1913 3524 auditorum

174 3621 321 3665 numero
345 3602 406 3664 vix
430 3602 622 3683 quidquam
652 3603 870 3665 deminutum
899 3614 969 3682 est,
1000 3612 1135 3684 tamen,
1167 3624 1246 3665 curn
1277 3603 1429 3684 plurima
1460 3601 1676 3665 monasteria
1705 3600 1914 3664 societatem

174 3742 414 3823 reliquissent,
439 3741 573 3804 reditus
594 3742 698 3804 valde
722 3741 894 3805 imminuti
918 3752 1009 3804 sunt.
1048 3742 1160 3805 Aliud
1176 3742 1289 3804 maius
1307 3751 1384 3804 erat
1401 3737 1661 3803 detrimentum.
1695 3739 1915 3803 Monasteria

173 3883 284 3961 enim,
316 3881 445 3962 quibus
475 3880 689 3943 universitas
722 3879 1006 3964 Salisburgensis
1038 3881 1232 3944 communis
1263 3880 1380 3943 fuerat
1411 3880 1608 3943 litterarum
1642 3880 1765 3959 sedes,
1798 3879 1914 3940 soluto

176 4021 362 4083 societatis
385 4020 528 4082 vinculo
552 4020 646 4082 vires
671 4031 706 4082 et
730 4020 857 4100 studia,
890 4040 981 4100 quae
1010 3982 1134 4082 melius
1166 4020 1234 4082 fuit
1257 4039 1401 4082 manere
1429 4019 1627 4097 coniuncta,
1662 4018 1914 4081 distraxerunt.

175 4161 370 4223 Praeterea
382 4160 424 4222 lis
442 4170 519 4223 orta
534 4160 626 4223 inter
638 4159 861 4241 professores
878 4160 969 4222 inter
982 4161 1187 4223 vicesimum
1205 4172 1240 4223 et
1253 4159 1470 4222 tricesimum
1484 4178 1614 4220 annum
1630 4156 1763 4219 saeculi
1776 4154 1914 4218 XVIII.

176 4302 221 4362 de
239 4299 425 4362 Muratorii
448 4299 590 4381 scriptis
612 4299 729 4362 famae
746 4300 989 4363 universitatis
1005 4304 1152 4363 multum
1170 4300 1290 4363 offecit
1299 4302 1333 4381 ²),
1358 4310 1396 4362 ut
1413 4298 1563 4381 singulis
1580 4297 1681 4360 annis
1698 4297 1917 4359 minueretur

175 4439 381 4501 auditorum
404 4458 579 4502 numerus.

308 4578 446 4660 Quibus
469 4581 575 4663 rebus
598 4590 637 4642 ut
660 4580 862 4642 mederetur
884 4579 1124 4662 Hieronymus
1148 4598 1267 4641 comes
1292 4577 1479 4641 Colloredo
1504 4576 1795 4656 archiepiscopus
1818 4575 1913 4655 (1772

175 4721 477 4798 -1803,†1812),
502 4719 645 4781 ultimus
669 4738 789 4781 eorum
814 4719 1162 4801 archiepiscoporum
1180 4718 1516 4800 Salisburgensium,
1543 4716 1602 4797 qui
1625 4734 1740 4778 rerum
1759 4712 1914 4775 civilium

175 4878 313 4921 summa
336 4866 516 4938 potestate
541 4867 641 4919 erant
657 4858 820 4938 praediti,
845 4879 936 4940 quae
953 4867 1093 4941 tempus
1110 4859 1256 4940 exigere
1273 4859 1472 4938 videbatur,
1490 4854 1732 4918 commutavit.
1766 4853 1915 4916 Aditum

175 5000 220 5061 ad
244 4996 499 5059 bibliothecam
523 4997 863 5079 archiepiscopalem
887 4998 1050 5060 omnibus
1073 4998 1274 5079 promiscue
1300 4997 1497 5079 aperiebat,
1522 4993 1739 5075 disciplinas,
1764 5011 1855 5072 quae
1880 4993 1916 5055 in

311 5304 334 5385 ¹)
357 5306 471 5371 Friess‚
496 5304 622 5362 Studien
646 5306 664 5362 l.
689 5326 714 5363 c.
741 5307 776 5363 V.

308 5417 330 5498 2)
355 5421 481 5485 Zauner,
508 5419 641 5476 Chronik
665 5439 723 5476 von
748 5418 912 5494 Salzburg;
937 5421 1023 5495 Mayr
1046 5421 1064 5476 l.
1090 5439 1116 5476 c.
