4178 6196
929 424 1185 510 „96-

396 623 429 708 b)
446 623 545 686 Libri
560 624 802 706 manuscripti.

275 796 298 851 l.
320 796 560 852 Commentarius
576 790 607 852 in
622 794 748 851 Arnoldi
765 795 887 852 Corvini
903 798 949 852 ius
966 814 1015 851 ca·

187 901 1014 976 11611166616616661166169126661161161116211661621661,

188 1024 243 1062 ceu
255 1004 492 1081 supplementum
506 1003 591 1060 titulo
604 1004 701 1079 primo
713 1006 930 1062 institutionum
943 1007 1016 1061 iuris

187 1111 323 1166 canonIci
348 1107 474 1165 rimoldi
498 1109 621 1166 Corvini
645 1107 822 1183 subrogata.
851 1116 892 1166 2⁰.
920 1124 962 1182 30
986 1128 1015 1185 p.

186 1215 221 1271 V.
243 1227 290 1288 17.

272 1319 311 1374 II.
327 1320 425 1374 Notae
441 1319 470 1373 in
486 1319 531 1373 ius
548 1320 723 1375 canonicum
740 1317 865 1374 Arnoldi
882 1318 1014 1374 Corvini

186 1429 227 1478 2⁰.
250 1437 306 1494 132
325 1441 353 1498 p.
372 1423 406 1478 V.
429 1420 475 1479 18.

271 1526 323 1583 III.
348 1526 589 1583 Commentarius
616 1527 645 1582 in
668 1525 795 1582 Arnoldi
819 1526 941 1582 Corvini
969 1528 1014 1582 ius

185 1614 372 1687 canonicum.
389 1637 432 1703 4⁰.
449 1630 490 1687 IV
507 1632 589 1686 tomi.
607 1631 643 1687 V.
664 1646 711 1704 19.

270 1734 321 1791 IV.
342 1734 553 1791 Meditationes
574 1736 604 1791 in
623 1735 669 1791 ius
687 1737 862 1792 canonicum
880 1736 1012 1793 CorvIni.

185 1845 225 1895 2⁰.
243 1837 304 1911 365
324 1859 352 1915 p.
370 1840 406 1896 V.
424 1854 473 1896 20.

269 1963 305 2019 V.
329 1962 377 2018 De
393 1961 542 2036 fugiendis
557 1961 641 2018 Ialsis
658 1962 851 2037 praeiudiciis
868 1964 896 2018 In
913 1981 1012 2019 emen·

182 2064 303 2122 datione
320 2065 530 2142 philosophiae
546 2064 613 2122 llbri
629 2064 699 2122 duo.
723 2066 820 2123 Huius
841 2068 943 2143 operis
960 2086 1011 2123 ex-

182 2183 264 2226 stant
280 2170 345 2227 sola
366 2172 424 2226 tria
443 2172 539 2246 prima
560 2170 691 2246 capitula
706 2170 773 2227 libri
790 2172 886 2246 primi,
911 2185 1012 2229 cetera

180 2273 299 2331 desunt.
317 2275 353 2331 V.
372 2289 423 2330 21.

268 2397 320 2454 Vl.
338 2375 580 2463 Demonstratur‚
597 2396 706 2454 nullam
724 2411 829 2454 contra
845 2398 1011 2455 doctrinam

182 2500 290 2557 Galilei
308 2503 499 2558 constitutam
518 2520 587 2557 esse
603 2501 736 2576 regulam
759 2501 827 2558 fidei
849 2515 879 2559 et
898 2521 936 2559 ne
956 2522 1010 2579 po·

181 2608 276 2662 tuisse
292 2605 411 2680 quidem
429 2605 527 2662 condi.
545 2606 652 2661 Oratio
669 2605 851 2663 academIca.
868 2607 904 2664 V.
923 2622 973 2664 22.

266 2728 332 2785 VII.
356 2727 403 2783 De
420 2726 609 2803 providentia
626 2728 682 2783 Dei
702 2746 758 2804 per
778 2747 827 2784 res
848 2729 1010 2786 litterarias

180 2831 379 2889 manifestata.
397 2833 504 2889 Oratio
520 2832 703 2889 academica.
721 2833 755 2889 V.
774 2847 825 2904 23.

266 2954 346 3011 VIII.
360 2955 407 3011 De
419 2954 629 3030 philosophica
642 2954 692 3010 illa
704 2956 830 3029 regione
840 2954 1009 3012 Themistii.

180 3059 288 3115 Oratio
304 3058 487 3115 academica.
504 3059 541 3115 V.
559 3075 609 3132 24.

265 3182 316 3236 IX.
335 3181 381 3236 De
397 3183 566 3256 ignorantia
583 3183 832 3256 ignorantiaeque
845 3183 945 3237 causis
958 3200 1010 3237 va·

178 3287 240 3342 riis
265 3286 372 3341 Oratio
389 3283 572 3341 academica.
589 3284 626 3341 V.
645 3299 694 3356 25.

263 3407 301 3461 X.
317 3407 362 3461 De
376 3405 455 3461 cultu
469 3407 614 3462 maiorum
629 3419 658 3462 et
670 3406 805 3479 Xongthi
819 3406 899 3483 apud
909 3405 1007 3464 Sioas.

178 3509 286 3566 Oratio
302 3510 476 3566 academica
493 3509 594 3567 habita
615 3524 705 3584 1773.
721 3511 757 3568 V.
776 3508 826 3567 26.

263 3633 315 3687 XI.
334 3632 380 3687 De
396 3634 527 3688 vanitate
543 3633 729 3707 astrologica
746 3646 776 3689 et
787 3652 861 3690 vera
877 3633 1007 3690 siderum

176 3737 285 3792 virtute
302 3755 319 3792 e
335 3737 473 3810 genuinis
489 3738 644 3812 principiis
660 3737 878 3810 investiganda.
900 3739 1007 3794 Oratio

176 3840 349 3897 academica
365 3839 468 3897 habita
488 3839 578 3914 1776.
596 3842 631 3898 V.
650 3855 700 3914 27.

262 3945 329 3999 XII.
347 3944 394 4000 De
411 3959 594 4001 cometarum
611 3948 789 4021 praesagIIs.
813 3946 920 4003 Oratio
937 3965 1007 4002 aca-

175 4047 290 4106 demica
307 4046 408 4104 habita
429 4048 518 4123 1769.
536 4050 572 4106 V.
591 4047 642 4106 28.

260 4153 343 4209 XIII.
361 4154 406 4208 De
424 4156 541 4227 magiae
556 4156 693 4211 veritate.
712 4155 820 4211 Oratio
833 4154 1005 4211 academica

174 4256 276 4313 habita
296 4255 387 4331 1768.
404 4257 441 4313 V.
461 4272 510 4330 29.

260 4380 340 4437 XIV.
352 4379 531 4436 Delenditur
539 4382 650 4436 veritas
663 4394 852 4456 specttorum
861 4383 1003 4437 visorum.

175 4483 283 4540 Oratio
300 4483 473 4541 academica
489 4483 592 4541 habita
613 4481 703 4558 1776.
720 4485 756 4541 V.
774 4498 825 4555 30.

259 4607 324 4663 XV.
341 4606 375 4661 In
393 4606 509 4663 laudem
526 4607 703 4682 principum,
725 4608 775 4681 qui
798 4606 1003 4682 iurispruden·

173 4711 243 4765 tiam
271 4711 436 4766 naturalem
464 4709 631 4768 docendam
660 4712 859 4786 praecipiunt.
895 4711 1002 4767 Oratio

172 4814 345 4871 academica
361 4813 463 4872 habita
484 4829 574 4889 1752.
591 4816 627 4872 V.
644 4828 697 4887 31.

258 4938 338 4995 XVI.
356 4939 403 4994 De
419 4957 504 5015 pace.
522 4938 630 4996 Oratio
647 4937 829 4995 academica.
846 4938 882 4995 V.
899 4951 950 5010 32.

257 5060 352 5116 XVII.
366 5059 520 5136 Apologia
536 5078 593 5136 pro
606 5061 762 5117 retInendo
774 5062 839 5117 iure
852 5063 1000 5117 communi

171 5177 202 5219 et
221 5165 310 5221 civili.
335 5165 443 5223 Oratio
467 5166 641 5223 academica
660 5165 763 5222 habita
784 5179 874 5247 1750.
896 5167 931 5222 V.
948 5180 999 5237 33.

258 5286 367 5342 XVIII.
382 5287 429 5343 De
441 5288 558 5344 theoria
570 5287 823 5364 iurisprudentiae
835 5307 902 5344 cum
915 5291 999 5364 praxi

171 5389 389 5464 coniungenda.
408 5392 515 5447 Oratio
532 5392 714 5449 academica.
731 5392 767 5449 V.
784 5405 836 5464 34.

1154 619 1155 623 ¹
1181 629 1263 684 XIX.
1292 629 1339 684 De
1363 628 1479 684 honore
1502 647 1539 685 26
1561 631 1757 686 veneratione
1780 631 1928 706 iurispru·

1096 733 1215 790 dentiae
1238 752 1344 790 sacrae
1367 733 1527 791 hodiedum
1551 732 1662 791 debita.
1687 735 1795 791 Oratio
1816 734 1927 791 acade-

1096 839 1172 894 mica
1188 835 1289 894 habita
1309 852 1399 912 1770.
1417 840 1452 896 V.
1469 853 1521 912 35.

1181 944 1247 999 XX.
1270 942 1317 1000 De
1333 946 1457 1000 notione
1472 946 1602 1019 genuina
1618 943 1765 1001 libertatis
1781 942 1926 1001 ecclesia·

1096 1049 1199 1104 sticae.
1217 1048 1325 1104 Oratio
1341 1048 1515 1105 academica
1530 1047 1633 1105 habita
1654 1062 1744 1123 1771.
1760 1047 1797 1106 V.
1814 1046 1866 1120 36.
1950 1056 1954 1063 ’

1181 1153 1263 1209 XXI.
1280 1154 1394 1210 Contra
1407 1154 1545 1210 occultos
1557 1152 1706 1210 ecclesiae
1723 1152 1925 1210 insidiatores.

1097 1257 1204 1313 Oratio
1221 1256 1395 1314 academica
1411 1256 1514 1314 habita
1534 1257 1624 1333 1765.
1642 1260 1678 1316 V.
1695 1273 1747 1333 37.

1181 1361 1277 1418 XXII.
1292 1362 1405 1418 Contra
1417 1362 1640 1419 obtrectatores
1653 1364 1818 1439 potestatIs
1827 1362 1925 1420 eccle·

1095 1467 1245 1522 siasticae.
1269 1468 1375 1524 Oratio
1392 1467 1566 1524 academica
1582 1465 1685 1523 habita
1706 1481 1796 1541 1775.
1818 1467 1855 1525 V.
1872 1465 1924 1538 38.

1180 1571 1290 1627 XXIII.
1300 1572 1611 1628 Hostesauctoritatis
1621 1572 1925 1649 ecclesiasticaepes·

1094 1675 1168 1731 sime
1190 1675 1354 1732 abutuntur
1376 1677 1530 1733 IustIniani
1555 1678 1747 1752 imperatoris
1774 1675 1924 1752 exemplo

1094 1781 1201 1836 Oratio
1218 1779 1401 1837 academica.
1420 1782 1454 1838 V.
1471 1796 1523 1854 39.

1178 1886 1287 1943 XXIV.
1316 1888 1364 1942 De
1390 1887 1511 1943 crimine
1542 1886 1724 1943 famosorum
1756 1884 1925 1942 libellorum

1093 2004 1198 2046 contra
1214 2010 1362 2067 personas
1378 2009 1482 2047 sacras
1499 2004 1529 2046 et
1541 1990 1711 2065 religiosae.
1728 1992 1837 2048 Oratio
1853 2009 1924 2047 aca-

1091 2093 1206 2150 demica
1223 2094 1325 2152 habita
1346 2094 1436 2168 1781.
1452 2095 1489 2151 V.
1507 2109 1558 2167 40.

1144 2246 1152 2263 ,
1178 2200 1271 2256 XXV.
1289 2198 1517 2275 Sponsaliorum
1534 2219 1644 2257 causae
1660 2199 1856 2257 iurisdicti0ni
1873 2220 1924 2257 ec-

1091 2302 1280 2360 clesiasticae
1293 2304 1490 2361 vindicantur.
1509 2305 1617 2361 Oratio
1633 2304 1806 2362 academica
1821 2303 1924 2361 habita

1096 2405 1186 2481 1769.
1204 2408 1239 2464 V.
1257 2424 1308 2480 41.

1176 2513 1286 2569 XXVI.
1304 2514 1350 2569 De
1363 2513 1480 2570 divinae
1497 2514 1572 2590 legis
1589 2518 1617 2572 In
1634 2517 1800 2574 homicidas
1812 2518 1841 2573 vi
1854 2536 1925 2593 per·

1091 2617 1216 2674 durante
1228 2617 1327 2692 deque
1340 2620 1404 2674 eius
1417 2620 1603 2693 mitIgatione
1617 2640 1672 2697 per
1683 2622 1781 2697 legem
1794 2625 1921 2696 gratiae.

1091 2722 1199 2778 Oratio
1215 2723 1389 2779 academica
1405 2723 1507 2780 habita
1529 2739 1617 2799 1774.
1636 2726 1671 2782 V.
1689 2742 1740 2799 42.

1176 2827 1299 2883 XXVII.
1317 2828 1363 2883 De
1380 2829 1470 2884 modo
1483 2831 1682 2906 extorquendi
1699 2830 1922 2888 consessionem

1091 2933 1243 2987 criminum
1256 2951 1311 3007 per
1324 2932 1403 2988 diras
1413 2937 1607 3009 quaestiones
1620 2954 1673 2992 seu
1687 2948 1829 2992 torturas.
1843 2937 1923 2993 Ora·

992 3084 997 3093 .
1091 3038 1132 3092 tio
1148 3036 1332 3094 academica.
1350 3038 1385 3095 V.
1403 3053 1454 3111 43.

1175 3141 1314 3197 XXVIII.
1337 3141 1384 3198 De
1404 3145 1483 3200 iusto
1504 3162 1540 3199 ac
1557 3144 1697 3219 prudenti
1714 3145 1920 3203 moderamine

1091 3248 1119 3302 iu
1143 3265 1271 3303 censura
1295 3246 1449 3304 librorum.
1482 3249 1589 3306 Oratio
1615 3250 1789 3307 academica
1816 3250 1920 3308 habita

1094 3364 1183 3424 1775·
1201 3351 1236 3407 V·
1254 3367 1305 3423 44·

1175 3456 1285 3510 XXIX.
1302 3456 1336 3511 ln
1353 3456 1469 3512 laudem
1486 3460 1663 3515 venationis.
1686 3459 1793 3515 Oratio
1810 3460 1920 3516 acade-

1089 3561 1166 3615 mica
1182 3558 1284 3616 hahita
1305 3558 1394 3633 1766.
1412 3562 1448 3618 V.
1466 3577 1517 3634 45.

1175 3684 1270 3738 XXX.
1282 3683 1459 3740 Ostenditur
1468 3685 1642 3760 religionem
1656 3687 1781 3743 alienam
1795 3688 1918 3744 tolerari

1088 3789 1116 3843 in
1129 3787 1284 3862 repubIIca
1296 3787 1442 3843 interdum
1455 3807 1557 3864 posse,
1572 3791 1660 3846 immo
1674 3789 1794 3848 debere.
1809 3792 1918 3851 Oratio

1086 3890 1257 3948 academica
1273 3890 1375 3948 habita
1396 3891 1486 3966 1784.
1503 3893 1538 3949 V.
1556 3891 1606 3966 46.

1172 4015 1282 4070 XXXI.
1300 4015 1507 4071 Ostenduntur
1528 4019 1664 4091 ingentes
1680 4019 1872 4077 dlfsrcultates
1888 4023 1918 4078 in

1086 4137 1158 4175 casu
1190 4118 1364 4175 tolerandae
1396 4120 1551 4194 religionis
1582 4121 1729 4178 adversae
1756 4139 1826 4181 ante
1854 4145 1916 4184 rem

1085 4223 1308 4298 ponderandae.
1323 4224 1430 4281 Oratio
1443 4226 1576 4282 academ.
1590 4225 1693 4283 habita
1710 4227 1800 4302 1784.
1814 4231 1850 4288 V.
1864 4247 1915 4306 47.

1170 4348 1295 4402 XXXII.
1318 4347 1377 4403 Pro
1398 4347 1546 4405 bonorum
1564 4350 1839 4410 ecclesiasticorum
1863 4356 1916 4412 im·

1084 4453 1226 4507 munitate
1249 4454 1276 4506 in
1294 4451 1465 4508 Germania.
1491 4454 1598 4511 Oratio
1619 4457 1791 4514 academica
1812 4458 1916 4516 habita

1088 4555 1178 4630 1780.
1195 4557 1230 4612 V.
1249 4557 1299 4629 48.

1169 4663 1309 4722 XXXIII.
1327 4663 1515 4731 Ostenditur,
1533 4684 1587 4740 per
1604 4685 1709 4741 pacem
1726 4668 1913 4744 Westphali·

1084 4784 1147 4822 cam
1171 4766 1280 4822 nullum
1305 4786 1408 4822 verum
1432 4770 1477 4823 ius
1501 4771 1582 4825 circa
1603 4768 1683 4825 bona
1705 4772 1913 4832 ecclesiastica

1083 4869 1321 4946 protestantibus
1338 4891 1425 4928 cessa
1442 4873 1616 4929 translatum
1639 4874 1740 4941 fuisse,
1765 4877 1820 4934 sed
1840 4879 1913 4935 nihil

1081 4977 1137 5030 nisi
1154 4978 1381 5050 possessionem
1399 4977 1600 5034 illacessitam.
1619 4979 1725 5036 Oratio
1739 4981 1914 5041 academica

1081 5079 1184 5136 habita
1204 5079 1294 5153 1785.
1311 5080 1347 5137 V.
1364 5098 1415 5155 49.

1167 5185 1305 5241 XXXIV.
1330 5187 1388 5241 Pro
1413 5186 1568 5244 Boniiacio
1595 5208 1675 5265 papa
1698 5190 1779 5247 VIII.
1803 5205 1910 5248 contra

1079 5289 1248 5366 Philippum
1265 5290 1437 5359 Pulchrum,
1460 5311 1563 5366 regem
1581 5295 1774 5352 Francorum.
1800 5296 1910 5353 Oratio

1080 5393 1251 5451 academica
1267 5394 1368 5452 habita
1384 5399 1464 5453 61162
1480 5416 1586 5454 annum
1609 5414 1699 5472 1750.
1716 5400 1752 5456 V.
1769 5414 1820 5474 50.
