<?xml version="1.0" encoding="UTF-8"?>
<!DOCTYPE html PUBLIC "-//W3C//DTD XHTML 1.0 Transitional//EN"
    "http://www.w3.org/TR/xhtml1/DTD/xhtml1-transitional.dtd">
<html xmlns="http://www.w3.org/1999/xhtml" xml:lang="en" lang="en">
 <head>
  <title>
</title>
<meta http-equiv="Content-Type" content="text/html;charset=utf-8" />
  <meta name='ocr-system' content='tesseract 3.04.00' />
  <meta name='ocr-capabilities' content='ocr_page ocr_carea ocr_par ocr_line ocrx_word'/>
</head>
<body>
  <div class='ocr_page' id='page_1' title='image "./scriptoresordin00austgoog_0491.png"; bbox 0 0 4178 6196; ppageno 0'>
   <div class='ocr_carea' id='block_1_1' title="bbox 896 400 1177 484">
    <p class='ocr_par' dir='ltr' id='par_1_1' title="bbox 896 400 1177 484">
     <span class='ocr_line' id='line_1_1' title="bbox 896 400 1177 484; baseline 0 -38"><span class='ocrx_word' id='word_1_1' title='bbox 896 400 1177 484; x_wconf 66' lang='lat'><strong>-362-</strong></span> 
     </span>
    </p>
   </div>
   <div class='ocr_carea' id='block_1_2' title="bbox 172 593 997 888">
    <p class='ocr_par' dir='ltr' id='par_1_2' title="bbox 172 593 997 888">
     <span class='ocr_line' id='line_1_2' title="bbox 250 593 997 684; baseline 0.001 -26"><span class='ocrx_word' id='word_1_2' title='bbox 250 602 298 684; x_wconf 69' lang='lat' dir='ltr'><strong>il.</strong></span> <span class='ocrx_word' id='word_1_3' title='bbox 313 602 477 677; x_wconf 85' lang='lat' dir='ltr'><strong>Catalogus</strong></span> <span class='ocrx_word' id='word_1_4' title='bbox 485 601 687 659; x_wconf 91' lang='lat' dir='ltr'><strong>bibliothecae</strong></span> <span class='ocrx_word' id='word_1_5' title='bbox 701 593 831 659; x_wconf 88' lang='lat' dir='ltr'><strong>eiusdem</strong></span> <span class='ocrx_word' id='word_1_6' title='bbox 844 605 997 679; x_wconf 91' lang='lat' dir='ltr'><strong>principis.</strong></span> 
     </span>
     <span class='ocr_line' id='line_1_3' title="bbox 172 708 307 763; baseline 0 0"><span class='ocrx_word' id='word_1_7' title='bbox 172 708 307 763; x_wconf 90' lang='lat' dir='ltr'><strong>Manusc.</strong></span> 
     </span>
     <span class='ocr_line' id='line_1_4' title="bbox 261 812 793 888; baseline 0.002 -21"><span class='ocrx_word' id='word_1_8' title='bbox 261 812 313 868; x_wconf 89' lang='grc' dir='ltr'>ΙΙΙ.</span> <span class='ocrx_word' id='word_1_9' title='bbox 330 812 477 868; x_wconf 83' lang='lat' dir='ltr'>Nonnulla</span> <span class='ocrx_word' id='word_1_10' title='bbox 494 818 642 888; x_wconf 73' lang='lat' dir='ltr'><strong>poemata.</strong></span> <span class='ocrx_word' id='word_1_11' title='bbox 659 812 793 868; x_wconf 91' lang='lat' dir='ltr'><strong>Manusc.</strong></span> 
     </span>
    </p>
   </div>
   <div class='ocr_carea' id='block_1_3' title="bbox 171 940 999 1149">
    <p class='ocr_par' dir='ltr' id='par_1_3' title="bbox 171 940 999 1149">
     <span class='ocr_line' id='line_1_5' title="bbox 260 940 999 1034; baseline 0 -21"><span class='ocrx_word' id='word_1_12' title='bbox 260 940 406 1013; x_wconf 84' lang='lat' dir='ltr'><strong>Rauch</strong></span> <span class='ocrx_word' id='word_1_13' title='bbox 426 952 689 1034; x_wconf 85' lang='lat' dir='ltr'><strong>Augustinus</strong></span> <span class='ocrx_word' id='word_1_14' title='bbox 707 950 999 1033; x_wconf 79' lang='lat' dir='ltr'><strong>(Cremifanen</strong></span> 
     </span>
     <span class='ocr_line' id='line_1_6' title="bbox 171 1067 997 1149; baseline 0.001 -19"><span class='ocrx_word' id='word_1_15' title='bbox 171 1068 259 1149; x_wconf 86' lang='lat' dir='ltr'><strong>sis),</strong></span> <span class='ocrx_word' id='word_1_16' title='bbox 287 1067 477 1131; x_wconf 88' lang='lat' dir='ltr'><strong>Cremifani</strong></span> <span class='ocrx_word' id='word_1_17' title='bbox 505 1069 562 1132; x_wconf 91' lang='lat' dir='ltr'><strong>die</strong></span> <span class='ocrx_word' id='word_1_18' title='bbox 591 1074 641 1131; x_wconf 88' lang='lat'><strong>28.</strong></span> <span class='ocrx_word' id='word_1_19' title='bbox 668 1069 742 1133; x_wconf 95' lang='lat' dir='ltr'><strong>Ian.</strong></span> <span class='ocrx_word' id='word_1_20' title='bbox 775 1074 855 1147; x_wconf 80' lang='lat'>1844</span> <span class='ocrx_word' id='word_1_21' title='bbox 882 1078 997 1147; x_wconf 84' lang='lat' dir='ltr'><strong>natus,</strong></span> 
     </span>
    </p>
   </div>
   <div class='ocr_carea' id='block_1_4' title="bbox 88 1189 998 2598">
    <p class='ocr_par' dir='ltr' id='par_1_4' title="bbox 88 1189 998 2598">
     <span class='ocr_line' id='line_1_7' title="bbox 170 1189 997 1275; baseline -0.002 -22"><span class='ocrx_word' id='word_1_22' title='bbox 170 1192 396 1275; x_wconf 84' lang='lat' dir='ltr'><strong>gymnasium</strong></span> <span class='ocrx_word' id='word_1_23' title='bbox 435 1189 699 1253; x_wconf 90' lang='lat' dir='ltr'><strong>Cremifanense</strong></span> <span class='ocrx_word' id='word_1_24' title='bbox 741 1189 997 1271; x_wconf 86' lang='lat' dir='ltr'><strong>frequentavit;</strong></span> 
     </span>
     <span class='ocr_line' id='line_1_8' title="bbox 174 1313 998 1396; baseline -0.002 -20"><span class='ocrx_word' id='word_1_25' title='bbox 174 1313 232 1376; x_wconf 93' lang='lat' dir='ltr'><strong>die</strong></span> <span class='ocrx_word' id='word_1_26' title='bbox 255 1336 283 1378; x_wconf 92' lang='lat'><strong>2.</strong></span> <span class='ocrx_word' id='word_1_27' title='bbox 301 1315 395 1396; x_wconf 88' lang='lat' dir='ltr'><strong>Aug.</strong></span> <span class='ocrx_word' id='word_1_28' title='bbox 421 1317 497 1375; x_wconf 77' lang='grc'>18111</span> <span class='ocrx_word' id='word_1_29' title='bbox 527 1334 553 1375; x_wconf 88' lang='lat' dir='ltr'><strong>s.</strong></span> <span class='ocrx_word' id='word_1_30' title='bbox 576 1313 708 1376; x_wconf 88' lang='lat' dir='ltr'>ordinis</span> <span class='ocrx_word' id='word_1_31' title='bbox 731 1323 832 1375; x_wconf 89' lang='lat' dir='ltr'><strong>veste</strong></span> <span class='ocrx_word' id='word_1_32' title='bbox 854 1313 998 1375; x_wconf 92' lang='lat' dir='ltr'><strong>indutus</strong></span> 
     </span>
     <span class='ocr_line' id='line_1_9' title="bbox 172 1433 997 1518; baseline -0.002 -20"><span class='ocrx_word' id='word_1_33' title='bbox 172 1436 441 1518; x_wconf 85' lang='lat' dir='ltr'><strong>quadriennium</strong></span> <span class='ocrx_word' id='word_1_34' title='bbox 454 1435 691 1518; x_wconf 91' lang='lat' dir='ltr'><strong>theologicum</strong></span> <span class='ocrx_word' id='word_1_35' title='bbox 708 1435 743 1496; x_wconf 92' lang='lat' dir='ltr'><strong>in</strong></span> <span class='ocrx_word' id='word_1_36' title='bbox 759 1433 921 1497; x_wconf 90' lang='lat' dir='ltr'><strong>instituto</strong></span> <span class='ocrx_word' id='word_1_37' title='bbox 938 1436 997 1496; x_wconf 94' lang='lat' dir='ltr'><strong>do-</strong></span> 
     </span>
     <span class='ocr_line' id='line_1_10' title="bbox 172 1555 997 1629; baseline -0.002 -9"><span class='ocrx_word' id='word_1_38' title='bbox 172 1558 321 1621; x_wconf 90' lang='lat' dir='ltr'><strong>mestico</strong></span> <span class='ocrx_word' id='word_1_39' title='bbox 346 1558 515 1621; x_wconf 85' lang='lat' dir='ltr'><strong>canoniae</strong></span> <span class='ocrx_word' id='word_1_40' title='bbox 540 1577 566 1621; x_wconf 93' lang='lat' dir='ltr'><strong>s.</strong></span> <span class='ocrx_word' id='word_1_41' title='bbox 590 1557 744 1619; x_wconf 87' lang='lat' dir='ltr'><strong>Floriani</strong></span> <span class='ocrx_word' id='word_1_42' title='bbox 768 1556 938 1629; x_wconf 87' lang='lat' dir='ltr'><strong>absolvit;</strong></span> <span class='ocrx_word' id='word_1_43' title='bbox 962 1555 997 1618; x_wconf 92' lang='lat' dir='ltr'><strong>in</strong></span> 
     </span>
     <span class='ocr_line' id='line_1_11' title="bbox 171 1677 996 1762; baseline -0.004 -20"><span class='ocrx_word' id='word_1_44' title='bbox 171 1700 310 1743; x_wconf 89' lang='lat' dir='ltr'><strong>sacram</strong></span> <span class='ocrx_word' id='word_1_45' title='bbox 334 1681 492 1762; x_wconf 90' lang='lat' dir='ltr'><strong>regulam</strong></span> <span class='ocrx_word' id='word_1_46' title='bbox 514 1678 697 1761; x_wconf 90' lang='lat' dir='ltr'><strong>professus</strong></span> <span class='ocrx_word' id='word_1_47' title='bbox 726 1700 773 1757; x_wconf 82' lang='lat'><strong>14.</strong></span> <span class='ocrx_word' id='word_1_48' title='bbox 796 1677 896 1760; x_wconf 88' lang='lat' dir='ltr'><strong>Sept.</strong></span> <span class='ocrx_word' id='word_1_49' title='bbox 917 1681 996 1740; x_wconf 81' lang='lat'>1805</span> 
     </span>
     <span class='ocr_line' id='line_1_12' title="bbox 173 1799 997 1879; baseline -0.004 -15"><span class='ocrx_word' id='word_1_50' title='bbox 173 1804 340 1865; x_wconf 85' lang='lat' dir='ltr'><strong>sacerdos</strong></span> <span class='ocrx_word' id='word_1_51' title='bbox 372 1803 554 1864; x_wconf 91' lang='lat' dir='ltr'><strong>ordinatus</strong></span> <span class='ocrx_word' id='word_1_52' title='bbox 586 1813 640 1864; x_wconf 93' lang='lat' dir='ltr'><strong>est</strong></span> <span class='ocrx_word' id='word_1_53' title='bbox 666 1801 722 1862; x_wconf 93' lang='lat' dir='ltr'><strong>die</strong></span> <span class='ocrx_word' id='word_1_54' title='bbox 748 1821 797 1879; x_wconf 83' lang='lat'><strong>²9·</strong></span> <span class='ocrx_word' id='word_1_55' title='bbox 822 1800 887 1863; x_wconf 91' lang='lat' dir='ltr'><strong>Iul.</strong></span> <span class='ocrx_word' id='word_1_56' title='bbox 915 1799 997 1861; x_wconf 91' lang='lat' dir='ltr'><strong>anni</strong></span> 
     </span>
     <span class='ocr_line' id='line_1_13' title="bbox 178 1920 998 2002; baseline -0.006 -16"><span class='ocrx_word' id='word_1_57' title='bbox 178 1930 268 1988; x_wconf 80' lang='lat'><strong>1860.</strong></span> <span class='ocrx_word' id='word_1_58' title='bbox 304 1928 479 2002; x_wconf 75' lang='lat'>1866—74</span> <span class='ocrx_word' id='word_1_59' title='bbox 508 1922 740 1985; x_wconf 91' lang='lat' dir='ltr'><strong>subsidiarius</strong></span> <span class='ocrx_word' id='word_1_60' title='bbox 766 1922 801 1984; x_wconf 93' lang='lat' dir='ltr'><strong>in</strong></span> <span class='ocrx_word' id='word_1_61' title='bbox 825 1920 998 1984; x_wconf 87' lang='lat' dir='ltr'><strong>Buchkir·</strong></span> 
     </span>
     <span class='ocr_line' id='line_1_14' title="bbox 172 2043 997 2127; baseline -0.007 -17"><span class='ocrx_word' id='word_1_62' title='bbox 172 2049 273 2127; x_wconf 86' lang='lat' dir='ltr'><strong>chen,</strong></span> <span class='ocrx_word' id='word_1_63' title='bbox 296 2047 423 2109; x_wconf 91' lang='lat' dir='ltr'><strong>deinde</strong></span> <span class='ocrx_word' id='word_1_64' title='bbox 440 2056 650 2126; x_wconf 82' lang='lat' dir='ltr'><strong>cooperator</strong></span> <span class='ocrx_word' id='word_1_65' title='bbox 665 2044 700 2107; x_wconf 96' lang='lat' dir='ltr'><strong>in</strong></span> <span class='ocrx_word' id='word_1_66' title='bbox 716 2043 910 2124; x_wconf 87' lang='lat' dir='ltr'><strong>Thalheim,</strong></span> <span class='ocrx_word' id='word_1_67' title='bbox 933 2062 997 2123; x_wconf 92' lang='lat' dir='ltr'><strong>pro</strong></span> 
     </span>
     <span class='ocr_line' id='line_1_15' title="bbox 154 2165 904 2253; baseline -0.008 -21"><span class='ocrx_word' id='word_1_68' title='bbox 154 2247 157 2253; x_wconf 24' lang='grc' dir='ltr'>Ι</span> <span class='ocrx_word' id='word_1_69' title='bbox 174 2182 333 2252; x_wconf 92' lang='lat' dir='ltr'><strong>tempore</strong></span> <span class='ocrx_word' id='word_1_70' title='bbox 351 2178 560 2249; x_wconf 87' lang='lat' dir='ltr'><strong>cooperator</strong></span> <span class='ocrx_word' id='word_1_71' title='bbox 575 2166 610 2229; x_wconf 94' lang='lat' dir='ltr'><strong>in</strong></span> <span class='ocrx_word' id='word_1_72' title='bbox 627 2165 904 2228; x_wconf 88' lang='lat' dir='ltr'><strong>Weisskirchen.</strong></span> 
     </span>
     <span class='ocr_line' id='line_1_16' title="bbox 261 2287 997 2370; baseline -0.007 -16"><span class='ocrx_word' id='word_1_73' title='bbox 261 2289 478 2370; x_wconf 89' lang='lat' dir='ltr'><strong>Conscripsit</strong></span> <span class='ocrx_word' id='word_1_74' title='bbox 487 2290 606 2370; x_wconf 90' lang='lat' dir='ltr'><strong>plures</strong></span> <span class='ocrx_word' id='word_1_75' title='bbox 620 2287 895 2367; x_wconf 85' lang='lat' dir='ltr'><strong>dissertationes,</strong></span> <span class='ocrx_word' id='word_1_76' title='bbox 907 2307 997 2369; x_wconf 89' lang='lat' dir='ltr'><strong>quae</strong></span> 
     </span>
     <span class='ocr_line' id='line_1_17' title="bbox 88 2403 997 2497; baseline -0.008 -21"><span class='ocrx_word' id='word_1_77' title='bbox 88 2403 94 2416; x_wconf 61' lang='lat'>⁸</span> <span class='ocrx_word' id='word_1_78' title='bbox 174 2416 339 2497; x_wconf 91' lang='lat' dir='ltr'><strong>leguntur</strong></span> <span class='ocrx_word' id='word_1_79' title='bbox 356 2413 391 2474; x_wconf 92' lang='lat' dir='ltr'><strong>in</strong></span> <span class='ocrx_word' id='word_1_80' title='bbox 409 2410 553 2493; x_wconf 77' lang='lat' dir='ltr'><strong>„Linzer</strong></span> <span class='ocrx_word' id='word_1_81' title='bbox 566 2406 997 2491; x_wconf 82' lang='lat' dir='ltr'><strong>TheologischeQuartal-</strong></span> 
     </span>
     <span class='ocr_line' id='line_1_18' title="bbox 172 2530 907 2598; baseline -0.007 0"><span class='ocrx_word' id='word_1_82' title='bbox 172 2535 326 2598; x_wconf 83' lang='lat' dir='ltr'><strong>schrift“.</strong></span> <span class='ocrx_word' id='word_1_83' title='bbox 899 2530 907 2539; x_wconf 79' lang='grc'><strong>“</strong></span> 
     </span>
    </p>
   </div>
   <div class='ocr_carea' id='block_1_5' title="bbox 172 2664 996 2875">
    <p class='ocr_par' dir='ltr' id='par_1_5' title="bbox 172 2664 996 2875">
     <span class='ocr_line' id='line_1_19' title="bbox 258 2664 996 2757; baseline -0.007 -16"><span class='ocrx_word' id='word_1_84' title='bbox 258 2664 608 2740; x_wconf 87' lang='lat' dir='ltr'><strong>Rauttenstrauch</strong></span> <span class='ocrx_word' id='word_1_85' title='bbox 628 2673 867 2757; x_wconf 85' lang='lat' dir='ltr'><strong>Stephanus</strong></span> <span class='ocrx_word' id='word_1_86' title='bbox 885 2673 996 2754; x_wconf 79' lang='lat' dir='ltr'><strong>(Bre-</strong></span> 
     </span>
     <span class='ocr_line' id='line_1_20' title="bbox 172 2789 996 2875; baseline -0.008 -16"><span class='ocrx_word' id='word_1_87' title='bbox 172 2789 674 2875; x_wconf 86' lang='lat' dir='ltr'><strong>vnoveno-Braunensis),</strong></span> <span class='ocrx_word' id='word_1_88' title='bbox 697 2790 941 2854; x_wconf 88' lang='lat' dir='ltr'><strong>Plottendorfii</strong></span> <span class='ocrx_word' id='word_1_89' title='bbox 961 2792 996 2852; x_wconf 92' lang='lat' dir='ltr'><strong>in</strong></span> 
     </span>
    </p>
   </div>
   <div class='ocr_carea' id='block_1_6' title="bbox 172 2913 996 3226">
    <p class='ocr_par' dir='ltr' id='par_1_6' title="bbox 172 2913 996 3226">
     <span class='ocr_line' id='line_1_21' title="bbox 173 2913 996 2994; baseline -0.009 -13"><span class='ocrx_word' id='word_1_90' title='bbox 173 2918 345 2981; x_wconf 91' lang='lat' dir='ltr'><strong>Bohemia</strong></span> <span class='ocrx_word' id='word_1_91' title='bbox 360 2916 417 2978; x_wconf 91' lang='lat' dir='ltr'><strong>die</strong></span> <span class='ocrx_word' id='word_1_92' title='bbox 435 2937 484 2994; x_wconf 77' lang='lat'><strong>29.</strong></span> <span class='ocrx_word' id='word_1_93' title='bbox 502 2914 564 2976; x_wconf 86' lang='lat' dir='ltr'><strong>lul.</strong></span> <span class='ocrx_word' id='word_1_94' title='bbox 587 2919 665 2992; x_wconf 82' lang='lat'><strong>1734</strong></span> <span class='ocrx_word' id='word_1_95' title='bbox 686 2913 720 2974; x_wconf 94' lang='lat' dir='ltr'><strong>in</strong></span> <span class='ocrx_word' id='word_1_96' title='bbox 745 2913 858 2975; x_wconf 92' lang='lat' dir='ltr'><strong>lucem</strong></span> <span class='ocrx_word' id='word_1_97' title='bbox 881 2913 996 2975; x_wconf 93' lang='lat' dir='ltr'><strong>editus</strong></span> 
     </span>
     <span class='ocr_line' id='line_1_22' title="bbox 174 3034 995 3122; baseline -0.01 -19"><span class='ocrx_word' id='word_1_98' title='bbox 174 3041 290 3104; x_wconf 91' lang='lat' dir='ltr'><strong>studia</strong></span> <span class='ocrx_word' id='word_1_99' title='bbox 313 3037 490 3122; x_wconf 87' lang='lat' dir='ltr'><strong>gymnasii</strong></span> <span class='ocrx_word' id='word_1_100' title='bbox 514 3036 653 3117; x_wconf 90' lang='lat' dir='ltr'><strong>Pragae</strong></span> <span class='ocrx_word' id='word_1_101' title='bbox 678 3034 829 3097; x_wconf 89' lang='lat' dir='ltr'><strong>absolvit</strong></span> <span class='ocrx_word' id='word_1_102' title='bbox 854 3045 888 3097; x_wconf 90' lang='lat' dir='ltr'><strong>et</strong></span> <span class='ocrx_word' id='word_1_103' title='bbox 913 3054 995 3096; x_wconf 85' lang='lat' dir='ltr'><strong>mox</strong></span> 
     </span>
     <span class='ocr_line' id='line_1_23' title="bbox 172 3156 996 3226; baseline -0.011 -1"><span class='ocrx_word' id='word_1_104' title='bbox 172 3161 371 3226; x_wconf 91' lang='lat' dir='ltr'><strong>tirocinium</strong></span> <span class='ocrx_word' id='word_1_105' title='bbox 405 3157 675 3222; x_wconf 89' lang='lat' dir='ltr'><strong>Benedictinum</strong></span> <span class='ocrx_word' id='word_1_106' title='bbox 710 3156 744 3217; x_wconf 93' lang='lat' dir='ltr'><strong>in</strong></span> <span class='ocrx_word' id='word_1_107' title='bbox 783 3156 996 3218; x_wconf 89' lang='lat' dir='ltr'><strong>monasterio</strong></span> 
     </span>
    </p>
   </div>
   <div class='ocr_carea' id='block_1_7' title="bbox 173 3278 1053 3360">
    <p class='ocr_par' dir='ltr' id='par_1_7' title="bbox 173 3278 1053 3360">
     <span class='ocr_line' id='line_1_24' title="bbox 173 3278 1053 3360; baseline -0.011 -12"><span class='ocrx_word' id='word_1_108' title='bbox 173 3282 430 3347; x_wconf 76' lang='lat' dir='ltr'><strong>Bievnoviensi</strong></span> <span class='ocrx_word' id='word_1_109' title='bbox 458 3280 575 3343; x_wconf 92' lang='lat' dir='ltr'><strong>subiit.</strong></span> <span class='ocrx_word' id='word_1_110' title='bbox 609 3278 816 3359; x_wconf 92' lang='lat' dir='ltr'><strong>Disciplinis</strong></span> <span class='ocrx_word' id='word_1_111' title='bbox 843 3278 997 3360; x_wconf 90' lang='lat' dir='ltr'><strong>philoso-</strong></span> <span class='ocrx_word' id='word_1_112' title='bbox 1049 3342 1053 3347; x_wconf 66' lang='grc'><strong><em>,</em></strong></span> 
     </span>
    </p>
   </div>
   <div class='ocr_carea' id='block_1_8' title="bbox 172 3400 996 4217">
    <p class='ocr_par' dir='ltr' id='par_1_8' title="bbox 172 3400 996 4217">
     <span class='ocr_line' id='line_1_25' title="bbox 173 3400 996 3489; baseline -0.01 -21"><span class='ocrx_word' id='word_1_113' title='bbox 173 3407 286 3489; x_wconf 89' lang='lat' dir='ltr'><strong>phicis</strong></span> <span class='ocrx_word' id='word_1_114' title='bbox 303 3415 338 3466; x_wconf 90' lang='lat' dir='ltr'><strong>et</strong></span> <span class='ocrx_word' id='word_1_115' title='bbox 353 3401 564 3484; x_wconf 88' lang='lat' dir='ltr'><strong>theologicis</strong></span> <span class='ocrx_word' id='word_1_116' title='bbox 585 3401 620 3462; x_wconf 91' lang='lat' dir='ltr'><strong>in</strong></span> <span class='ocrx_word' id='word_1_117' title='bbox 635 3400 848 3463; x_wconf 87' lang='lat' dir='ltr'><strong>monasterio</strong></span> <span class='ocrx_word' id='word_1_118' title='bbox 864 3419 996 3462; x_wconf 88' lang='lat' dir='ltr'><strong>vacans</strong></span> 
     </span>
     <span class='ocr_line' id='line_1_26' title="bbox 172 3522 995 3604; baseline -0.007 -15"><span class='ocrx_word' id='word_1_119' title='bbox 172 3527 289 3590; x_wconf 88' lang='lat' dir='ltr'><strong>emisit</strong></span> <span class='ocrx_word' id='word_1_120' title='bbox 313 3545 449 3588; x_wconf 89' lang='lat' dir='ltr'><strong>sacram</strong></span> <span class='ocrx_word' id='word_1_121' title='bbox 473 3523 728 3604; x_wconf 85' lang='lat' dir='ltr'><strong>professionem</strong></span> <span class='ocrx_word' id='word_1_122' title='bbox 750 3523 914 3584; x_wconf 90' lang='lat' dir='ltr'><strong>Brauna&#39;e</strong></span> <span class='ocrx_word' id='word_1_123' title='bbox 939 3522 995 3583; x_wconf 93' lang='lat' dir='ltr'><strong>die</strong></span> 
     </span>
     <span class='ocr_line' id='line_1_27' title="bbox 179 3638 995 3727; baseline -0.007 -16"><span class='ocrx_word' id='word_1_124' title='bbox 179 3671 224 3727; x_wconf 82' lang='lat'><strong>14.</strong></span> <span class='ocrx_word' id='word_1_125' title='bbox 241 3648 330 3710; x_wconf 88' lang='lat' dir='ltr'><strong>Nov.</strong></span> <span class='ocrx_word' id='word_1_126' title='bbox 351 3651 440 3725; x_wconf 84' lang='lat'><strong>1751.</strong></span> <span class='ocrx_word' id='word_1_127' title='bbox 465 3638 659 3727; x_wconf 69' lang='lat' dir='ltr'><strong>Presbyter</strong></span> <span class='ocrx_word' id='word_1_128' title='bbox 676 3645 733 3705; x_wconf 91' lang='lat' dir='ltr'><strong>die</strong></span> <span class='ocrx_word' id='word_1_129' title='bbox 755 3648 800 3706; x_wconf 86' lang='grc'><strong>15.</strong></span> <span class='ocrx_word' id='word_1_130' title='bbox 819 3643 897 3708; x_wconf 89' lang='lat' dir='ltr'><strong>Oct.</strong></span> <span class='ocrx_word' id='word_1_131' title='bbox 916 3648 995 3722; x_wconf 82' lang='lat'>1758</span> 
     </span>
     <span class='ocr_line' id='line_1_28' title="bbox 172 3765 994 3848; baseline -0.007 -16"><span class='ocrx_word' id='word_1_132' title='bbox 172 3771 354 3833; x_wconf 87' lang='lat' dir='ltr'><strong>ordinatus</strong></span> <span class='ocrx_word' id='word_1_133' title='bbox 382 3770 427 3829; x_wconf 92' lang='lat' dir='ltr'><strong>ob</strong></span> <span class='ocrx_word' id='word_1_134' title='bbox 450 3766 669 3848; x_wconf 90' lang='lat' dir='ltr'><strong>praecellens</strong></span> <span class='ocrx_word' id='word_1_135' title='bbox 693 3785 793 3826; x_wconf 92' lang='lat' dir='ltr'><strong>suum</strong></span> <span class='ocrx_word' id='word_1_136' title='bbox 817 3765 994 3847; x_wconf 88' lang='lat' dir='ltr'><strong>ingenium</strong></span> 
     </span>
     <span class='ocr_line' id='line_1_29' title="bbox 174 3886 996 3968; baseline -0.006 -15"><span class='ocrx_word' id='word_1_137' title='bbox 174 3895 219 3955; x_wconf 93' lang='lat' dir='ltr'><strong>ab</strong></span> <span class='ocrx_word' id='word_1_138' title='bbox 236 3892 366 3952; x_wconf 89' lang='lat' dir='ltr'><strong>abbate</strong></span> <span class='ocrx_word' id='word_1_139' title='bbox 391 3909 454 3951; x_wconf 92' lang='lat' dir='ltr'><strong>suo</strong></span> <span class='ocrx_word' id='word_1_140' title='bbox 475 3889 591 3950; x_wconf 90' lang='lat' dir='ltr'><strong>iussus</strong></span> <span class='ocrx_word' id='word_1_141' title='bbox 614 3886 854 3968; x_wconf 90' lang='lat' dir='ltr'><strong>frequentavit</strong></span> <span class='ocrx_word' id='word_1_142' title='bbox 877 3888 996 3950; x_wconf 91' lang='lat' dir='ltr'><strong>iuridi-</strong></span> 
     </span>
     <span class='ocr_line' id='line_1_30' title="bbox 173 4010 995 4091; baseline -0.007 -15"><span class='ocrx_word' id='word_1_143' title='bbox 173 4033 234 4077; x_wconf 90' lang='lat' dir='ltr'><strong>cas</strong></span> <span class='ocrx_word' id='word_1_144' title='bbox 260 4012 295 4074; x_wconf 92' lang='lat' dir='ltr'><strong>in</strong></span> <span class='ocrx_word' id='word_1_145' title='bbox 324 4032 398 4073; x_wconf 83' lang='lat' dir='ltr'><strong>cr.</strong></span> <span class='ocrx_word' id='word_1_146' title='bbox 423 4011 516 4072; x_wconf 87' lang='lat' dir='ltr'><strong>univ.</strong></span> <span class='ocrx_word' id='word_1_147' title='bbox 536 4010 702 4091; x_wconf 88' lang='lat' dir='ltr'><strong>Pragena</strong></span> <span class='ocrx_word' id='word_1_148' title='bbox 729 4010 995 4090; x_wconf 61' lang='lat' dir='ltr'><strong>praelectiones</strong></span> 
     </span>
     <span class='ocr_line' id='line_1_31' title="bbox 173 4131 996 4217; baseline -0.009 -19"><span class='ocrx_word' id='word_1_149' title='bbox 173 4136 309 4217; x_wconf 87' lang='lat' dir='ltr'><strong>fuitque</strong></span> <span class='ocrx_word' id='word_1_150' title='bbox 330 4134 479 4215; x_wconf 89' lang='lat' dir='ltr'><strong>posthac</strong></span> <span class='ocrx_word' id='word_1_151' title='bbox 500 4131 708 4213; x_wconf 91' lang='lat' dir='ltr'><strong>designatus</strong></span> <span class='ocrx_word' id='word_1_152' title='bbox 731 4133 776 4192; x_wconf 88' lang='lat' dir='ltr'><strong>ad</strong></span> <span class='ocrx_word' id='word_1_153' title='bbox 801 4131 996 4192; x_wconf 88' lang='lat' dir='ltr'><strong>docendam</strong></span> 
     </span>
    </p>
   </div>
   <div class='ocr_carea' id='block_1_9' title="bbox 1077 600 1902 687">
    <p class='ocr_par' dir='ltr' id='par_1_9' title="bbox 1077 600 1902 687">
     <span class='ocr_line' id='line_1_32' title="bbox 1077 600 1902 687; baseline 0.007 -25"><span class='ocrx_word' id='word_1_154' title='bbox 1077 600 1255 664; x_wconf 84' lang='lat' dir='ltr'><strong>facultatis</strong></span> <span class='ocrx_word' id='word_1_155' title='bbox 1286 604 1507 687; x_wconf 83' lang='lat' dir='ltr'><strong>theologicae</strong></span> <span class='ocrx_word' id='word_1_156' title='bbox 1534 604 1740 687; x_wconf 90' lang='lat' dir='ltr'><strong>Pragensis‚</strong></span> <span class='ocrx_word' id='word_1_157' title='bbox 1774 605 1902 668; x_wconf 91' lang='lat' dir='ltr'><strong>deinde</strong></span> 
     </span>
    </p>
   </div>
   <div class='ocr_carea' id='block_1_10' title="bbox 1050 722 1902 806">
    <p class='ocr_par' dir='ltr' id='par_1_10' title="bbox 1050 722 1902 806">
     <span class='ocr_line' id='line_1_33' title="bbox 1050 722 1902 806; baseline 0.008 -23"><span class='ocrx_word' id='word_1_158' title='bbox 1050 735 1055 742; x_wconf 83' lang='lat'><em>·</em></span> <span class='ocrx_word' id='word_1_159' title='bbox 1077 722 1299 806; x_wconf 78' lang='lat' dir='ltr'><strong>ViennensiS,</strong></span> <span class='ocrx_word' id='word_1_160' title='bbox 1313 746 1355 788; x_wconf 88' lang='lat' dir='ltr'><strong>ac</strong></span> <span class='ocrx_word' id='word_1_161' title='bbox 1368 727 1510 788; x_wconf 93' lang='lat' dir='ltr'><strong>tandem</strong></span> <span class='ocrx_word' id='word_1_162' title='bbox 1523 729 1569 789; x_wconf 89' lang='lat' dir='ltr'><strong>ab</strong></span> <span class='ocrx_word' id='word_1_163' title='bbox 1580 726 1829 805; x_wconf 90' lang='lat' dir='ltr'><strong>augustissimo</strong></span> <span class='ocrx_word' id='word_1_164' title='bbox 1841 727 1902 790; x_wconf 91' lang='lat' dir='ltr'><strong>im·</strong></span> 
     </span>
    </p>
   </div>
   <div class='ocr_carea' id='block_1_11' title="bbox 1076 846 1901 1662">
    <p class='ocr_par' dir='ltr' id='par_1_11' title="bbox 1076 846 1901 1542">
     <span class='ocr_line' id='line_1_34' title="bbox 1077 846 1899 932; baseline 0.007 -27"><span class='ocrx_word' id='word_1_165' title='bbox 1077 856 1241 926; x_wconf 89' lang='lat' dir='ltr'><strong>peratore</strong></span> <span class='ocrx_word' id='word_1_166' title='bbox 1258 846 1411 928; x_wconf 88' lang='lat' dir='ltr'><strong>losepho</strong></span> <span class='ocrx_word' id='word_1_167' title='bbox 1427 848 1471 911; x_wconf 92' lang='lat' dir='ltr'><strong>II.</strong></span> <span class='ocrx_word' id='word_1_168' title='bbox 1493 851 1559 909; x_wconf 93' lang='lat' dir='ltr'><strong>sub</strong></span> <span class='ocrx_word' id='word_1_169' title='bbox 1580 848 1637 910; x_wconf 91' lang='lat' dir='ltr'><strong>die</strong></span> <span class='ocrx_word' id='word_1_170' title='bbox 1659 869 1687 912; x_wconf 88' lang='lat'><strong>2.</strong></span> <span class='ocrx_word' id='word_1_171' title='bbox 1704 848 1800 932; x_wconf 92' lang='lat' dir='ltr'><strong>Aug.</strong></span> <span class='ocrx_word' id='word_1_172' title='bbox 1822 853 1899 928; x_wconf 82' lang='lat'><em>1782</em></span> 
     </span>
     <span class='ocr_line' id='line_1_35' title="bbox 1077 967 1901 1034; baseline 0.006 -5"><span class='ocrx_word' id='word_1_173' title='bbox 1077 967 1297 1030; x_wconf 87' lang='lat' dir='ltr'><strong>consiliarius</strong></span> <span class='ocrx_word' id='word_1_174' title='bbox 1321 969 1455 1032; x_wconf 88' lang='lat' dir='ltr'><strong>aulicus</strong></span> <span class='ocrx_word' id='word_1_175' title='bbox 1480 970 1726 1034; x_wconf 89' lang='lat' dir='ltr'><strong>denominatus</strong></span> <span class='ocrx_word' id='word_1_176' title='bbox 1750 973 1797 1033; x_wconf 89' lang='lat' dir='ltr'><strong>ad</strong></span> <span class='ocrx_word' id='word_1_177' title='bbox 1822 991 1901 1034; x_wconf 90' lang='lat' dir='ltr'><strong>can·</strong></span> 
     </span>
     <span class='ocr_line' id='line_1_36' title="bbox 1078 1089 1901 1174; baseline 0.005 -24"><span class='ocrx_word' id='word_1_178' title='bbox 1078 1089 1254 1152; x_wconf 90' lang='lat' dir='ltr'><strong>cellariam</strong></span> <span class='ocrx_word' id='word_1_179' title='bbox 1283 1092 1431 1153; x_wconf 88' lang='lat' dir='ltr'><strong>aulicam</strong></span> <span class='ocrx_word' id='word_1_180' title='bbox 1460 1093 1651 1174; x_wconf 87' lang='lat' dir='ltr'><strong>deputatus</strong></span> <span class='ocrx_word' id='word_1_181' title='bbox 1677 1103 1742 1155; x_wconf 92' lang='lat' dir='ltr'><strong>est.</strong></span> <span class='ocrx_word' id='word_1_182' title='bbox 1774 1090 1901 1156; x_wconf 84' lang='lat' dir='ltr'><strong>Studia</strong></span> 
     </span>
     <span class='ocr_line' id='line_1_37' title="bbox 1077 1212 1900 1297; baseline 0.005 -23"><span class='ocrx_word' id='word_1_183' title='bbox 1077 1213 1278 1295; x_wconf 87' lang='lat' dir='ltr'><strong>theologica</strong></span> <span class='ocrx_word' id='word_1_184' title='bbox 1303 1212 1337 1275; x_wconf 94' lang='lat' dir='ltr'><strong>in</strong></span> <span class='ocrx_word' id='word_1_185' title='bbox 1359 1213 1520 1297; x_wconf 88' lang='lat' dir='ltr'><strong>Ungaria</strong></span> <span class='ocrx_word' id='word_1_186' title='bbox 1539 1215 1747 1278; x_wconf 87' lang='lat' dir='ltr'><strong>visitaturus</strong></span> <span class='ocrx_word' id='word_1_187' title='bbox 1771 1215 1807 1278; x_wconf 91' lang='lat' dir='ltr'><strong>in</strong></span> <span class='ocrx_word' id='word_1_188' title='bbox 1828 1214 1900 1278; x_wconf 92' lang='lat' dir='ltr'><strong>Un-</strong></span> 
     </span>
     <span class='ocr_line' id='line_1_38' title="bbox 1076 1333 1900 1419; baseline 0.006 -25"><span class='ocrx_word' id='word_1_189' title='bbox 1076 1333 1212 1415; x_wconf 87' lang='lat' dir='ltr'><strong>gariam</strong></span> <span class='ocrx_word' id='word_1_190' title='bbox 1229 1355 1308 1397; x_wconf 90' lang='lat' dir='ltr'><strong>sese</strong></span> <span class='ocrx_word' id='word_1_191' title='bbox 1325 1336 1482 1417; x_wconf 84' lang='lat' dir='ltr'><strong>contulit,</strong></span> <span class='ocrx_word' id='word_1_192' title='bbox 1504 1337 1564 1398; x_wconf 93' lang='lat' dir='ltr'><strong>ubi</strong></span> <span class='ocrx_word' id='word_1_193' title='bbox 1580 1337 1715 1419; x_wconf 87' lang='lat' dir='ltr'><strong>Agriae</strong></span> <span class='ocrx_word' id='word_1_194' title='bbox 1736 1336 1900 1418; x_wconf 87' lang='lat' dir='ltr'><strong>praecoci</strong></span> 
     </span>
     <span class='ocr_line' id='line_1_39' title="bbox 1076 1455 1899 1542; baseline 0.006 -26"><span class='ocrx_word' id='word_1_195' title='bbox 1076 1466 1188 1517; x_wconf 89' lang='lat' dir='ltr'><strong>morte</strong></span> <span class='ocrx_word' id='word_1_196' title='bbox 1206 1455 1263 1518; x_wconf 92' lang='lat' dir='ltr'><strong>die</strong></span> <span class='ocrx_word' id='word_1_197' title='bbox 1280 1461 1330 1519; x_wconf 92' lang='grc' dir='ltr'><strong>3ο.</strong></span> <span class='ocrx_word' id='word_1_198' title='bbox 1348 1456 1447 1540; x_wconf 89' lang='lat' dir='ltr'><strong>Sept.</strong></span> <span class='ocrx_word' id='word_1_199' title='bbox 1469 1463 1547 1537; x_wconf 87' lang='lat'>1785</span> <span class='ocrx_word' id='word_1_200' title='bbox 1565 1458 1657 1522; x_wconf 90' lang='lat' dir='ltr'><strong>vivis</strong></span> <span class='ocrx_word' id='word_1_201' title='bbox 1674 1470 1820 1542; x_wconf 91' lang='lat' dir='ltr'><strong>ereptus</strong></span> <span class='ocrx_word' id='word_1_202' title='bbox 1837 1470 1899 1522; x_wconf 91' lang='lat' dir='ltr'><strong>est.</strong></span> 
     </span>
    </p>

    <p class='ocr_par' dir='ltr' id='par_1_12' title="bbox 1163 1577 1901 1662">
     <span class='ocr_line' id='line_1_40' title="bbox 1163 1577 1901 1662; baseline 0.004 -20"><span class='ocrx_word' id='word_1_203' title='bbox 1163 1577 1250 1642; x_wconf 91' lang='lat' dir='ltr'><strong>Orbi</strong></span> <span class='ocrx_word' id='word_1_204' title='bbox 1280 1579 1450 1643; x_wconf 89' lang='lat' dir='ltr'><strong>litterario</strong></span> <span class='ocrx_word' id='word_1_205' title='bbox 1482 1580 1712 1662; x_wconf 91' lang='lat' dir='ltr'><strong>sequentibus</strong></span> <span class='ocrx_word' id='word_1_206' title='bbox 1739 1582 1901 1645; x_wconf 89' lang='lat' dir='ltr'><strong>inclaruit</strong></span> 
     </span>
    </p>
   </div>
   <div class='ocr_carea' id='block_1_12' title="bbox 1019 1700 1231 1783">
    <p class='ocr_par' dir='ltr' id='par_1_13' title="bbox 1019 1700 1231 1783">
     <span class='ocr_line' id='line_1_41' title="bbox 1019 1700 1231 1783; baseline 0.009 -22"><span class='ocrx_word' id='word_1_207' title='bbox 1019 1740 1024 1751; x_wconf 84' lang='lat'><strong>·</strong></span> <span class='ocrx_word' id='word_1_208' title='bbox 1076 1700 1231 1783; x_wconf 89' lang='lat' dir='ltr'><strong>scriptis:</strong></span> 
     </span>
    </p>
   </div>
   <div class='ocr_carea' id='block_1_13' title="bbox 1162 1828 1899 1907">
    <p class='ocr_par' dir='ltr' id='par_1_14' title="bbox 1162 1828 1899 1907">
     <span class='ocr_line' id='line_1_42' title="bbox 1162 1828 1899 1907; baseline 0.007 -25"><span class='ocrx_word' id='word_1_209' title='bbox 1162 1828 1183 1883; x_wconf 95' lang='lat' dir='ltr'><strong>l.</strong></span> <span class='ocrx_word' id='word_1_210' title='bbox 1198 1829 1404 1884; x_wconf 89' lang='lat' dir='ltr'><strong>Institutiones</strong></span> <span class='ocrx_word' id='word_1_211' title='bbox 1417 1831 1489 1885; x_wconf 91' lang='lat' dir='ltr'><strong>iuris</strong></span> <span class='ocrx_word' id='word_1_212' title='bbox 1502 1831 1701 1886; x_wconf 87' lang='lat' dir='ltr'><strong>ecclesiastici</strong></span> <span class='ocrx_word' id='word_1_213' title='bbox 1713 1850 1780 1887; x_wconf 92' lang='lat' dir='ltr'><strong>cum</strong></span> <span class='ocrx_word' id='word_1_214' title='bbox 1790 1829 1899 1907; x_wconf 88' lang='lat' dir='ltr'><strong>publici</strong></span> 
     </span>
    </p>
   </div>
   <div class='ocr_carea' id='block_1_14' title="bbox 1058 1931 1897 2006">
    <p class='ocr_par' dir='ltr' id='par_1_15' title="bbox 1058 1931 1897 2006">
     <span class='ocr_line' id='line_1_43' title="bbox 1058 1931 1897 2006; baseline 0.007 -21"><span class='ocrx_word' id='word_1_215' title='bbox 1058 1943 1136 1986; x_wconf 62' lang='lat' dir='ltr'><strong>«tum</strong></span> <span class='ocrx_word' id='word_1_216' title='bbox 1163 1933 1272 2006; x_wconf 89' lang='lat' dir='ltr'><strong>privati</strong></span> <span class='ocrx_word' id='word_1_217' title='bbox 1304 1931 1407 1988; x_wconf 90' lang='lat' dir='ltr'><strong>usibus</strong></span> <span class='ocrx_word' id='word_1_218' title='bbox 1434 1932 1614 1989; x_wconf 87' lang='lat' dir='ltr'><strong>Germaniae</strong></span> <span class='ocrx_word' id='word_1_219' title='bbox 1641 1934 1897 1991; x_wconf 87' lang='lat' dir='ltr'><strong>accommodatae.</strong></span> 
     </span>
    </p>
   </div>
   <div class='ocr_carea' id='block_1_15' title="bbox 1075 2034 1900 4089">
    <p class='ocr_par' dir='ltr' id='par_1_16' title="bbox 1076 2034 1899 2215">
     <span class='ocr_line' id='line_1_44' title="bbox 1076 2034 1899 2114; baseline 0.004 -24"><span class='ocrx_word' id='word_1_220' title='bbox 1076 2034 1303 2110; x_wconf 87' lang='lat' dir='ltr'><strong>Prolegomena.</strong></span> <span class='ocrx_word' id='word_1_221' title='bbox 1317 2037 1463 2093; x_wconf 92' lang='lat' dir='ltr'><strong>Volumen</strong></span> <span class='ocrx_word' id='word_1_222' title='bbox 1478 2053 1487 2092; x_wconf 94' lang='lat'>1</span> <span class='ocrx_word' id='word_1_223' title='bbox 1510 2037 1551 2094; x_wconf 87' lang='lat'><strong>8⁰.</strong></span> <span class='ocrx_word' id='word_1_224' title='bbox 1565 2039 1691 2112; x_wconf 88' lang='lat' dir='ltr'><strong>Pragae,</strong></span> <span class='ocrx_word' id='word_1_225' title='bbox 1702 2041 1783 2114; x_wconf 88' lang='lat' dir='ltr'><strong>typis</strong></span> <span class='ocrx_word' id='word_1_226' title='bbox 1793 2039 1899 2113; x_wconf 87' lang='lat' dir='ltr'><strong>Fitzky</strong></span> 
     </span>
     <span class='ocr_line' id='line_1_45' title="bbox 1076 2139 1657 2215; baseline 0.003 -20"><span class='ocrx_word' id='word_1_227' title='bbox 1076 2153 1107 2195; x_wconf 91' lang='lat' dir='ltr'><strong>et</strong></span> <span class='ocrx_word' id='word_1_228' title='bbox 1122 2139 1357 2196; x_wconf 87' lang='lat' dir='ltr'><strong>Hladkianorum</strong></span> <span class='ocrx_word' id='word_1_229' title='bbox 1374 2141 1546 2197; x_wconf 89' lang='lat' dir='ltr'><strong>haeredum.</strong></span> <span class='ocrx_word' id='word_1_230' title='bbox 1569 2141 1657 2215; x_wconf 81' lang='lat'><strong>1769.</strong></span> 
     </span>
    </p>

    <p class='ocr_par' dir='ltr' id='par_1_17' title="bbox 1075 2244 1900 2631">
     <span class='ocr_line' id='line_1_46' title="bbox 1162 2244 1900 2319; baseline 0.004 -20"><span class='ocrx_word' id='word_1_231' title='bbox 1162 2245 1199 2301; x_wconf 94' lang='lat' dir='ltr'><strong>II.</strong></span> <span class='ocrx_word' id='word_1_232' title='bbox 1216 2244 1297 2300; x_wconf 87' lang='lat' dir='ltr'><strong>Idem</strong></span> <span class='ocrx_word' id='word_1_233' title='bbox 1314 2263 1392 2319; x_wconf 90' lang='lat' dir='ltr'><strong>opus</strong></span> <span class='ocrx_word' id='word_1_234' title='bbox 1404 2244 1460 2300; x_wconf 90' lang='lat' dir='ltr'><strong>sub</strong></span> <span class='ocrx_word' id='word_1_235' title='bbox 1473 2246 1576 2303; x_wconf 91' lang='lat' dir='ltr'><strong>titulo:</strong></span> <span class='ocrx_word' id='word_1_236' title='bbox 1594 2246 1816 2302; x_wconf 90' lang='lat' dir='ltr'><strong>Institutionum</strong></span> <span class='ocrx_word' id='word_1_237' title='bbox 1830 2248 1900 2302; x_wconf 86' lang='lat' dir='ltr'><strong>iuris</strong></span> 
     </span>
     <span class='ocr_line' id='line_1_47' title="bbox 1076 2348 1900 2407; baseline 0 -2"><span class='ocrx_word' id='word_1_238' title='bbox 1076 2349 1271 2405; x_wconf 89' lang='lat' dir='ltr'><strong>ecclesiastici</strong></span> <span class='ocrx_word' id='word_1_239' title='bbox 1289 2348 1469 2405; x_wconf 87' lang='lat' dir='ltr'><strong>Germaniae</strong></span> <span class='ocrx_word' id='word_1_240' title='bbox 1488 2350 1781 2407; x_wconf 89' lang='lat' dir='ltr'><strong>accommodatarum</strong></span> <span class='ocrx_word' id='word_1_241' title='bbox 1797 2350 1900 2407; x_wconf 88' lang='lat' dir='ltr'><strong>Prole·</strong></span> 
     </span>
     <span class='ocr_line' id='line_1_48' title="bbox 1075 2452 1898 2538; baseline 0.002 -30"><span class='ocrx_word' id='word_1_242' title='bbox 1075 2472 1213 2538; x_wconf 79' lang='lat' dir='ltr'><strong>gpmena.</strong></span> <span class='ocrx_word' id='word_1_243' title='bbox 1240 2452 1340 2509; x_wconf 82' lang='lat' dir='ltr'><strong>Editio</strong></span> <span class='ocrx_word' id='word_1_244' title='bbox 1356 2455 1482 2510; x_wconf 87' lang='lat' dir='ltr'><strong>auctior.</strong></span> <span class='ocrx_word' id='word_1_245' title='bbox 1506 2453 1652 2510; x_wconf 90' lang='lat' dir='ltr'><strong>Volumen</strong></span> <span class='ocrx_word' id='word_1_246' title='bbox 1674 2471 1684 2511; x_wconf 92' lang='lat'>1</span> <span class='ocrx_word' id='word_1_247' title='bbox 1710 2453 1752 2511; x_wconf 90' lang='lat'><strong>8⁰.</strong></span> <span class='ocrx_word' id='word_1_248' title='bbox 1775 2455 1898 2528; x_wconf 85' lang='lat' dir='ltr'><strong>Pragae,</strong></span> 
     </span>
     <span class='ocr_line' id='line_1_49' title="bbox 1076 2556 1589 2631; baseline 0 -17"><span class='ocrx_word' id='word_1_249' title='bbox 1076 2561 1104 2614; x_wconf 92' lang='lat' dir='ltr'><strong>in</strong></span> <span class='ocrx_word' id='word_1_250' title='bbox 1121 2556 1241 2613; x_wconf 81' lang='lat' dir='ltr'><strong>officina</strong></span> <span class='ocrx_word' id='word_1_251' title='bbox 1257 2556 1477 2630; x_wconf 85' lang='lat' dir='ltr'><strong>Mangoldiana.</strong></span> <span class='ocrx_word' id='word_1_252' title='bbox 1501 2572 1589 2631; x_wconf 81' lang='lat'><strong>1774.</strong></span> 
     </span>
    </p>

    <p class='ocr_par' dir='ltr' id='par_1_18' title="bbox 1075 2662 1899 2944">
     <span class='ocr_line' id='line_1_50' title="bbox 1161 2662 1899 2719; baseline 0.003 -2"><span class='ocrx_word' id='word_1_253' title='bbox 1161 2663 1214 2718; x_wconf 92' lang='lat' dir='ltr'><strong>Ill.</strong></span> <span class='ocrx_word' id='word_1_254' title='bbox 1238 2664 1441 2719; x_wconf 84' lang='lat' dir='ltr'><strong>institutiones</strong></span> <span class='ocrx_word' id='word_1_255' title='bbox 1462 2663 1534 2719; x_wconf 88' lang='lat' dir='ltr'><strong>iuris</strong></span> <span class='ocrx_word' id='word_1_256' title='bbox 1557 2663 1755 2719; x_wconf 87' lang='lat' dir='ltr'><strong>ecclesiastici</strong></span> <span class='ocrx_word' id='word_1_257' title='bbox 1773 2662 1899 2719; x_wconf 88' lang='lat' dir='ltr'><strong>Germa·</strong></span> 
     </span>
     <span class='ocr_line' id='line_1_51' title="bbox 1075 2765 1899 2840; baseline 0.002 -19"><span class='ocrx_word' id='word_1_258' title='bbox 1075 2769 1142 2823; x_wconf 88' lang='lat' dir='ltr'><strong>niae</strong></span> <span class='ocrx_word' id='word_1_259' title='bbox 1158 2766 1412 2822; x_wconf 89' lang='lat' dir='ltr'><strong>accommodatae.</strong></span> <span class='ocrx_word' id='word_1_260' title='bbox 1431 2766 1519 2822; x_wconf 90' lang='lat' dir='ltr'><strong>Tom.</strong></span> <span class='ocrx_word' id='word_1_261' title='bbox 1540 2782 1564 2821; x_wconf 90' lang='lat'><strong>1.</strong></span> <span class='ocrx_word' id='word_1_262' title='bbox 1583 2765 1624 2823; x_wconf 87' lang='lat'><strong>8⁰.</strong></span> <span class='ocrx_word' id='word_1_263' title='bbox 1646 2767 1772 2840; x_wconf 85' lang='lat' dir='ltr'><strong>Pragae,</strong></span> <span class='ocrx_word' id='word_1_264' title='bbox 1790 2769 1819 2823; x_wconf 93' lang='lat' dir='ltr'><strong>in</strong></span> <span class='ocrx_word' id='word_1_265' title='bbox 1836 2766 1899 2824; x_wconf 80' lang='lat' dir='ltr'><strong>offi-</strong></span> 
     </span>
     <span class='ocr_line' id='line_1_52' title="bbox 1076 2870 1490 2944; baseline -0.002 -17"><span class='ocrx_word' id='word_1_266' title='bbox 1076 2874 1142 2927; x_wconf 89' lang='lat' dir='ltr'><strong>cina</strong></span> <span class='ocrx_word' id='word_1_267' title='bbox 1158 2870 1378 2944; x_wconf 85' lang='lat' dir='ltr'><strong>Mangoldiana.</strong></span> <span class='ocrx_word' id='word_1_268' title='bbox 1401 2885 1490 2944; x_wconf 85' lang='lat'><strong>1772.</strong></span> 
     </span>
    </p>

    <p class='ocr_par' dir='ltr' id='par_1_19' title="bbox 1076 2974 1898 3257">
     <span class='ocr_line' id='line_1_53' title="bbox 1161 2974 1898 3051; baseline 0 -21"><span class='ocrx_word' id='word_1_269' title='bbox 1161 2975 1210 3032; x_wconf 90' lang='lat' dir='ltr'><strong>IV.</strong></span> <span class='ocrx_word' id='word_1_270' title='bbox 1237 2976 1282 3030; x_wconf 88' lang='lat' dir='ltr'><strong>De</strong></span> <span class='ocrx_word' id='word_1_271' title='bbox 1306 2976 1370 3030; x_wconf 88' lang='lat' dir='ltr'><strong>iure</strong></span> <span class='ocrx_word' id='word_1_272' title='bbox 1391 2977 1534 3051; x_wconf 85' lang='lat' dir='ltr'><strong>principis</strong></span> <span class='ocrx_word' id='word_1_273' title='bbox 1555 2974 1739 3050; x_wconf 78' lang='lat' dir='ltr'><strong>praefigendi</strong></span> <span class='ocrx_word' id='word_1_274' title='bbox 1758 2976 1898 3031; x_wconf 88' lang='lat' dir='ltr'><strong>maturio·</strong></span> 
     </span>
     <span class='ocr_line' id='line_1_54' title="bbox 1076 3078 1898 3155; baseline -0.001 -20"><span class='ocrx_word' id='word_1_275' title='bbox 1076 3099 1136 3136; x_wconf 90' lang='lat' dir='ltr'><strong>rem</strong></span> <span class='ocrx_word' id='word_1_276' title='bbox 1148 3078 1326 3155; x_wconf 84' lang='lat' dir='ltr'><strong>professioni</strong></span> <span class='ocrx_word' id='word_1_277' title='bbox 1338 3080 1522 3135; x_wconf 87' lang='lat' dir='ltr'><strong>monasticae</strong></span> <span class='ocrx_word' id='word_1_278' title='bbox 1534 3078 1658 3135; x_wconf 90' lang='lat' dir='ltr'><strong>sollenni</strong></span> <span class='ocrx_word' id='word_1_279' title='bbox 1674 3092 1814 3136; x_wconf 89' lang='lat' dir='ltr'><strong>aetatem.</strong></span> <span class='ocrx_word' id='word_1_280' title='bbox 1829 3079 1898 3134; x_wconf 91' lang='lat' dir='ltr'><strong>Dia·</strong></span> 
     </span>
     <span class='ocr_line' id='line_1_55' title="bbox 1076 3183 1896 3257; baseline 0 -17"><span class='ocrx_word' id='word_1_281' title='bbox 1076 3184 1161 3240; x_wconf 89' lang='lat' dir='ltr'><strong>triba.</strong></span> <span class='ocrx_word' id='word_1_282' title='bbox 1178 3185 1305 3257; x_wconf 87' lang='lat' dir='ltr'><strong>Pragae‚</strong></span> <span class='ocrx_word' id='word_1_283' title='bbox 1324 3186 1350 3238; x_wconf 89' lang='lat' dir='ltr'><strong>in</strong></span> <span class='ocrx_word' id='word_1_284' title='bbox 1368 3183 1487 3239; x_wconf 81' lang='lat' dir='ltr'><strong>officina</strong></span> <span class='ocrx_word' id='word_1_285' title='bbox 1504 3183 1724 3257; x_wconf 85' lang='lat' dir='ltr'><strong>Mangoldiana.</strong></span> <span class='ocrx_word' id='word_1_286' title='bbox 1747 3198 1838 3257; x_wconf 81' lang='lat'><strong>1773.</strong></span> <span class='ocrx_word' id='word_1_287' title='bbox 1856 3183 1896 3240; x_wconf 85' lang='lat'><strong>8⁰.</strong></span> 
     </span>
    </p>

    <p class='ocr_par' dir='ltr' id='par_1_20' title="bbox 1075 3287 1897 3569">
     <span class='ocr_line' id='line_1_56' title="bbox 1161 3287 1897 3363; baseline -0.003 -17"><span class='ocrx_word' id='word_1_288' title='bbox 1161 3290 1196 3346; x_wconf 89' lang='lat' dir='ltr'><strong>V.</strong></span> <span class='ocrx_word' id='word_1_289' title='bbox 1221 3290 1388 3344; x_wconf 88' lang='lat' dir='ltr'><strong>institutum</strong></span> <span class='ocrx_word' id='word_1_290' title='bbox 1409 3287 1558 3344; x_wconf 85' lang='lat' dir='ltr'><strong>facultatis</strong></span> <span class='ocrx_word' id='word_1_291' title='bbox 1580 3287 1771 3363; x_wconf 89' lang='lat' dir='ltr'><strong>theologicae</strong></span> <span class='ocrx_word' id='word_1_292' title='bbox 1788 3289 1897 3346; x_wconf 91' lang='lat' dir='ltr'><strong>Vindo-</strong></span> 
     </span>
     <span class='ocr_line' id='line_1_57' title="bbox 1075 3390 1896 3457; baseline -0.001 -9"><span class='ocrx_word' id='word_1_293' title='bbox 1075 3392 1227 3449; x_wconf 77' lang='lat' dir='ltr'><strong>bonensis</strong></span> <span class='ocrx_word' id='word_1_294' title='bbox 1258 3392 1403 3449; x_wconf 92' lang='lat' dir='ltr'><strong>Volumen</strong></span> <span class='ocrx_word' id='word_1_295' title='bbox 1435 3407 1446 3447; x_wconf 92' lang='lat'>1</span> <span class='ocrx_word' id='word_1_296' title='bbox 1481 3392 1522 3448; x_wconf 85' lang='lat'><strong>8⁰.</strong></span> <span class='ocrx_word' id='word_1_297' title='bbox 1551 3390 1766 3457; x_wconf 87' lang='lat' dir='ltr'><strong>Vindobonae‚</strong></span> <span class='ocrx_word' id='word_1_298' title='bbox 1794 3393 1896 3449; x_wconf 89' lang='lat' dir='ltr'><strong>litteris</strong></span> 
     </span>
     <span class='ocr_line' id='line_1_58' title="bbox 1075 3496 1383 3569; baseline 0 -17"><span class='ocrx_word' id='word_1_299' title='bbox 1075 3498 1271 3554; x_wconf 84' lang='lat' dir='ltr'><strong>Schulzianis.</strong></span> <span class='ocrx_word' id='word_1_300' title='bbox 1293 3496 1383 3569; x_wconf 83' lang='lat'><strong>1778.</strong></span> 
     </span>
    </p>

    <p class='ocr_par' dir='ltr' id='par_1_21' title="bbox 1075 3599 1898 4089">
     <span class='ocr_line' id='line_1_59' title="bbox 1161 3599 1897 3675; baseline -0.003 -17"><span class='ocrx_word' id='word_1_301' title='bbox 1161 3602 1212 3658; x_wconf 89' lang='lat' dir='ltr'><strong>Vl.</strong></span> <span class='ocrx_word' id='word_1_302' title='bbox 1236 3599 1378 3656; x_wconf 87' lang='lat' dir='ltr'><strong>Entwurf</strong></span> <span class='ocrx_word' id='word_1_303' title='bbox 1396 3619 1447 3655; x_wconf 87' lang='lat' dir='ltr'><strong>zur</strong></span> <span class='ocrx_word' id='word_1_304' title='bbox 1464 3600 1661 3674; x_wconf 85' lang='lat' dir='ltr'><strong>Einrichtung</strong></span> <span class='ocrx_word' id='word_1_305' title='bbox 1681 3599 1735 3656; x_wconf 90' lang='lat' dir='ltr'><strong>der</strong></span> <span class='ocrx_word' id='word_1_306' title='bbox 1752 3600 1897 3675; x_wconf 92' lang='lat' dir='ltr'><strong>theologi·</strong></span> 
     </span>
     <span class='ocr_line' id='line_1_60' title="bbox 1075 3701 1898 3783; baseline -0.002 -21"><span class='ocrx_word' id='word_1_307' title='bbox 1075 3707 1167 3763; x_wconf 85' lang='lat' dir='ltr'><strong>schcn</strong></span> <span class='ocrx_word' id='word_1_308' title='bbox 1185 3704 1315 3761; x_wconf 87' lang='lat' dir='ltr'><strong>Schulen</strong></span> <span class='ocrx_word' id='word_1_309' title='bbox 1332 3707 1360 3760; x_wconf 93' lang='lat' dir='ltr'><strong>in</strong></span> <span class='ocrx_word' id='word_1_310' title='bbox 1376 3705 1433 3759; x_wconf 90' lang='lat' dir='ltr'><strong>den</strong></span> <span class='ocrx_word' id='word_1_311' title='bbox 1452 3703 1481 3760; x_wconf 88' lang='lat' dir='ltr'><strong>k.</strong></span> <span class='ocrx_word' id='word_1_312' title='bbox 1499 3705 1528 3760; x_wconf 89' lang='grc'><strong>11.</strong></span> <span class='ocrx_word' id='word_1_313' title='bbox 1546 3702 1726 3760; x_wconf 88' lang='lat' dir='ltr'><strong>Erblanden.</strong></span> <span class='ocrx_word' id='word_1_314' title='bbox 1745 3701 1774 3783; x_wconf 86' lang='lat' dir='ltr'><strong>(i.</strong></span> <span class='ocrx_word' id='word_1_315' title='bbox 1789 3724 1815 3762; x_wconf 88' lang='lat' dir='ltr'><strong>e.</strong></span> <span class='ocrx_word' id='word_1_316' title='bbox 1830 3706 1898 3760; x_wconf 87' lang='lat' dir='ltr'><strong>Bre-</strong></span> 
     </span>
     <span class='ocr_line' id='line_1_61' title="bbox 1076 3808 1897 3883; baseline -0.002 -17"><span class='ocrx_word' id='word_1_317' title='bbox 1076 3812 1201 3867; x_wconf 78' lang='lat' dir='ltr'><strong>viarium</strong></span> <span class='ocrx_word' id='word_1_318' title='bbox 1227 3828 1283 3883; x_wconf 87' lang='lat' dir='ltr'><strong>pro</strong></span> <span class='ocrx_word' id='word_1_319' title='bbox 1312 3809 1498 3864; x_wconf 90' lang='lat' dir='ltr'><strong>instituendis</strong></span> <span class='ocrx_word' id='word_1_320' title='bbox 1526 3808 1638 3863; x_wconf 90' lang='lat' dir='ltr'><strong>scholis</strong></span> <span class='ocrx_word' id='word_1_321' title='bbox 1666 3808 1846 3883; x_wconf 87' lang='lat' dir='ltr'><strong>theologicis</strong></span> <span class='ocrx_word' id='word_1_322' title='bbox 1873 3810 1897 3864; x_wconf 89' lang='lat' dir='ltr'><strong>in</strong></span> 
     </span>
     <span class='ocr_line' id='line_1_62' title="bbox 1076 3911 1898 3990; baseline -0.001 -21"><span class='ocrx_word' id='word_1_323' title='bbox 1076 3915 1164 3969; x_wconf 89' lang='lat' dir='ltr'><strong>terris</strong></span> <span class='ocrx_word' id='word_1_324' title='bbox 1182 3911 1390 3990; x_wconf 84' lang='lat' dir='ltr'><strong>hereditariis.)</strong></span> <span class='ocrx_word' id='word_1_325' title='bbox 1411 3912 1557 3968; x_wconf 92' lang='lat' dir='ltr'><strong>Volumen</strong></span> <span class='ocrx_word' id='word_1_326' title='bbox 1575 3927 1584 3967; x_wconf 91' lang='lat'>1</span> <span class='ocrx_word' id='word_1_327' title='bbox 1606 3911 1647 3968; x_wconf 87' lang='lat'><strong>8⁰.</strong></span> <span class='ocrx_word' id='word_1_328' title='bbox 1665 3911 1809 3981; x_wconf 83' lang='lat' dir='ltr'><strong>Viennae,</strong></span> <span class='ocrx_word' id='word_1_329' title='bbox 1823 3913 1898 3988; x_wconf 84' lang='lat' dir='ltr'><strong>typis</strong></span> 
     </span>
     <span class='ocr_line' id='line_1_63' title="bbox 1078 4016 1389 4089; baseline -0.003 -16"><span class='ocrx_word' id='word_1_330' title='bbox 1078 4020 1137 4073; x_wconf 77' lang='lat' dir='ltr'><strong>los</strong></span> <span class='ocrx_word' id='word_1_331' title='bbox 1154 4016 1278 4073; x_wconf 85' lang='lat' dir='ltr'><strong>Gerold.</strong></span> <span class='ocrx_word' id='word_1_332' title='bbox 1301 4016 1389 4089; x_wconf 90' lang='lat'><strong>1782.</strong></span> 
     </span>
    </p>
   </div>
   <div class='ocr_carea' id='block_1_16' title="bbox 1163 4128 1898 4223">
    <p class='ocr_par' dir='ltr' id='par_1_22' title="bbox 1163 4128 1898 4223">
     <span class='ocr_line' id='line_1_64' title="bbox 1163 4128 1898 4223; baseline 0.001 -22"><span class='ocrx_word' id='word_1_333' title='bbox 1163 4128 1283 4223; x_wconf 85' lang='lat' dir='ltr'><strong>Regli</strong></span> <span class='ocrx_word' id='word_1_334' title='bbox 1300 4141 1557 4202; x_wconf 88' lang='lat' dir='ltr'><strong>Adalbertus</strong></span> <span class='ocrx_word' id='word_1_335' title='bbox 1575 4141 1675 4220; x_wconf 87' lang='lat' dir='ltr'><strong>(abb.</strong></span> <span class='ocrx_word' id='word_1_336' title='bbox 1694 4139 1898 4202; x_wconf 83' lang='lat' dir='ltr'><strong>Murensis</strong></span> 
     </span>
    </p>
   </div>
   <div class='ocr_carea' id='block_1_17' title="bbox 174 4251 1898 4368">
    <p class='ocr_par' dir='ltr' id='par_1_23' title="bbox 174 4251 1898 4368">
     <span class='ocr_line' id='line_1_65' title="bbox 174 4251 1898 4368; baseline -0.002 -48"><span class='ocrx_word' id='word_1_337' title='bbox 174 4255 391 4338; x_wconf 91' lang='lat' dir='ltr'><strong>theologiam</strong></span> <span class='ocrx_word' id='word_1_338' title='bbox 414 4255 448 4315; x_wconf 92' lang='lat' dir='ltr'><strong>in</strong></span> <span class='ocrx_word' id='word_1_339' title='bbox 469 4252 631 4315; x_wconf 91' lang='lat' dir='ltr'><strong>instituto</strong></span> <span class='ocrx_word' id='word_1_340' title='bbox 648 4253 851 4315; x_wconf 77' lang='lat' dir='ltr'><strong>domestico,</strong></span> <span class='ocrx_word' id='word_1_341' title='bbox 875 4251 996 4313; x_wconf 92' lang='lat' dir='ltr'><strong>Hocce</strong></span> <span class='ocrx_word' id='word_1_342' title='bbox 1035 4265 1038 4368; x_wconf 77' lang='grc' dir='ltr'>Ι</span> <span class='ocrx_word' id='word_1_343' title='bbox 1077 4268 1118 4319; x_wconf 87' lang='lat' dir='ltr'><strong>et</strong></span> <span class='ocrx_word' id='word_1_344' title='bbox 1144 4257 1258 4338; x_wconf 93' lang='lat' dir='ltr'><strong>prior</strong></span> <span class='ocrx_word' id='word_1_345' title='bbox 1280 4256 1549 4356; x_wconf 63' lang='grc'>(1116561515),</span> <span class='ocrx_word' id='word_1_346' title='bbox 1578 4270 1692 4319; x_wconf 93' lang='lat' dir='ltr'><strong>ortum</strong></span> <span class='ocrx_word' id='word_1_347' title='bbox 1718 4260 1828 4320; x_wconf 85' lang='lat' dir='ltr'><strong>habet</strong></span> <span class='ocrx_word' id='word_1_348' title='bbox 1854 4259 1898 4320; x_wconf 86' lang='lat' dir='ltr'><strong>ab</strong></span> 
     </span>
    </p>
   </div>
   <div class='ocr_carea' id='block_1_18' title="bbox 173 4373 1899 4597">
    <p class='ocr_par' dir='ltr' id='par_1_24' title="bbox 173 4373 1899 4597">
     <span class='ocr_line' id='line_1_66' title="bbox 173 4373 1899 4491; baseline -0.001 -49"><span class='ocrx_word' id='word_1_349' title='bbox 173 4380 325 4462; x_wconf 89' lang='lat' dir='ltr'><strong>fungens</strong></span> <span class='ocrx_word' id='word_1_350' title='bbox 342 4395 485 4443; x_wconf 91' lang='lat' dir='ltr'><strong>munere</strong></span> <span class='ocrx_word' id='word_1_351' title='bbox 499 4374 603 4436; x_wconf 90' lang='lat' dir='ltr'><strong>editis</strong></span> <span class='ocrx_word' id='word_1_352' title='bbox 616 4373 794 4454; x_wconf 87' lang='lat' dir='ltr'><strong>opusculis</strong></span> <span class='ocrx_word' id='word_1_353' title='bbox 811 4375 855 4434; x_wconf 93' lang='lat' dir='ltr'><strong>ad</strong></span> <span class='ocrx_word' id='word_1_354' title='bbox 871 4373 925 4435; x_wconf 90' lang='lat' dir='ltr'><strong>ius</strong></span> <span class='ocrx_word' id='word_1_355' title='bbox 941 4394 998 4435; x_wconf 88' lang='lat' dir='ltr'><strong>ca·</strong></span> <span class='ocrx_word' id='word_1_356' title='bbox 1036 4410 1038 4491; x_wconf 61' lang='grc'>7</span> <span class='ocrx_word' id='word_1_357' title='bbox 1077 4380 1210 4442; x_wconf 90' lang='lat' dir='ltr'><strong>Ursern</strong></span> <span class='ocrx_word' id='word_1_358' title='bbox 1224 4380 1259 4441; x_wconf 92' lang='lat' dir='ltr'><strong>in</strong></span> <span class='ocrx_word' id='word_1_359' title='bbox 1273 4381 1406 4442; x_wconf 81' lang='lat' dir='ltr'><strong>Urania</strong></span> <span class='ocrx_word' id='word_1_360' title='bbox 1419 4380 1615 4458; x_wconf 87' lang='lat' dir='ltr'><strong>Helvetiae,</strong></span> <span class='ocrx_word' id='word_1_361' title='bbox 1632 4390 1735 4442; x_wconf 88' lang='lat' dir='ltr'><strong>natus</strong></span> <span class='ocrx_word' id='word_1_362' title='bbox 1748 4400 1834 4443; x_wconf 90' lang='lat' dir='ltr'><strong>vero</strong></span> <span class='ocrx_word' id='word_1_363' title='bbox 1847 4388 1899 4442; x_wconf 93' lang='lat' dir='ltr'><strong>est</strong></span> 
     </span>
     <span class='ocr_line' id='line_1_67' title="bbox 174 4496 1899 4597; baseline 0.001 -35"><span class='ocrx_word' id='word_1_364' title='bbox 174 4501 336 4562; x_wconf 91' lang='lat' dir='ltr'><strong>nonicum</strong></span> <span class='ocrx_word' id='word_1_365' title='bbox 357 4497 616 4581; x_wconf 91' lang='lat' dir='ltr'><strong>pertinentibus</strong></span> <span class='ocrx_word' id='word_1_366' title='bbox 632 4496 774 4577; x_wconf 90' lang='lat' dir='ltr'><strong>publica</strong></span> <span class='ocrx_word' id='word_1_367' title='bbox 795 4517 873 4558; x_wconf 90' lang='lat' dir='ltr'><strong>cum</strong></span> <span class='ocrx_word' id='word_1_368' title='bbox 893 4497 997 4558; x_wconf 92' lang='lat' dir='ltr'><strong>laude</strong></span> <span class='ocrx_word' id='word_1_369' title='bbox 1036 4497 1038 4597; x_wconf 63' lang='lat' dir='ltr'><strong>l</strong></span> <span class='ocrx_word' id='word_1_370' title='bbox 1076 4502 1112 4563; x_wconf 91' lang='lat' dir='ltr'><strong>in</strong></span> <span class='ocrx_word' id='word_1_371' title='bbox 1135 4501 1244 4563; x_wconf 91' lang='lat' dir='ltr'><strong>Prato</strong></span> <span class='ocrx_word' id='word_1_372' title='bbox 1269 4503 1303 4563; x_wconf 94' lang='lat' dir='ltr'><strong>in</strong></span> <span class='ocrx_word' id='word_1_373' title='bbox 1327 4501 1504 4564; x_wconf 80' lang='lat' dir='ltr'><strong>&#39;ficinensi</strong></span> <span class='ocrx_word' id='word_1_374' title='bbox 1529 4513 1630 4584; x_wconf 89' lang='lat' dir='ltr'><strong>parte</strong></span> <span class='ocrx_word' id='word_1_375' title='bbox 1655 4502 1711 4564; x_wconf 93' lang='lat' dir='ltr'><strong>die</strong></span> <span class='ocrx_word' id='word_1_376' title='bbox 1739 4506 1785 4564; x_wconf 82' lang='lat'><strong>13.</strong></span> <span class='ocrx_word' id='word_1_377' title='bbox 1811 4502 1899 4565; x_wconf 83' lang='lat' dir='ltr'><strong>Nou.</strong></span> 
     </span>
    </p>
   </div>
   <div class='ocr_carea' id='block_1_19' title="bbox 173 4619 998 5314">
    <p class='ocr_par' dir='ltr' id='par_1_25' title="bbox 173 4619 998 5314">
     <span class='ocr_line' id='line_1_68' title="bbox 174 4619 998 4703; baseline -0.005 -18"><span class='ocrx_word' id='word_1_378' title='bbox 174 4623 340 4702; x_wconf 77' lang='lat' dir='ltr'><strong>innotuit,</strong></span> <span class='ocrx_word' id='word_1_379' title='bbox 365 4622 414 4683; x_wconf 91' lang='lat' dir='ltr'><strong>ita</strong></span> <span class='ocrx_word' id='word_1_380' title='bbox 437 4630 476 4682; x_wconf 94' lang='lat' dir='ltr'><strong>ut</strong></span> <span class='ocrx_word' id='word_1_381' title='bbox 498 4623 544 4681; x_wconf 88' lang='lat' dir='ltr'><strong>ab</strong></span> <span class='ocrx_word' id='word_1_382' title='bbox 569 4619 820 4703; x_wconf 86' lang='lat' dir='ltr'><strong>augustissima</strong></span> <span class='ocrx_word' id='word_1_383' title='bbox 848 4619 998 4700; x_wconf 89' lang='lat' dir='ltr'><strong>impera-</strong></span> 
     </span>
     <span class='ocr_line' id='line_1_69' title="bbox 174 4742 998 4808; baseline -0.006 0"><span class='ocrx_word' id='word_1_384' title='bbox 174 4746 262 4808; x_wconf 91' lang='lat' dir='ltr'><strong>trice</strong></span> <span class='ocrx_word' id='word_1_385' title='bbox 272 4743 386 4806; x_wconf 90' lang='lat' dir='ltr'><strong>Maria</strong></span> <span class='ocrx_word' id='word_1_386' title='bbox 395 4742 564 4805; x_wconf 88' lang='lat' dir='ltr'><strong>Theresia</strong></span> <span class='ocrx_word' id='word_1_387' title='bbox 576 4762 684 4805; x_wconf 92' lang='lat' dir='ltr'><strong>aureo</strong></span> <span class='ocrx_word' id='word_1_388' title='bbox 694 4743 902 4805; x_wconf 88' lang='lat' dir='ltr'><strong>numismate</strong></span> <span class='ocrx_word' id='word_1_389' title='bbox 916 4763 998 4804; x_wconf 89' lang='lat' dir='ltr'><strong>con·</strong></span> 
     </span>
     <span class='ocr_line' id='line_1_70' title="bbox 173 4866 997 4945; baseline -0.006 -15"><span class='ocrx_word' id='word_1_390' title='bbox 173 4870 362 4930; x_wconf 88' lang='lat' dir='ltr'><strong>decoratus</strong></span> <span class='ocrx_word' id='word_1_391' title='bbox 374 4866 429 4929; x_wconf 90' lang='lat' dir='ltr'><strong>sit.</strong></span> <span class='ocrx_word' id='word_1_392' title='bbox 450 4867 554 4928; x_wconf 90' lang='lat' dir='ltr'><strong>Anno</strong></span> <span class='ocrx_word' id='word_1_393' title='bbox 572 4871 649 4945; x_wconf 82' lang='lat'>1773</span> <span class='ocrx_word' id='word_1_394' title='bbox 664 4868 709 4927; x_wconf 87' lang='lat' dir='ltr'><strong>ad</strong></span> <span class='ocrx_word' id='word_1_395' title='bbox 723 4867 864 4928; x_wconf 90' lang='lat' dir='ltr'><strong>abbatis</strong></span> <span class='ocrx_word' id='word_1_396' title='bbox 876 4866 997 4927; x_wconf 91' lang='lat' dir='ltr'><strong>sedem</strong></span> 
     </span>
     <span class='ocr_line' id='line_1_71' title="bbox 175 4987 996 5070; baseline -0.009 -16"><span class='ocrx_word' id='word_1_397' title='bbox 175 5002 321 5054; x_wconf 88' lang='lat' dir='ltr'><strong>evectus</strong></span> <span class='ocrx_word' id='word_1_398' title='bbox 342 4992 388 5051; x_wconf 91' lang='lat' dir='ltr'><strong>ab</strong></span> <span class='ocrx_word' id='word_1_399' title='bbox 409 4990 533 5051; x_wconf 89' lang='lat' dir='ltr'><strong>eadem</strong></span> <span class='ocrx_word' id='word_1_400' title='bbox 557 4988 808 5070; x_wconf 89' lang='lat' dir='ltr'><strong>augustissima</strong></span> <span class='ocrx_word' id='word_1_401' title='bbox 823 4987 996 5048; x_wconf 89' lang='lat' dir='ltr'><strong>Viennam</strong></span> 
     </span>
     <span class='ocr_line' id='line_1_72' title="bbox 175 5107 997 5175; baseline -0.006 -1"><span class='ocrx_word' id='word_1_402' title='bbox 175 5114 221 5174; x_wconf 85' lang='lat' dir='ltr'><strong>ad</strong></span> <span class='ocrx_word' id='word_1_403' title='bbox 239 5111 421 5175; x_wconf 92' lang='lat' dir='ltr'><strong>consilium</strong></span> <span class='ocrx_word' id='word_1_404' title='bbox 438 5111 589 5172; x_wconf 89' lang='lat' dir='ltr'><strong>aulicum</strong></span> <span class='ocrx_word' id='word_1_405' title='bbox 606 5111 649 5172; x_wconf 93' lang='lat' dir='ltr'><strong>de</strong></span> <span class='ocrx_word' id='word_1_406' title='bbox 662 5112 767 5171; x_wconf 90' lang='lat' dir='ltr'><strong>rebus</strong></span> <span class='ocrx_word' id='word_1_407' title='bbox 785 5107 997 5171; x_wconf 88' lang='lat' dir='ltr'><strong>ecclesiasti·</strong></span> 
     </span>
     <span class='ocr_line' id='line_1_73' title="bbox 175 5230 997 5314; baseline -0.006 -19"><span class='ocrx_word' id='word_1_408' title='bbox 175 5234 227 5295; x_wconf 90' lang='lat' dir='ltr'><strong>cis</strong></span> <span class='ocrx_word' id='word_1_409' title='bbox 245 5244 279 5295; x_wconf 91' lang='lat' dir='ltr'><strong>et</strong></span> <span class='ocrx_word' id='word_1_410' title='bbox 296 5232 421 5295; x_wconf 90' lang='lat' dir='ltr'><strong>studiis</strong></span> <span class='ocrx_word' id='word_1_411' title='bbox 437 5233 648 5314; x_wconf 90' lang='lat' dir='ltr'><strong>theologicis</strong></span> <span class='ocrx_word' id='word_1_412' title='bbox 673 5233 772 5293; x_wconf 86' lang='lat' dir='ltr'><strong>iuxta</strong></span> <span class='ocrx_word' id='word_1_413' title='bbox 795 5230 997 5299; x_wconf 71' lang='lat' dir='ltr'><strong>illiustem-</strong></span> 
     </span>
    </p>
   </div>
   <div class='ocr_carea' id='block_1_20' title="bbox 1075 4623 1949 5312">
    <p class='ocr_par' dir='ltr' id='par_1_26' title="bbox 1075 4623 1949 5312">
     <span class='ocr_line' id='line_1_74' title="bbox 1081 4623 1899 4701; baseline 0 -17"><span class='ocrx_word' id='word_1_414' title='bbox 1081 4628 1170 4686; x_wconf 83' lang='lat'><strong>1800.</strong></span> <span class='ocrx_word' id='word_1_415' title='bbox 1203 4623 1395 4687; x_wconf 87' lang='lat' dir='ltr'><strong>Sollemnia</strong></span> <span class='ocrx_word' id='word_1_416' title='bbox 1422 4636 1506 4686; x_wconf 89' lang='lat' dir='ltr'><strong>vota</strong></span> <span class='ocrx_word' id='word_1_417' title='bbox 1533 4624 1649 4685; x_wconf 91' lang='lat' dir='ltr'><strong>emisit</strong></span> <span class='ocrx_word' id='word_1_418' title='bbox 1676 4623 1733 4685; x_wconf 92' lang='lat' dir='ltr'><strong>die</strong></span> <span class='ocrx_word' id='word_1_419' title='bbox 1761 4646 1790 4701; x_wconf 83' lang='lat'><strong>9.</strong></span> <span class='ocrx_word' id='word_1_420' title='bbox 1815 4623 1899 4685; x_wconf 89' lang='lat' dir='ltr'><strong>Maii</strong></span> 
     </span>
     <span class='ocr_line' id='line_1_75' title="bbox 1081 4721 1949 4823; baseline -0.001 -17"><span class='ocrx_word' id='word_1_421' title='bbox 1081 4750 1159 4823; x_wconf 88' lang='grc'>1819</span> <span class='ocrx_word' id='word_1_422' title='bbox 1188 4756 1223 4806; x_wconf 89' lang='lat' dir='ltr'><strong>et</strong></span> <span class='ocrx_word' id='word_1_423' title='bbox 1250 4748 1295 4807; x_wconf 92' lang='lat' dir='ltr'><strong>ad</strong></span> <span class='ocrx_word' id='word_1_424' title='bbox 1324 4746 1558 4808; x_wconf 89' lang='lat' dir='ltr'><strong>sacerdotium</strong></span> <span class='ocrx_word' id='word_1_425' title='bbox 1584 4746 1743 4808; x_wconf 90' lang='lat' dir='ltr'><strong>ascendit</strong></span> <span class='ocrx_word' id='word_1_426' title='bbox 1768 4747 1825 4807; x_wconf 91' lang='lat' dir='ltr'><strong>die</strong></span> <span class='ocrx_word' id='word_1_427' title='bbox 1853 4749 1899 4807; x_wconf 89' lang='lat'><strong>18.</strong></span> <span class='ocrx_word' id='word_1_428' title='bbox 1937 4721 1949 4749; x_wconf 68' lang='lat'><strong><em>¹</em></strong></span> 
     </span>
     <span class='ocr_line' id='line_1_76' title="bbox 1075 4865 1899 4951; baseline 0 -24"><span class='ocrx_word' id='word_1_429' title='bbox 1075 4865 1161 4929; x_wconf 92' lang='lat' dir='ltr'><strong>Dec.</strong></span> <span class='ocrx_word' id='word_1_430' title='bbox 1177 4871 1266 4944; x_wconf 77' lang='lat'><strong>1824.</strong></span> <span class='ocrx_word' id='word_1_431' title='bbox 1279 4867 1365 4928; x_wconf 82' lang='lat' dir='ltr'><strong>Mox</strong></span> <span class='ocrx_word' id='word_1_432' title='bbox 1375 4867 1555 4948; x_wconf 92' lang='lat' dir='ltr'><strong>professor</strong></span> <span class='ocrx_word' id='word_1_433' title='bbox 1568 4869 1767 4951; x_wconf 88' lang='lat' dir='ltr'><strong>matheseos</strong></span> <span class='ocrx_word' id='word_1_434' title='bbox 1780 4876 1816 4928; x_wconf 88' lang='lat' dir='ltr'><strong>et</strong></span> <span class='ocrx_word' id='word_1_435' title='bbox 1825 4866 1899 4948; x_wconf 92' lang='lat' dir='ltr'><strong>phi·</strong></span> 
     </span>
     <span class='ocr_line' id='line_1_77' title="bbox 1075 4987 1900 5069; baseline 0.001 -20"><span class='ocrx_word' id='word_1_436' title='bbox 1075 4987 1257 5067; x_wconf 91' lang='lat' dir='ltr'><strong>losophiae</strong></span> <span class='ocrx_word' id='word_1_437' title='bbox 1278 4988 1311 5049; x_wconf 94' lang='lat' dir='ltr'><strong>in</strong></span> <span class='ocrx_word' id='word_1_438' title='bbox 1333 4988 1462 5050; x_wconf 89' lang='lat' dir='ltr'><strong>scholis</strong></span> <span class='ocrx_word' id='word_1_439' title='bbox 1481 4988 1698 5069; x_wconf 90' lang='lat' dir='ltr'><strong>monasterii,</strong></span> <span class='ocrx_word' id='word_1_440' title='bbox 1720 4992 1801 5050; x_wconf 83' lang='grc'>1830</span> <span class='ocrx_word' id='word_1_441' title='bbox 1821 4990 1900 5050; x_wconf 91' lang='lat' dir='ltr'><strong>sub·</strong></span> 
     </span>
     <span class='ocr_line' id='line_1_78' title="bbox 1076 5110 1899 5191; baseline 0.001 -21"><span class='ocrx_word' id='word_1_442' title='bbox 1076 5110 1251 5191; x_wconf 90' lang='lat' dir='ltr'><strong>parochus</strong></span> <span class='ocrx_word' id='word_1_443' title='bbox 1263 5110 1438 5172; x_wconf 91' lang='lat' dir='ltr'><strong>Murensis</strong></span> <span class='ocrx_word' id='word_1_444' title='bbox 1452 5120 1487 5172; x_wconf 89' lang='lat' dir='ltr'><strong>et</strong></span> <span class='ocrx_word' id='word_1_445' title='bbox 1504 5115 1582 5188; x_wconf 78' lang='lat'>1834</span> <span class='ocrx_word' id='word_1_446' title='bbox 1600 5129 1813 5172; x_wconf 91' lang='lat' dir='ltr'><strong>oeconomus</strong></span> <span class='ocrx_word' id='word_1_447' title='bbox 1829 5130 1899 5171; x_wconf 92' lang='lat' dir='ltr'><strong>mo-</strong></span> 
     </span>
     <span class='ocr_line' id='line_1_79' title="bbox 1076 5230 1900 5312; baseline 0 -21"><span class='ocrx_word' id='word_1_448' title='bbox 1076 5230 1222 5292; x_wconf 88' lang='lat' dir='ltr'><strong>nasterii</strong></span> <span class='ocrx_word' id='word_1_449' title='bbox 1250 5232 1449 5293; x_wconf 86' lang='lat' dir='ltr'><strong>nominatus</strong></span> <span class='ocrx_word' id='word_1_450' title='bbox 1474 5242 1537 5294; x_wconf 87' lang='lat' dir='ltr'><strong>est.</strong></span> <span class='ocrx_word' id='word_1_451' title='bbox 1569 5232 1763 5312; x_wconf 87' lang='lat' dir='ltr'><strong>Tamquam</strong></span> <span class='ocrx_word' id='word_1_452' title='bbox 1787 5233 1900 5293; x_wconf 89' lang='lat' dir='ltr'><strong>bonus</strong></span> 
     </span>
    </p>
   </div>
   <div class='ocr_carea' id='block_1_21' title="bbox 176 5334 1900 5436">
    <p class='ocr_par' dir='ltr' id='par_1_27' title="bbox 176 5334 1900 5436">
     <span class='ocr_line' id='line_1_80' title="bbox 176 5334 1900 5436; baseline 0 -21"><span class='ocrx_word' id='word_1_453' title='bbox 176 5355 271 5436; x_wconf 93' lang='lat' dir='ltr'><strong>poris</strong></span> <span class='ocrx_word' id='word_1_454' title='bbox 284 5353 425 5436; x_wconf 92' lang='lat' dir='ltr'><strong>genium</strong></span> <span class='ocrx_word' id='word_1_455' title='bbox 438 5354 838 5432; x_wconf 83' lang='lat' dir='ltr'><strong>reformandisvocatus,</strong></span> <span class='ocrx_word' id='word_1_456' title='bbox 852 5370 997 5433; x_wconf 90' lang='lat' dir='ltr'><strong>praeses</strong></span> <span class='ocrx_word' id='word_1_457' title='bbox 1035 5334 1039 5433; x_wconf 87' lang='grc' dir='ltr'>Ι</span> <span class='ocrx_word' id='word_1_458' title='bbox 1076 5350 1176 5413; x_wconf 91' lang='lat' dir='ltr'><strong>miles</strong></span> <span class='ocrx_word' id='word_1_459' title='bbox 1190 5350 1319 5414; x_wconf 87' lang='lat' dir='ltr'><strong>Christi</strong></span> <span class='ocrx_word' id='word_1_460' title='bbox 1333 5352 1401 5413; x_wconf 92' lang='lat' dir='ltr'><strong>iam</strong></span> <span class='ocrx_word' id='word_1_461' title='bbox 1415 5373 1484 5434; x_wconf 89' lang='lat' dir='ltr'><strong>qua</strong></span> <span class='ocrx_word' id='word_1_462' title='bbox 1497 5372 1709 5415; x_wconf 91' lang='lat' dir='ltr'><strong>oeconomus</strong></span> <span class='ocrx_word' id='word_1_463' title='bbox 1722 5354 1803 5417; x_wconf 94' lang='lat' dir='ltr'><strong>abb.</strong></span> <span class='ocrx_word' id='word_1_464' title='bbox 1818 5354 1900 5415; x_wconf 91' lang='lat' dir='ltr'><strong>Am·</strong></span> 
     </span>
    </p>
   </div>
   <div class='ocr_carea' id='block_1_22' title="bbox 0 0 2096 6196">
    <p class='ocr_par' dir='ltr' id='par_1_28' title="bbox 0 0 2096 6196">
     <span class='ocr_line' id='line_1_81' title="bbox 0 0 2096 6196; baseline 0 0"><span class='ocrx_word' id='word_1_465' title='bbox 0 0 2096 6196; x_wconf 95' lang='lat' dir='ltr'><strong> </strong></span> 
     </span>
    </p>
   </div>
  </div>
 </body>
</html>
