4178 6196
909 471 951 480 -—
997 435 1116 497 CXVI
1162 472 1203 481 —

187 675 250 724 est,
297 661 412 742 Quam
440 661 534 723 viam
563 661 716 742 ingressi
739 671 820 722 sunt
843 660 1029 723 Romanus
1052 660 1137 743 Digl
1160 660 1485 734 Seitenstettensis;
1510 663 1696 725 Romanus
1713 663 1918 742 Ettenauer,

187 801 421 866 Sebastianus
444 799 709 882 Mayrlechner,
742 798 965 862 Coelestinus
990 796 1214 881 Schirmann,
1247 799 1548 873 Cremifanenses;
1579 801 1731 864 Michael
1764 800 1842 862 Enk
1876 803 1920 862 de

187 942 285 1023 Burg
301 940 533 1009 Mellicensis;
556 938 766 1001 Vincentius
788 939 936 1000 Knauer
952 937 1152 1011 Scotensis;
1178 939 1350 1020 Iosephus
1367 940 1516 1020 Polotai,
1533 939 1758 1021 Hyacinthus
1774 940 1918 1020 Ronay,

187 1082 231 1143 de
255 1080 378 1142 Monte
402 1077 618 1157 Pannoniae,
643 1077 702 1158 qui
725 1097 855 1159 magna
878 1096 956 1138 cum
981 1076 1165 1158 diligentia
1188 1078 1317 1139 multos
1341 1079 1552 1159 conscripsit
1575 1079 1693 1141 libros.

316 1216 555 1280 Pulcherrime
579 1236 674 1297 vero,
699 1236 910 1297 quamquam
934 1225 1096 1298 tempora
1119 1235 1228 1298 saepe
1252 1226 1353 1278 erant
1369 1215 1492 1296 tristia,
1517 1217 1674 1298 historia,
1691 1237 1797 1298 quam
1815 1217 1919 1279 disci-

186 1359 319 1440 plinam
342 1360 388 1420 ab
411 1359 478 1419 hoc
499 1357 621 1419 ordine
645 1355 851 1417 suscitatam
875 1374 1086 1436 semperque
1110 1366 1251 1417 auctam
1275 1374 1354 1417 esse
1378 1375 1480 1417 nemo
1496 1355 1692 1438 negaverit,
1716 1357 1783 1418 hac
1800 1367 1919 1417 aetate

188 1496 350 1560 effloruit.
386 1494 489 1576 Quod
506 1496 576 1557 Pez
600 1495 728 1557 fratres
751 1495 976 1557 Mellicenses
1001 1505 1036 1556 et
1060 1495 1195 1575 Bessel,
1220 1495 1346 1556 Abbas
1371 1492 1622 1576 GottvicensiS,
1647 1507 1849 1576 coeperant,
1874 1496 1920 1555 ab

188 1657 308 1700 eorum
333 1635 598 1698 successoribus
622 1635 801 1696 excultum
826 1646 890 1696 est.
930 1634 985 1696 Ex
1009 1653 1139 1715 magno
1162 1633 1374 1715 scriptorum
1398 1653 1544 1696 numero
1568 1634 1740 1696 eminent:
1765 1633 1920 1714 Magnus

187 1777 311 1858 Klein,
343 1777 469 1838 Abbas
500 1772 760 1845 Gottvicensis;
799 1773 970 1834 Albertus
1001 1773 1045 1833 de
1076 1771 1225 1834 Muchar
1260 1772 1531 1842 Admontensis3
1566 1773 1768 1834 Fridericus
1800 1771 1920 1831 Blum·

186 1922 316 1999 berger
345 1913 605 1985 Gottvicensis;
635 1914 807 1975 Albertus
830 1912 970 1994 Jaeger,
1003 1912 1103 1973 Beda
1128 1911 1277 1992 Weber,
1302 1910 1523 1973 Coelestinus
1547 1909 1744 1993 Stampfer,
1768 1913 1920 1975 Matien-

187 2059 398 2137 bergenses;
416 2053 626 2121 Franciscus
643 2050 845 2134 Gri'minger
862 2048 1134 2131 Sanpaulensis;
1152 2050 1359 2112 Theodorus
1371 2049 1476 2132 Mayr
1491 2048 1718 2114 Mellicensis
1743 2050 1921 2114 Historias

188 2214 329 2257 suorum
358 2193 650 2255 monasteriorum
679 2190 897 2271 scripserunt
920 2189 1021 2252 Beda
1045 2187 1201 2252 Seeauer
1224 2187 1523 2271 Salisburgensis;
1556 2189 1744 2251 Udalricus
1768 2190 1921 2251 Harten-

188 2333 374 2395 schneider
388 2330 677 2399 Cremifanensis;
693 2331 848 2425 Michael
859 2330 888 2391 F
891 2329 933 2390 ilz
947 2330 1275 2400 Michaelburanus;
1293 2326 1503 2391 Guilielmus
1519 2329 1646 2391 Karlin
1660 2327 1920 2397 Gottvicensis;

181 2473 348 2555 ·Ignatius
379 2472 593 2553 Keiblinger
623 2470 848 2533 Mellicensis.
896 2468 964 2531 Hic
996 2470 1189 2550 praecipua
1220 2469 1325 2530 laude
1356 2466 1483 2530 floruit.
1528 2467 1666 2529 Nostris
1698 2469 1918 2548 temporibus

189 2612 318 2693 dignus
343 2623 407 2690 est,
432 2611 491 2691 qui
515 2630 593 2671 cum
617 2629 660 2670 eo
685 2618 919 2690 comparetur,
943 2608 1093 2669 Iacobus
1118 2606 1289 2669 Wichner
1311 2605 1577 2679 Admontensis.

317 2749 517 2831 Diligenter
540 2747 723 2810 Bohemici
755 2766 895 2828 quoque
928 2746 1061 2808 ordinis
1092 2746 1233 2808 sodales
1264 2764 1408 2824 operam
1437 2745 1571 2807 dabant
1599 2756 1919 2826 rerumgestarum

190 2888 431 2969 explicationi,
467 2887 502 2948 in
538 2887 665 2969 quibus
700 2885 1026 2968 praestantissimus
1062 2896 1117 2948 est
1151 2885 1251 2946 Beda
1282 2883 1403 2945 Dudlk
1438 2883 1721 2966 Raigradiensis,
1757 2886 1817 2966 qui
1852 2906 1920 2947 non

189 3027 301 3089 solum
325 3026 507 3088 historiam
535 3025 739 3088 monasterii
771 3023 825 3086 sui
857 3024 1001 3106 egregie
1033 3023 1248 3105 composuit,
1280 3024 1344 3084 sed
1368 3022 1474 3084 etiam
1497 3023 1617 3084 multis
1641 3023 1793 3104 scriptis,
1818 3044 1920 3104 prae-

190 3166 310 3229 sertim
345 3164 491 3226 historia
526 3162 708 3226 Moraviae
743 3163 812 3224 iam
851 3160 894 3225 ad
929 3174 1061 3225 tomum
1101 3182 1231 3225 nonum
1269 3173 1441 3242 provecta
1479 3181 1565 3242 prae
1601 3162 1729 3224 ceteris
1761 3163 1919 3241 contulit,

189 3315 246 3384 ut,
281 3323 371 3383 quae
412 3303 447 3363 in
485 3302 632 3364 historia
672 3300 854 3363 Moraviae
894 3312 1014 3363 essent
1055 3303 1223 3383 obscura,
1266 3300 1533 3363 illustrarentur.
1589 3299 1801 3362 Nominandi
1841 3314 1922 3362 sunt

189 3453 331 3522 praeter
361 3440 483 3502 Dudlk
513 3439 613 3501 Pitra
640 3439 907 3520 Bonaventura,
939 3440 1037 3502 cuius
1073 3440 1266 3521 diplomata
1297 3440 1446 3502 collecta
1478 3439 1598 3522 magni
1628 3440 1732 3521 pretii
1764 3451 1845 3501 sunt
1876 3443 1921 3501 ad

188 3580 371 3642 historiam
395 3579 588 3641 Bohemiae
617 3578 851 3640 universalem
876 3587 912 3641 et
934 3579 1224 3641 monasteriorum
1252 3577 1547 3660 investigandam,
1573 3575 1768 3659 Gregorius
1791 3578 1920 3659 Volny,

188 3717 482 3799 Raigradiensis,
517 3718 762 3799 topographus
801 3717 984 3780 Moraviae
1026 3719 1163 3799 patriae
1205 3717 1438 3798 certissimus,
1478 3717 1716 3798 Hieronymus
1752 3717 1921 3796 Lechner,

190 3855 407 3918 Emautinus.

319 3991 517 4074 Hungarici
540 4012 681 4073 quoque
697 3993 921 4055 Benedictini
942 4013 1071 4075 magna
1095 4013 1174 4055 cum
1199 3992 1384 4075 diligentia
1400 3993 1555 4054 studium
1571 3992 1740 4054 historiae
1764 3995 1921 4075 amplexi

191 4144 289 4212 sunt,
325 4151 371 4193 ex
402 4132 530 4213 quibus
561 4151 670 4213 opera
700 4132 1008 4212 praestantissima
1039 4132 1226 4195 ediderunt
1257 4132 1452 4195 Damianus
1484 4129 1677 4193 Fuxhoffer
1709 4144 1745 4193 et
1776 4133 1923 4195 Maurus

191 4271 325 4334 Czinar.

278 4410 349 4471 Pez
372 4407 510 4488 iratres,
536 4409 716 4471 Abbatem
737 4410 863 4471 Bessel
887 4429 1078 4491 eorumque
1102 4429 1326 4473 successores
1348 4411 1489 4472 sodales
1505 4410 1709 4472 monasterii
1734 4413 1822 4473 ads.
1842 4412 1922 4473 Bla-

193 4550 282 4612 sium
308 4549 342 4611 in
366 4547 477 4631 Nigra
497 4546 596 4611 Silva
619 4548 756 4629 imitati,
781 4568 859 4610 cum
883 4549 1027 4612 ineunte
1050 4550 1194 4612 saeculo
1210 4561 1331 4612 nostro
1348 4550 1383 4612 in
1399 4549 1650 4612 monasterium
1667 4551 1712 4611 ad
1729 4569 1756 4611 s.
1773 4551 1922 4612 Paulum

194 4689 228 4750 in
253 4686 434 4750 Carinthia
458 4687 703 4769 emigrassent,
726 4687 845 4750 studia
868 4688 1035 4751 historica
1052 4688 1242 4771 diligenter
1258 4687 1439 4769 prosecuti
1454 4699 1546 4750 sunt.
1578 4688 1736 4751 Maxima
1752 4688 1801 4751 ibi
1818 4690 1923 4751 laude

193 4826 403 4889 floruerunt:
434 4825 671 4907 Marquardus
702 4825 892 4908 Herrgott,
922 4827 981 4907 qui
1009 4826 1277 4908 descripsitres
1300 4835 1424 4909 gestas
1448 4826 1566 4908 gentis
1590 4826 1923 4910 Habsburgensium

196 4965 343 5044 eiusque
375 4964 493 5027 socius
524 4965 642 5046 operis
670 4964 855 5028 Rustenus
879 4965 993 5045 Heer,
1028 4965 1203 5028 Martinus
1235 4963 1406 5045 Gerbert,
1440 4965 1662 5028 Aemilianus
1695 4965 1923 5046 Ussermann,

194 5103 417 5182 Trudpertus
440 5103 610 5184 Neugart,
635 5103 846 5166 Franciscus
869 5104 1037 5185 Kreuter,
1058 5103 1269 5167 Ambrosius
1293 5104 1480 5185 Eiehhorn,
1504 5104 1655 5184 quinon
1680 5106 1792 5167 solum
1816 5107 1924 5167 histo-

193 5241 281 5303 riam
321 5241 458 5322 patriae
492 5252 665 5304 terrarum
707 5242 875 5306 Austriae
910 5243 1095 5306 anterioris
1145 5243 1415 5326 diligentissime
1448 5245 1668 5325 tractabant,
1709 5247 1771 5307 sed
1807 5245 1924 5323 etiam,

196 5379 290 5460 quod
308 5377 440 5439 Hansiz
457 5380 639 5442 societatis
655 5382 736 5444 Iesu
753 5392 900 5464 ceperat
916 5380 1128 5445 Germaniae
1144 5402 1266 5444 sacrae
1288 5382 1497 5444 scribendae
1514 5382 1697 5444 consilium
1713 5397 1925 5463 receperunt
