4178 6196
862 474 1146 543 -339-

125 653 200 716 fani
216 656 380 738 absolvit,
397 656 455 719 die
477 677 501 719 1.
515 656 604 721 Nov.
622 661 698 736 1761
719 668 805 721 vota
819 659 958 720 sollem-

126 777 186 839 nia
203 777 319 841 emisit
336 788 372 842 et
387 800 494 861 quum
519 779 637 843 studia
653 780 855 863 theologica
878 800 958 861 par·

126 901 190 963 tim
208 899 408 983 Cremifani,
425 902 555 984 partim
570 900 770 985 Salisburgi
787 902 959 965 absolvis-

127 1035 192 1106 set,
218 1024 276 1087 die
301 1046 330 1087 2.
346 1025 450 1087 Febr.
477 1030 556 1104 1764
580 1034 769 1108 neomysta
792 1026 837 1087 ad
861 1045 959 1087 aram

127 1148 238 1212 stetit.
267 1147 396 1209 Primis
421 1146 611 1211 sacerdotii
631 1146 732 1209 annis
755 1146 959 1228 grammati-

128 1290 215 1352 cam,
239 1276 319 1350 1776
336 1271 524 1353 poeticam,
540 1273 586 1332 ab
602 1290 695 1333 anno
716 1288 794 1350 1777
812 1269 959 1332 rhetori·
1017 1321 1020 1327 .

127 1413 207 1456 cam
230 1393 378 1456 iuvenes
401 1394 597 1456 litterarum
621 1393 800 1456 studiosos
823 1391 957 1462 docuit:

127 1515 258 1578 deinde
270 1516 458 1598 parochias
468 1516 497 1577 F
500 1515 682 1596 ischlham,
696 1516 742 1577 ad
754 1535 782 1577 s
794 1513 957 1596 Conradi,

128 1635 355 1720 Sipbachzell
371 1658 501 1720 magna
518 1657 596 1700 cum
613 1638 719 1699 laude
736 1636 958 1700 administra·

115 1760 188 1837 tuit.
214 1761 273 1822 Ad
287 1760 478 1823 coelestem
492 1760 645 1842 patriam
661 1758 823 1859 ascendit
835 1759 893 1821 die
910 1762 957 1820 16.

128 1884 203 1946 Iun.
220 1882 302 1945 anni
324 1886 413 1945 1808.
442 1882 492 1946 Ut
513 1882 667 1947 studium
687 1881 831 1965 linguae
848 1880 959 1944 Grae-

128 2025 191 2067 cae
213 2005 397 2087 discipulis
420 2005 559 2068 facilius
584 2005 860 2089 expeditiusque
880 2005 959 2067 red·

128 2129 238 2208 deret,
256 2128 467 2210 conscripsit
484 2139 520 2193 et
536 2129 633 2211 typis
646 2129 808 2211 vulgavit
820 2128 957 2208 librum,

127 2272 199 2332 quo
209 2271 274 2332 per
286 2253 416 2314 multos
428 2271 540 2314 annos
554 2252 695 2313 scholae
705 2249 903 2313 Bavaricae
913 2268 959 2311 ex

128 2377 297 2438 mandato
313 2374 484 2456 principis
499 2373 535 2436 in
552 2372 852 2455 praelectionibus
872 2391 959 2434 usae

127 2508 223 2559 sunt:

216 2622 389 2698 Einleitung
405 2643 457 2679 zur
469 2623 678 2697 griechischen
690 2622 830 2698 Sprache
847 2622 893 2678 fiir
909 2621 958 2678 die

128 2729 480 2784 Kremsmiinsterischen
492 2726 632 2784 Schulen.
646 2724 675 2806 (i.
690 2746 716 2784 e.
730 2726 916 2784 Introductio
930 2729 958 2783 in

126 2834 257 2907 linguam
286 2832 434 2888 Graecam
463 2834 528 2888 usui
557 2832 726 2888 scholarum
752 2831 957 2888 Cremifanen·

126 2934 224 3014 sium.)
241 2936 341 3012 Steyr,
364 2935 452 3010 1776.
471 2936 512 2994 8⁰.
530 2951 594 3010 350
610 2956 639 3012 p.

215 3057 364 3121 Omnem
392 3057 498 3119 studii
529 3055 774 3119 difficultatem
802 3056 957 3135 compla-

126 3193 274 3243 naturus
291 3180 453 3262 proximo
470 3199 562 3241 anno
579 3179 677 3262 typis
694 3178 820 3242 edidit:

214 3306 420 3364 Wrirterbuch
457 3326 509 3362 zur
542 3305 738 3380 griindlicben
768 3304 956 3362 Verdolmet·

126 3414 242 3488 schung
270 3413 324 3469 der
352 3412 561 3487 griechischen
584 3410 818 3478 Schriststellcr,
842 3410 956 3467 welche

125 3518 179 3574 der
210 3537 274 3573 zum
307 3516 489 3573 Gebrauche
525 3517 579 3572 der
615 3515 956 3572 kremsmiinsterischen

126 3623 258 3679 Schulen
282 3623 451 3679 versassten
476 3623 648 3696 Einleitung
672 3640 724 3677 zur
747 3619 956 3695 griechischen

126 3729 263 3804 Sprache
283 3727 441 3802 beigeliigt
462 3727 537 3783 sind.
562 3725 591 3805 (i.
610 3746 636 3784 e.
658 3727 795 3783 Lexicon
810 3725 848 3781 ad
866 3726 956 3781 111101-

126 3832 291 3907 pretandos
308 3834 475 3908 scriptores
493 3831 646 3898 61110005,
669 3834 719 3907 qui
742 3829 955 3887 introductioni

126 3941 155 3994 in
173 3939 303 4012 linguam
320 3938 469 3994 Graecam
487 3938 551 3993 usui
569 3936 738 3992 scholarum
752 3934 956 3992 Cremifanen·

126 4045 202 4099 sium
216 4046 346 4119 scriptae
359 4043 465 4099 adnexi
480 4039 569 4121 sunt.)
582 4041 682 4118 Steyr,
697 4054 787 4114 1777.
802 4038 843 4097 8⁰.
858 4054 914 4113 107
926 4060 955 4116 p.

213 4169 374 4283 Petheb
391 4219 619 4283 Damianus
636 4220 839 4301 Iosephus
853 4221 914 4301 (de
928 4239 955 4282 s.

124 4338 268 4400 Monte
286 4339 556 4421 Pannoniae),
585 4341 699 4401 abbas
722 4339 764 4400 B.
780 4339 828 4401 M.
842 4338 885 4400 V.
911 4340 956 4400 de

124 4460 287 4543 Diimiilk,
306 4461 478 4525 Sabariae
495 4480 581 4523 com.
599 4460 741 4524 Castrif.
759 4461 794 4523 in
807 4461 955 4544 Hunga·

124 4584 177 4646 ria
194 4584 250 4646 die
272 4588 318 4647 15.
336 4584 440 4645 Febr.
463 4587 541 4645 1805
563 4592 678 4664 natus,
703 4604 731 4645 s.
751 4582 876 4647 habitu
897 4583 954 4646 die

129 4712 176 4770 10.
194 4705 273 4770 Oct.
294 4711 372 4769 1822
399 4706 558 4788 indutuS,
583 4716 667 4768 vota
691 4705 875 4768 sollemnia
896 4705 954 4768 die

129 4848 175 4907 17.
189 4827 252 4891 Iul.
270 4832 347 4906 ¹8²7
366 4827 482 4891 emisit
499 4837 535 4890 et
550 4828 724 4892 absolutis
740 4827 776 4889 in
792 4847 818 4888 s.
835 4839 954 4891 monte

124 4969 151 5012 s.
168 4950 368 5032 theologiae
388 4950 514 5013 studiis
536 4951 593 5014 die
612 4971 639 5031 7.
657 4953 752 5036 Aug.
774 4955 852 5015 1828
876 4969 954 5033 pre-

123 5073 248 5154 sbyter
264 5072 447 5136 ordinatus
464 5083 528 5136 est.
558 5078 727 5138 1828-30
743 5075 778 5138 in
795 5095 821 5139 s.
835 5086 954 5140 monte

123 5195 250 5259 studiis
266 5195 418 5278 vacavit,
447 5201 612 5261 1830-38
635 5197 817 5281 professor
832 5219 953 5283 gymn.

123 5316 247 5399 Ginsii,
262 5322 427 5381 1838—65
437 5320 617 5400 professor
626 5322 830 5404 theologiae
840 5342 953 5386 mora-

122 5437 166 5501 lis
183 5451 219 5501 et
234 5441 425 5521 pastoralis
447 5441 479 5505 in
501 5463 528 5507 s.
545 5452 675 5527 monte,
695 5445 742 5506 ab
759 5464 852 5507 anno
873 5449 953 5508 1850

1039 657 1142 721 simul
1155 658 1261 742 etiam
1275 659 1487 722 secretarius
1499 659 1749 725 archiabbatis.
1762 661 1872 726 Anno

1043 785 1121 844 1865
1140 784 1253 845 abbas
1271 785 1315 845 de
1330 782 1485 845 Dbmblk
1506 784 1716 868 nominatus,
1738 784 1870 848 ibidem

1039 904 1096 966 die
1113 924 1160 983 17.
1174 904 1247 968 Ian.
1265 910 1343 985 1878
1358 906 1416 988 pie
1432 906 1466 968 in
1477 906 1630 970 Domino
1643 908 1870 974 obdormivit.

1126 1023 1295 1109 Scripsit:

1125 1153 1147 1208 l.
1174 1153 1370 1228 Paedagogia
1394 1167 1424 1210 et
1448 1154 1606 1214 didactica.
1631 1165 1674 1231 4⁰.
1702 1157 1740 1232 78
1757 1178 1787 1236 p.
1813 1162 1870 1218 ΜΒ.

1037 1255 1166 1313 Adserv.
1184 1259 1213 1312 in
1228 1256 1366 1314 biblioth.
1384 1260 1506 1316 centrali
1524 1263 1552 1316 in
1569 1280 1593 1319 s.
1611 1276 1722 1320 monte.

1125 1361 1162 1416 II.
1179 1362 1345 1419 Pastoralis
1362 1376 1392 1419 et
1407 1363 1588 1422 homiletica.
1610 1374 1654 1439 4⁰.
1679 1383 1695 1424 2
1714 1368 1788 1426 fasc.
1810 1385 1867 1426 112

1037 1469 1070 1534 -l-
1088 1462 1129 1520 60
1144 1484 1174 1540 p.
1192 1466 1248 1522 Ms.
1267 1466 1394 1524 Adserv.
1412 1467 1487 1524 Ibid.

1124 1571 1176 1627 111.
1199 1570 1356 1628 Didactica
1377 1585 1407 1627 et
1424 1572 1604 1629 methodica.
1629 1581 1671 1647 4⁰.
1698 1574 1737 1650 76
1759 1596 1789 1652 p.
1813 1579 1869 1635 Ms.
1952 1563 1957 1572 ¹

1039 1674 1167 1731 Adserv.
1186 1675 1256 1732 ibid.

1124 1822 1302 1896 Petrack
1320 1835 1547 1899 Udalricus
1571 1838 1868 1924 (Mellicensis),

1038 1959 1143 2013 natus
1170 1951 1205 2014 in
1232 1952 1425 2016 Bohemiae
1453 1958 1541 2018 urbe
1570 1957 1789 2041 Kiinigsegg
1821 1981 1868 2022 12.

1039 2071 1139 2155 Sept.
1162 2079 1240 2153 1753
1258 2075 1320 2138 vix
1336 2076 1468 2158 primos
1489 2079 1664 2159 pueritiae
1685 2100 1797 2143 annos
1819 2082 1869 2145 in·

1038 2216 1183 2278 gressus
1207 2197 1335 2261 missus
1358 2198 1424 2264 fuit
1450 2203 1495 2263 ad
1520 2203 1661 2264 tabulas
1677 2203 1868 2287 Marianas,

1038 2338 1184 2381 numero
1200 2340 1389 2400 puerorum
1411 2323 1677 2406 adscribendus
1702 2326 1762 2406 qui
1788 2346 1869 2390 can-

1038 2451 1152 2505 torum
1162 2441 1197 2503 in
1208 2443 1360 2505 ecclesia
1372 2431 1516 2508 munere
1530 2432 1737 2530 funguntur.
1754 2449 1868 2512 Melli-

1039 2562 1130 2625 cium
1148 2564 1193 2625 ad
1212 2565 1447 2628 excolendum
1463 2568 1728 2633 humanioribus
1741 2571 1868 2636 litteris

1037 2685 1218 2768 ingenium
1237 2690 1440 2772 translatus,
1464 2690 1512 2752 ibi
1539 2697 1585 2754 13.
1601 2692 1692 2756 Nov.
1714 2714 1791 2774 1771
1817 2697 1868 2759 in·

1037 2810 1154 2891 dutus,
1176 2810 1304 2874 studiis
1320 2812 1574 2896 philosophicis
1598 2825 1634 2879 et
1656 2817 1867 2900 theologicis

1036 2932 1209 2997 absolutis
1231 2936 1391 2998 sollemni
1407 2936 1638 3017 professionis
1655 2940 1796 3003 vinculo
1819 2962 1864 3021 17.

1037 3054 1138 3137 Sept.
1160 3075 1237 3137 1777
1256 3077 1336 3121 sese
1352 3059 1543 3124 obstrinxit
1567 3072 1603 3125 et
1620 3066 1648 3125 8.
1666 3061 1765 3144 Sept.
1787 3070 1866 3144 1778

1037 3177 1185 3260 primam
1194 3179 1273 3243 Deo
1286 3181 1437 3244 hostiam
1450 3183 1588 3246 obtulit.
1608 3184 1680 3248 Per
1692 3196 1772 3249 octo
1785 3206 1866 3250 con-

1036 3299 1154 3362 tinuos
1172 3321 1283 3364 annos
1295 3304 1479 3366 tradendis
1494 3305 1700 3369 liberalibus
1717 3320 1752 3371 et
1769 3312 1866 3373 theo·

1035 3421 1161 3503 logicis
1189 3422 1315 3486 litteris
1342 3446 1487 3507 operam
1515 3428 1628 3510 dedit,
1660 3433 1740 3509 1780
1769 3431 1866 3495 iussu

1036 3545 1280 3627 augustissimi
1301 3547 1523 3630 imperatoris
1540 3551 1684 3634 Iosephi
1700 3554 1745 3617 ΙΙ.
1769 3555 1866 3637 prior

1036 3669 1173 3731 electus
1199 3668 1284 3751 fuit,
1316 3689 1387 3750 quo
1413 3691 1557 3736 munere
1589 3694 1654 3756 per
1679 3675 1867 3740 triennium

1036 3789 1179 3854 functus
1204 3800 1268 3855 est.
1300 3792 1444 3856 Electus
1471 3795 1599 3860 deinde
1627 3801 1804 3879 parochus
1832 3811 1868 3863 et

1037 3914 1302 3978 administrator
1322 3917 1579 4002 temporalium,
1603 3941 1678 3984 rem
1699 3923 1866 3987 rusticam

1036 4037 1237 4101 universam
1266 4058 1401 4101 summo
1429 4041 1547 4103 studio
1578 4044 1866 4127 dexteritateque

1037 4159 1223 4252 tractavit,
1255 4170 1291 4221 et
1322 4181 1343 4223 a
1374 4166 1657 4247 caesareo-regia
1692 4167 1865 4231 societate

1036 4280 1264 4343 oeconomica
1279 4281 1474 4346 Viennensi
1495 4287 1625 4349 sodalis
1647 4289 1782 4353 electus
1799 4301 1863 4353 est.

1036 4402 1191 4465 Plurima
1218 4405 1264 4466 ad
1289 4424 1362 4466 rem
1386 4407 1648 4471 oeconomicam
1676 4411 1710 4473 in
1739 4412 1864 4475 melius

1034 4525 1289 4588 restituendam
1314 4537 1349 4588 01
1373 4527 1558 4592 instituere
1575 4542 1611 4593 et
1627 4531 1782 4597 scribere
1801 4555 1863 4617 pa·

1033 4668 1126 4728 rans,
1140 4648 1197 4710 die
1211 4669 1240 4726 9.
1253 4648 1316 4712 Iul.
1334 4653 1415 4728 1814
1432 4650 1624 4731 pituitosae
1637 4656 1769 4736 phthisi
1786 4677 1863 4721 suc-

1034 4769 1166 4833 cubuit.
1191 4768 1358 4852 Scripsit:

1120 4914 1142 4970 1.
1165 4915 1359 4973 Praktischer
1375 4916 1557 4986 Unterricht‚
1579 4919 1636 4975 den
1657 4921 1862 4978 0101101601οτ-

1033 5018 1221 5075 reichischen
1248 5018 1357 5076 Safran
1388 5042 1422 5078 zu
1454 5021 1562 5079 bauen.
1593 5023 1623 5102 (i.
1649 5043 1675 5081 e.
1700 5025 1862 5083 Instructio

1034 5125 1168 5197 practica
1195 5123 1232 5180 de
1259 5144 1353 5182 croco
1383 5129 1481 5183 sativo
1509 5126 1659 5209 colendo.)
1686 5129 1776 5186 Wien
1804 5131 1862 5187 und

1034 5227 1122 5301 Prag‚
1145 5242 1234 5301 1797.
1252 5228 1295 5286 8⁰.

1120 5349 1156 5405 II.
1185 5350 1312 5408 Cantate
1339 5372 1391 5408 zur
1416 5354 1505 5410 Feier
1532 5355 1587 5412 des
1613 5355 1861 5433 fdnszigjahrigen

1034 5453 1266 5513 Priesterthums
1279 5456 1332 5514 des
1344 5458 1484 5515 Pralaten
1497 5457 1599 5517 Urban
1611 5480 1671 5518 von
1684 5463 1774 5520 Melk.
1792 5460 1821 5543 (i.
1834 5481 1861 5520 e.

1602 5563 1655 5623 43*
