4178 6196
921 486 961 494 -
1007 449 1151 512 LXXII
1196 487 1239 494 —

209 680 393 762 gerathen,
418 696 457 737 so
483 677 575 737 ware
601 676 652 737 sie
677 676 768 737 doch
791 675 827 737 in
851 676 920 737 den
944 675 1116 738 Klo'stern
1140 679 1213 739 und
1237 677 1300 739 auf
1320 679 1429 739 deren
1454 675 1591 740 Giitern
1615 680 1785 758 erhalten,
1810 681 1882 741 und
1907 699 1946 746 es

209 816 343 880 konnte
367 818 458 879 noch
483 816 539 877 die
565 815 639 877 Zeit
663 815 840 896 kommen,
865 835 920 876 wo
944 835 1025 877 man
1041 816 1093 879 sie
1109 836 1180 878 von
1197 818 1308 879 daher
1323 818 1456 879 ebenso
1472 818 1638 900 begierig
1654 817 1786 880 wieder
1802 820 1946 880 hervor-

209 957 342 1018 suchen
367 954 493 1035 diirfte,
518 955 584 1016 wie
608 974 690 1016 man
715 955 874 1016 daselbst
905 955 962 1016 die
990 957 1081 1018 noch
1109 957 1354 1038 verborgenen
1384 954 1535 1020 Schiitze
1566 958 1629 1019 der
1658 955 1946 1020 Gelehrsamkeit

210 1098 281 1157 und
305 1097 437 1158 andere
461 1095 705 1156 Alterthiimer
728 1093 994 1158 hervorsucht.“

339 1233 426 1296 Cum
443 1233 545 1295 novis
561 1233 749 1315 parochiis,
775 1253 863 1315 quas
887 1234 1080 1314 imperator
1103 1235 1276 1316 Iosephus
1292 1234 1336 1298 ΙΙ.
1360 1255 1453 1297 anno
1484 1239 1562 1313 1783
1589 1236 1739 1297 iusserat
1764 1233 1943 1312 constitui,

208 1393 323 1436 novae
348 1393 489 1455 quoque
514 1373 656 1434 scholae
689 1373 853 1435 conditae
885 1383 976 1438 sunt.
1023 1373 1167 1454 Earum,
1200 1394 1291 1455 quae
1320 1374 1425 1436 hodie
1456 1375 1490 1436 in
1526 1373 1673 1436 Austria
1705 1373 1944 1460 inveniuntur,

211 1513 408 1594 permultae
433 1533 454 1573 a
479 1512 722 1575 Benedictinis
746 1520 829 1573 sunt
852 1513 1026 1575 conditae.

338 1652 415 1714 Res
448 1651 682 1714 scholasticae
712 1661 748 1714 et
779 1652 1048 1715 ecclesiasticae.
1073 1661 1174 1715 erant
1206 1653 1415 1715 coniunctae
1447 1653 1589 1715 vinculo
1621 1653 1813 1733 artissimo,
1848 1655 1944 1735 quod

209 1792 355 1854 multum
378 1792 537 1853 laxatum
562 1802 616 1853 est
639 1792 720 1873 lege
744 1810 837 1853 anno
866 1796 946 1870 1869
971 1793 1077 1856 edita.
1122 1792 1337 1855 Patronatus
1362 1793 1580 1873 scholarum,
1613 1793 1671 1874 qui
1702 1811 1813 1872 usque
1838 1793 1883 1854 ad
1908 1793 1944 1853 id

1867 1893 1871 1914 ,

208 1941 350 2012 tempus
374 1951 395 1992 a
418 1930 666 2010 parochiarum
697 1931 857 2011 patronis
891 1935 1144 2014 exercebatur,
1176 1952 1390 2013 quamquam
1420 1933 1501 2013 plus
1533 1932 1650 1993 oneris
1681 1931 1806 1993 habuit
1837 1952 1943 2012 quam

211 2069 396 2150 commodi,
421 2088 498 2131 cum
524 2090 594 2131 non
619 2071 731 2131 solum
755 2070 916 2152 magistri
948 2091 968 2132 a
999 2072 1159 2152 patronis
1191 2081 1226 2133 et
1258 2071 1410 2152 civibus,
1444 2089 1592 2151 quorum
1625 2070 1747 2132 schola
1779 2089 1944 2151 quaeque

210 2219 296 2289 erat,
321 2219 440 2270 essent
465 2208 687 2270 sustentandi
713 2217 820 2289 atque
843 2209 1102 2289 renumerandi,
1126 2210 1189 2271 sed
1214 2209 1321 2271 etiam
1345 2211 1453 2272 aedes
1478 2193 1756 2277 conservandae,
1782 2209 1944 2271 sublatus

211 2347 480 2428 scholarumque
504 2365 588 2408 cura
612 2347 755 2427 publica
778 2348 875 2410 facta
899 2358 964 2411 est.

341 2484 497 2547 Orientis
514 2485 739 2547 Benedictini
755 2485 830 2548 sive
847 2486 1080 2569 congregatio
1097 2487 1401 2550 Mechitharistica
1425 2490 1549 2550 eadem
1574 2488 1747 2550 industria
1770 2488 1804 2550 in
1823 2488 1944 2569 pueris

211 2625 405 2686 educandis
429 2625 702 2705 erudiendisque
719 2634 906 2687 versantur
929 2645 971 2686 ac
994 2624 1124 2687 fratres
1141 2626 1175 2688 in
1193 2626 1387 2689 occidente.
1420 2626 1738 2709 Constantinopoli,
1756 2625 1943 2708 Smyrnae,

210 2763 377 2846 Tergesti
399 2765 530 2826 scholis
555 2764 746 2826 maioribus
769 2774 953 2845 praesunt,
979 2763 1285 2845 Constantinopoli
1309 2776 1345 2827 et
1370 2765 1517 2847 Aydinii
1546 2766 1748 2829 minoribus.
1790 2765 1884 2827 Dum
1909 2765 1943 2828 in

211 2904 332 2965 schola
357 2902 750 2987 Constantinopolitana
782 2903 914 2964 maiore
946 2923 1016 2965 non
1047 2904 1106 2966 alii
1138 2905 1205 2967 nisi
1236 2905 1384 2967 iuvenes
1415 2925 1460 2967 ex
1484 2904 1655 2967 Armenia
1684 2905 1823 2967 oriundi
1857 2906 1945 2968 reci-

211 3041 364 3124 piuntur,
389 3044 518 3105 ceteris
543 3044 673 3106 scholis
696 3045 888 3107 maioribus
913 3044 1058 3106 iuvenes
1083 3044 1190 3128 etiam
1208 3044 1285 3105 aliis
1301 3044 1504 3106 nationibus
1521 3044 1588 3106 orti
1604 3055 1759 3106 utuntur.
1791 3042 1944 3108 Scolari-

210 3184 277 3242 bus
293 3182 443 3243 alumnis
461 3192 543 3245 sunt
560 3183 729 3245 discenda
745 3182 867 3265 lingua
883 3183 1020 3264 Latina,
1038 3183 1262 3263 Armeniaca,
1287 3194 1359 3245 tam
1375 3193 1479 3245 vetus
1496 3204 1602 3265 quam
1621 3203 1755 3264 recenS,
1774 3183 1944 3264 Gallaica,

211 3320 344 3401 Italica,
370 3319 592 3402 Germanica,
618 3321 765 3393 Gallica,
782 3323 933 3385 Turciea
957 3334 992 3386 et
1009 3321 1158 3404 Graeca,
1182 3334 1370 3404 praeterea
1386 3342 1509 3384 omnes
1526 3322 1705 3403 scientiae,
1730 3343 1821 3404 quae
1839 3323 1944 3384 hodie

211 3459 245 3521 in
269 3459 465 3542 gymnasiis
492 3461 606 3523 solent
631 3462 787 3525 tractari.

980 3809 1085 3872 CAP.
1109 3808 1170 3871 IV.

341 4017 565 4079 Benedictini
589 4019 684 4080 utin
708 4018 828 4099 pueris
853 4017 1058 4080 excolendis
1083 4018 1248 4080 eximiam
1277 4036 1418 4098 semper
1443 4017 1679 4079 exhibuerunt
1703 4036 1866 4098 operam,
1895 4015 1945 4078 ita

212 4156 411 4218 adultorum
446 4157 543 4218 vitae
578 4168 674 4220 recte
710 4157 950 4219 instituendae
986 4177 1165 4239 nunquam
1205 4156 1393 4219 defuerunt
1431 4165 1539 4236 atque
1574 4156 1610 4218 in
1645 4155 1796 4237 Alpinas
1832 4155 1945 4217 valles

212 4295 422 4358 Austriacas
447 4295 643 4357 doctrinam
660 4295 897 4359 Christianam
913 4297 1017 4378 primi
1033 4298 1263 4378 pertulerunt.
1296 4296 1463 4359 Monachi
1479 4316 1506 4358 s.
1523 4296 1631 4375 Petri,
1649 4295 1778 4377 quibus
1795 4295 1943 4374 Iuvavii,

212 4437 247 4498 in
271 4434 404 4518 oppido
428 4434 685 4515 antiquissimo,
718 4437 912 4498 animarum
945 4457 1028 4499 cura
1060 4448 1136 4499 erat
1167 4436 1372 4517 commissa,
1403 4454 1474 4497 non
1505 4434 1618 4496 solum
1648 4434 1683 4496 in
1714 4444 1809 4497 terra
1838 4433 1947 4498 Salis-

212 4573 383 4657 burgensi
406 4575 535 4637 multas
559 4576 667 4637 aedes
692 4596 811 4639 sacras
828 4575 1116 4657 aedificaverunt,
1141 4577 1234 4639 circa
1251 4595 1340 4657 quas
1361 4575 1498 4636 incolae
1515 4575 1660 4657 Alpini,¹
1673 4575 1732 4655 qui
1756 4576 1827 4637 late
1845 4584 1946 4636 erant

213 4714 375 4795 dispersi,
401 4716 649 4795 consederunt,
674 4717 737 4777 sed
761 4715 869 4777 etiam
893 4717 1062 4797 episcopo
1075 4715 1228 4798 Virgilio
1251 4716 1383 4778 abbate
1400 4712 1610 4776 Carantanis
1628 4712 1827 4776 Christiana
1843 4734 1946 4795 prae·

213 4862 319 4933 cepta
342 4853 575 4917 tradiderunt.
621 4855 773 4936 Virgilio
797 4865 942 4916 auctore
966 4855 1169 4934 Modestus,
1194 4853 1384 4935 episcopus
1407 4853 1643 4935 regionarius,
1673 4851 1791 4915 Slavis
1815 4852 1946 4915 Caran-

212 4991 315 5072 taniS,
341 4992 401 5073 qui
425 4994 566 5055 omnino
591 4993 795 5057 etiamtum
820 4995 1000 5056 erroribus
1025 4993 1175 5056 ethnicis
1201 4993 1461 5073 detinebantur,
1486 4990 1721 5054 Christianam
1737 4991 1945 5074 religionem

214 5132 353 5212 aperuit
376 5141 485 5212 atque
509 5134 617 5195 aedes
641 5153 761 5194 sacras
786 5132 989 5195 aedificavit
1013 5131 1110 5212 Solii,
1128 5132 1280 5212 Villacii,
1297 5131 1483 5210 Teurniae,
1500 5131 1536 5193 in
1552 5132 1685 5213 oppido
1702 5132 1946 5194 Romanorum

213 5271 469 5351 antiquissimo
515 5273 551 5335 I's
574 5273 674 5334 labor
697 5281 769 5334 tam
793 5272 1021 5334 laudabiliter
1034 5283 1234 5352 ,susceptus
1258 5265 1336 5333 cuin
1360 5269 1473 5332 turbis
1505 5269 1539 5331 in
1569 5269 1782 5333 Carantania
1812 5272 1947 5333 exortis

213 5409 436 5472 intermissus
460 5421 565 5490 esset,
590 5430 620 5472 a.
647 5431 706 5489 772
732 5430 864 5493 magno
888 5412 1139 5473 monachorum
1163 5428 1308 5471 numero
1333 5409 1537 5472 monasterii
1562 5428 1588 5472 s,
1613 5409 1710 5471 Petri
1734 5407 1946 5492 Salisburgi‚
