4178 6196
906 413 1188 498 -376-

178 628 274 671 stema
294 613 447 690 pastorale
468 632 492 670 s.
510 613 652 670 Antonini
673 613 860 694 Florentini.)
889 617 922 690 d)
942 619 1005 674 Das

178 718 434 793 Erldsungswerk
464 714 493 797 (i.
520 738 546 775 e.
578 738 655 796 opus
683 717 923 798 redemptionis),
953 724 1006 777 mit

178 823 344 880 Riicksicht
360 822 413 879 aul
426 823 474 880 die
491 824 655 881 kirchliche
671 826 736 881 Zeit
758 821 855 903 (conc.
871 823 1004 902 domin.)

178 930 205 1003 cy
228 927 492 986 Differenzlehren.
519 929 730 1005 Jahrescyclus
754 948 813 986 ron
837 928 1005 1004 Sonntags·

178 1033 346 1109 predigten.
370 1030 553 1112 (Conciones
568 1035 780 1110 apologeticae
796 1049 935 1110 respectu
953 1033 1005 1090 ba·

177 1135 241 1194 bito
254 1138 291 1194 ad
304 1139 447 1195 haereses
463 1158 544 1196 saec.
562 1137 621 1219 16.)
634 1140 674 1217 f)
686 1137 896 1196 Sittenlebren.
915 1134 1005 1217 (Con-

179 1244 282 1299 ciones
298 1243 416 1299 ethicae
431 1262 486 1319 per
501 1240 631 1322 annum.)
652 1246 688 1317 g)
711 1242 812 1301 Ueber
833 1243 880 1300 die
901 1241 1005 1299 sieben

177 1324 399 1424 Busspsalrhen‚
417 1349 699 1424 Fastenpredigten.
724 1346 753 1427 (i.
771 1367 797 1405 e.
820 1349 866 1405 De
888 1361 1004 1423 septem

179 1452 300 1528 psalmis
317 1452 590 1529 poenitentialibus
608 1471 693 1509 conc.
706 1448 1005 1530 quadragesimales.)

177 1557 210 1632 lt)
236 1559 507 1633 Fastenpredigten
536 1557 610 1614 iiber
637 1558 685 1613 die
713 1558 820 1614 Oratio
849 1558 1004 1613 Ieremiae.

178 1659 282 1741 (Cone.
300 1661 493 1741 quadrages.)
522 1665 546 1736 i)
566 1663 737 1720 Conciones
754 1665 858 1718 variae
873 1665 903 1719 in
919 1661 1005 1718 iestis

178 1786 218 1823 ss.
236 1780 266 1823 et
282 1765 390 1823 beatae
405 1769 445 1823 M.
459 1767 495 1824 V.
513 1770 588 1824 etin
605 1767 732 1823 diversis
749 1765 971 1823 occasionibus.

263 1913 407 1987 Riedel
441 1926 658 1989 Robertus
694 1927 1005 2006 (Bievnoveno

178 2042 462 2124 Braunensis)
494 2065 514 2105 a
545 2045 777 2125 Rupersdorf
801 2045 1004 2109 Bohemiae.

177 2164 291 2226 Natus
315 2165 372 2228 die
397 2186 425 2228 2.
448 2165 552 2229 Febr.
577 2171 657 2229 1838
682 2168 855 2230 absolutis
879 2168 1006 2253 studiis

177 2287 354 2369 gymnasii
385 2288 577 2350 Bievnovii
613 2293 692 2351 1858
724 2299 861 2352 vestem
892 2290 1006 2352 induit

177 2409 418 2471 monasticam.
458 2407 821 2492 Sacra·professi0ne
852 2433 900 2476 12.
926 2411 1005 2477 Oet.

184 2534 260 2592 1862
272 2531 489 2594 sollemniter
497 2533 626 2595 emissa
638 2544 674 2596 et
682 2534 855 2597 absolutis
868 2535 903 2596 in
912 2534 1005 2598 univ.

178 2653 344 2735 Pragena
360 2655 486 2717 studiis
503 2656 715 2738 theologicis
732 2676 824 2718 anno
846 2660 924 2718 18113
949 2656 1006 2718 die

180 2796 207 2838 2.
222 2776 315 2857 Aug.
329 2777 529 2840 sacerdotio
545 2777 674 2840 initiari
687 2779 850 2842 obtinuit.
874 2779 914 2841 In
930 2789 1006 2841 ten·

178 2898 309 2960 tamine
337 2899 481 2980 publico
512 2901 558 2961 ad
590 2901 770 2963 docendas
800 2900 1006 2981 disciplinas

178 3021 412 3104 philologicas
423 3021 585 3084 Viennae
601 3022 771 3085 Austriae
788 3024 1007 3105 adprobatus

178 3142 328 3226 primum
340 3143 375 3205 in
387 3145 575 3227 gymnasio
585 3145 782 3208 Braunensi
795 3164 860 3226 per
872 3146 1007 3227 aliquot

179 3287 289 3330 annos
309 3286 454 3329 munere
475 3267 624 3330 docendi
648 3278 843 3349 occupatus
867 3269 1007 3332 transiit

178 3399 305 3472 postea
321 3391 366 3451 ad
384 3410 412 3452 c.
425 3410 451 3452 r.
465 3391 690 3472 gymnasium
704 3391 954 3474 Tergestinum
971 3401 1007 3454 et

177 3513 321 3573 tandem
348 3512 524 3574 Viennam
554 3514 600 3574 ad
627 3513 852 3596 gymnasium
879 3514 1006 3575 acade-

178 3633 269 3696 miae
290 3634 528 3696 Theresianae
552 3637 747 3698 translatus
771 3635 902 3698 ibidem
925 3655 1006 3717 pro-

178 3756 323 3819 fessoris
339 3758 555 3840 philologiae
570 3758 731 3841 fungitur
747 3778 901 3822 munere.

264 3881 424 3943 Annales
460 3881 637 3964 gymnasii
672 3882 873 3965 Tergestini
913 3903 1006 3945 anno

182 4008 416 4085 1873111874
441 4003 527 4067 editi
549 4004 625 4066 eius
645 4005 914 4086 promulgarunt
935 4004 1006 4067 dis·

177 4127 390 4190 sertationes
407 4129 451 4189 de
467 4127 618 4189 Horatio
635 4136 672 4188 et
686 4127 828 4189 Tacito:

260 4255 283 4310 I.
307 4255 464 4310 Horazens
481 4253 577 4309 Welt·
601 4252 660 4308 und
685 4250 1006 4328 Lebensanscbauung

174 4360 228 4416 auf
241 4359 346 4417 Grund
363 4360 417 4416 der
433 4361 463 4415 in
479 4361 583 4416 seinen
600 4358 792 4431 Dichtungen
814 4357 1006 4413 enthaltenen

174 4464 379 4540 Ausspriiche.
401 4462 491 4538 1873.

261 4569 299 4625 Il.
321 4570 364 4625 Ist
384 4568 437 4625 der
458 4568 525 4624 dem
542 4568 669 4625 Tacitus
689 4567 850 4641 gemacbte
866 4566 1010 4625 Vorwuri

174 4673 228 4729 der
244 4673 467 4730 Parteilichkeit
482 4669 673 4747 begrtindet?
696 4670 786 4745 1874.

261 4777 313 4834 ΙΙΙ.
324 4777 456 4834 Alteram
470 4776 507 4834 de
517 4777 628 4834 Tacito
642 4778 886 4834 dissertationem
900 4777 1006 4833 litteris

175 4886 300 4942 inseruit
327 4886 474 4959 gymnasii
503 4882 588 4939 acad.
614 4882 793 4938 Theresiani
817 4899 897 4939 anno
924 4880 1002 4955 1875

175 4991 278 5046 editis:
304 4987 405 5045 Ueber
420 4987 477 5044 den
494 4985 781 5061 Parteistandpunkt
796 4985 851 5042 des
867 4985 1004 5042 Tacitus.

259 5135 411 5209 Rieder
444 5146 704 5209 Edmundus
736 5145 1005 5227 (Admonten-

175 5265 260 5346 sis),
280 5274 386 5327 natus
410 5264 445 5327 in
466 5264 659 5347 Hartberg,
682 5261 826 5346 Styriae
847 5265 935 5327 urbe
956 5282 1003 5343 17.

173 5386 260 5450 Dec.
292 5390 387 5469 1802,
416 5387 578 5449 omnibus
608 5385 766 5449 scientiis
794 5386 927 5468 optime
954 5385 1005 5448 in-

1085 621 1241 674 structus
1251 611 1448 673 Admontes
1461 610 1568 689 venit,
1580 614 1610 671 3.
1622 608 1726 673 Febr.
1740 612 1821 687 1824
1831 618 1917 671 vota

1085 733 1270 796 sollemnia
1296 732 1493 814 professus,
1517 731 1692 812 primitias
1717 730 1914 794 celebravit

1085 859 1114 916 5.
1135 854 1240 916 Mart.
1270 858 1360 918 1826.
1389 852 1502 916 Curae
1526 853 1721 916 animarum
1744 853 1780 914 in
1801 853 1916 915 Wild-

1084 977 1192 1057 alpen
1208 975 1381 1057 et.Weng
1403 996 1469 1056 per
1483 978 1593 1038 breve
1614 984 1752 1037 tanturn
1773 986 1916 1057 tempus

1085 1098 1260 1179 addictus,
1280 1098 1435 1179 reliquos
1451 1097 1546 1160 vitae
1566 1116 1678 1160 annos
1699 1096 1915 1160 erudiendae

1084 1221 1259 1284 iuventuti
1288 1221 1420 1283 dicavit
1447 1221 1482 1283 in
1509 1220 1695 1303 gymnasio
1720 1221 1916 1283 Iudenbur·

1085 1343 1188 1425 gensi
1216 1353 1252 1406 et
1280 1342 1484 1406 GraecensI.
1523 1341 1622 1407 Obiit
1652 1341 1812 1424 paralysi
1839 1342 1916 1424 pul·

1085 1486 1227 1528 monum
1244 1465 1280 1527 in
1295 1465 1468 1527 coenobio
1485 1488 1513 1544 9.
1530 1465 1603 1527 Ian.
1626 1468 1715 1527 1868.

1171 1592 1193 1648 I.
1220 1592 1277 1648 Die
1299 1567 1532 1648 Ohdensreform
1555 1588 1654 1670 (Stura
1675 1591 1730 1647 der
1745 1589 1912 1671 Templer).

1085 1697 1201 1752 Histor.
1216 1696 1340 1751 dramat.
1355 1695 1495 1752 Gedicht.
1509 1692 1574 1771 (1.1.
1586 1695 1774 1752 Reformatio
1788 1695 1911 1760 ordinis,

1085 1801 1187 1856 drama
1203 1798 1400 1878 historicum.)
1424 1801 1479 1856 Ms.
1504 1799 1671 1856 Admonter
1687 1799 1802 1856 Archiv
1816 1801 1844 1875 Ji
1865 1798 1912 1856 16.

1172 1923 1209 1978 Il.
1218 1923 1265 1978 De
1278 1924 1410 1996 equitum
1420 1921 1662 1997 Templariorum
1676 1923 1915 1996 congregatione

1086 2030 1211 2102 eiusque
1233 2029 1398 2083 immerenti
1415 2028 1505 2083 exitu.
1531 2025 1745 2083 Defensionem
1762 2027 1851 2083 huius
1867 2045 1915 2082 or·

1086 2132 1162 2188 dinis
1184 2128 1299 2209 (contra
1315 2132 1351 2188 L.
1368 2133 1401 2187 B.
1419 2131 1456 2187 de
1473 2130 1782 2205 Hammer·Purgstall
1803 2132 1834 2186 in
1855 2129 1915 2186 dis·

1086 2238 1251 2293 sertatione
1266 2255 1322 2292 sua
1341 2237 1416 2307 „Die
1430 2233 1542 2292 Schuld
1558 2235 1612 2291 der
1624 2235 1653 2290 T
1655 2232 1803 2313 empler“)
1819 2249 1915 2291 tenta·

1086 2342 1129 2396 vit
1144 2341 1176 2396 P.
1194 2340 1368 2396 Edmundus
1385 2340 1496 2396 Rieder
1511 2339 1652 2396 Admont.
1673 2341 1730 2396 Ma.
1747 2339 1915 2397 Admonter

1086 2445 1200 2501 Archiv
1215 2444 1241 2520 Ji
1263 2458 1310 2517 17.

1173 2549 1225 2605 III.
1243 2550 1306 2605 Der
1320 2547 1381 2604 Abt
1397 2550 1426 2603 in
1442 2549 1499 2605 den
1512 2547 1620 2623 Alpen.
1637 2548 1846 2625 Trauerspiel.
1860 2550 1915 2606 Ms.

1085 2654 1252 2711 Admonter
1267 2653 1390 2709 Archiv.
1818 2663 1825 2678 ·

1172 2759 1222 2816 IV.
1238 2757 1415 2814 Kritisches.
1430 2758 1582 2833 Excerpte
1594 2777 1648 2814 aus
1658 2758 1916 2815 OttokarsReim·

1087 2863 1221 2920 chronik.
1250 2859 1279 2937 (i.
1304 2881 1330 2918 e.
1356 2862 1469 2919 Critica
1496 2861 1533 2918 de
1561 2864 1682 2938 scriptis
1710 2863 1851 2919 Ottocari
1877 2861 1915 2918 ab

1086 2965 1252 3045 Horneck.)
1268 2969 1323 3024 Ms.
1341 2966 1508 3023 Admonter
1524 2966 1638 3024 Archiv
1652 2967 1678 3043 Ji
1695 2965 1737 3038 36
1754 2965 1774 3023 1.

1173 3091 1208 3147 V.
1232 3090 1415 3165 Biographie
1432 3088 1538 3146 Albert
1560 3109 1620 3146 von
1636 3090 1788 3146 Mucha'rs.
1814 3091 1916 3146 Periit.

1172 3213 1222 3270 VI.
1244 3212 1394 3281 Versuch‚
1420 3212 1467 3268 die
1491 3215 1604 3269 Namen
1629 3214 1819 3269 steierma'trk.
1842 3214 1917 3271 Orte

1086 3316 1144 3372 und
1158 3317 1325 3391 Gegenden
1338 3315 1390 3372 1111
1399 3316 1544 3372 deutsche
1556 3315 1777 3390 Abstammung
1789 3317 1917 3374 111111111-

1086 3420 1238 3479 zufiihren.
1267 3419 1296 3500 (i.
1321 3441 1347 3478 e.
1373 3422 1576 3477 Derirationis
1600 3423 1751 3477 nominum
1780 3421 1915 3477 locorum

1087 3524 1206 3601 Styriae
1219 3526 1257 3582 ab
1270 3528 1387 3601 origine
1396 3525 1587 3593 Germanica,
1601 3522 1773 3603 tentamen.)
1786 3525 1915 3582 Ms.Fol.

1086 3631 1252 3688 Admonter
1268 3628 1449 3715 Bibliothek.

1171 3753 1238 3810 VII.
1260 3752 1504 3826 Erlziuterungen
1520 3771 1573 3808 zur
1589 3752 1617 3806 T
1620 3752 1723 3808 heorie
1739 3752 1793 3808 der
1810 3752 1914 3809 Dicht-

1085 3857 1176 3913 kunst
1192 3856 1238 3912 siir
1254 3856 1302 3912 die
1318 3856 1470 3930 Vortrtige
1488 3856 1542 3912 der
1557 3855 1595 3911 ΙΙ.
1612 3855 1691 3911 hum.
1709 3856 1827 3912 Classe.
1844 3851 1914 3933 (1.1.

1086 3961 1116 4017 Τ
1117 3961 1239 4017 heoriae
1252 3962 1324 4016 artis
1337 3963 1476 4035 poeticae
1489 3957 1701 4039 adumbratio)
1714 3960 1806 4028 Graz‚
1824 3959 1915 4032 1848.

1087 4065 1129 4122 8⁰.
1146 4063 1218 4122 Sine
1235 4067 1366 4121 nomine.

1171 4188 1252 4244 VIII.
1270 4186 1432 4244 Lehrbuch
1448 4186 1502 4243 der
1518 4186 1703 4243 Redekunst.
1727 4182 1757 4265 (i.
1776 4204 1803 4243 1.
1823 4184 1917 4243 Liber

1085 4294 1158 4349 artis
1175 4289 1367 4370 rhetoricae.)
1388 4292 1471 4347 Nach
1493 4290 1550 4346 den
1567 4290 1695 4347 altesten
1712 4290 1841 4360 Quellen
1856 4289 1915 4346 und

1087 4398 1162 4453 nach
1179 4397 1236 4453 den
1248 4395 1501 4470 Anforderungen
1513 4394 1568 4452 der
1579 4396 1716 4472 Jetztzeit
1728 4414 1788 4451 von
1801 4395 1917 4471 Joseph

1084 4501 1221 4558 Edmund
1243 4501 1363 4558 Rieder.
1386 4500 1477 4568 Graz‚
1500 4499 1590 4574 1849.
1612 4499 1654 4557 8⁰.
1677 4516 1705 4556 2.
1721 4500 1800 4577 Auli.
1826 4497 1916 4572 1859.

1171 4624 1222 4679 IX.
1239 4621 1297 4689 Ali,
1314 4622 1367 4679 der
1380 4622 1486 4679 Chalil.
1505 4621 1914 4679 Historisch·dramatisches

1045 4740 1047 4763 ¹
1086 4727 1216 4785 Gedicbt
1236 4729 1265 4784 in
1288 4741 1304 4800 5
1323 4726 1421 4783 Acten
1437 4745 1497 4782 von
1512 4727 1628 4803 Joseph
1644 4725 1781 4783 Edmund
1794 4726 1915 4783 Rieder.

1085 4830 1114 4912 (i.
1132 4850 1157 4887 e.
1175 4830 1233 4898 Ali,
1251 4830 1349 4899 caiisa,
1367 4828 1516 4909 Carmen.)
1534 4830 1624 4900 Graz‚
1647 4828 1736 4903 1850.
1754 4827 1797 4887 8⁰.

1170 4955 1208 5009 X.
1235 4951 1436 5026 Abhandlung
1468 4951 1542 5008 iiber
1574 4952 1633 5009 den
1660 4951 1917 5027 sophokleischen

1084 5058 1245 5114 Philoktet.
1263 5054 1292 5134 (i.
1307 5076 1333 5112 e.
1353 5057 1399 5111 De
1412 5055 1579 5112 Philoctete
1597 5051 1782 5134 Sophoclis.)
1799 5054 1917 5113 Grazer

1084 5161 1365 5238 Gymnasialprogr.
1389 5158 1478 5231 1852.

1169 5285 1221 5340 XI.
1243 5283 1415 5341 Chronicon
1432 5281 1571 5337 Ottocari
1597 5284 1625 5338 in
1647 5280 1748 5351 rebus,
1773 5300 1853 5357 quae
1876 5280 1917 5337 ad

1083 5391 1245 5446 Henricum
1261 5386 1401 5444 abbatem
1418 5386 1579 5461 pertinent,
1604 5404 1641 5443 ne
1662 5388 1701 5442 sit
1723 5385 1792 5443 Ions
1813 5403 1914 5443 rerum
