4178 6196
362 180 602 354 M*
663 97 927 285 stlatis&

881 458 1162 546 „185-

143 657 366 720 amandatus
387 658 462 721 Nec
479 659 530 722 sic
547 667 665 723 tamen
683 682 704 724 a
720 661 977 742 prosequendis

146 778 342 842 litterarum
359 780 485 844 studiis
502 782 693 845 deterritus
705 782 782 848 fuit.
807 783 978 847 Catenam

166 900 238 962 nim
255 902 499 965 commentarii
518 903 554 965 in
570 905 730 987 regulam
746 927 774 970 s.
790 907 976 971 Benedicti

146 1023 254 1085 edere
279 1026 446 1105 parabat,
475 1026 635 1089 collectis
658 1026 728 1090 iam
756 1030 874 1092 multis
903 1029 978 1093 eius

75 1179 83 1218 ,
142 1145 286 1228 generis
302 1145 444 1209 ineditis
460 1149 640 1230 operibus,
657 1151 716 1213 Ad
729 1151 977 1215 illustrandam

140 1266 324 1350 liturgiam
336 1266 585 1333 Germanicam
602 1271 709 1335 etiam
732 1274 852 1355 aliqua
873 1275 978 1337 colle-

143 1390 207 1473 git,
231 1411 336 1473 quem
358 1393 516 1457 laborem
533 1396 849 1459 reverendissimus
864 1399 978 1460 abbas

143 1497 320 1575 Martinus
336 1514 370 1576 in
388 1534 452 1577 sua
464 1516 578 1578 veteri
592 1517 736 1599 liturgia
746 1518 978 1582 Alemannica

143 1635 330 1718 bipartita,
355 1636 663 1719 disquisitionibus
686 1642 856 1724 praeviis,
884 1644 977 1706 notis

144 1766 181 1819 et
197 1758 508 1822 observationibus
525 1760 722 1844 inlustrata,
740 1765 881 1826 abunde
895 1786 978 1847 sup-

145 1880 268 1961 plevit.
285 1882 436 1944 Demum
449 1882 633 1947 historiam
647 1886 877 1968 episcopatus
887 1886 977 1950 Con-

145 2001 352 2065 stantiensis
375 2005 531 2068 scribere
558 2008 757 2090 cogitabat,
786 2010 977 2073 communi-

145 2136 226 2187 cato
250 2145 330 2187 cum
355 2127 503 2190 eruditis
531 2129 606 2191 eius
636 2130 754 2212 operis
782 2143 977 2213 conspectu

144 2247 241 2330 typis
258 2268 406 2322 excuso;
431 2271 553 2313 verum
575 2253 609 2314 in
630 2254 746 2316 medio
766 2255 834 2317 hoc
855 2256 977 2318 labore

145 2371 363 2453 hlarquardo
390 2372 496 2455 longe
525 2374 649 2438 melior
675 2395 751 2438 sors
783 2376 914 2459 obtigit
941 2388 977 2440 et

1059 661 1317 727 dilucidaverit.
1335 664 1573 728 Adversarios
1585 676 1714 746 autem,
1731 665 1806 729 fato
1819 686 1893 729 om-

1059 782 1163 846 nibus
1195 785 1343 847 eruditis
1375 787 1567 869 communi,
1599 789 1718 870 plures
1750 808 1890 870 quoque

1059 916 1184 969 nactus
1194 917 1258 988 est,
1269 909 1478 989 praesertim
1487 909 1665 972 Murensis
1678 909 1713 972 in
1723 910 1893 974 Helvetia

1058 1029 1223 1091 asceterii
1239 1032 1410 1110 alumnoS,
1428 1032 1526 1094 cuius
1539 1043 1620 1095 acta
1633 1033 1728 1096 circa
1740 1035 1889 1096 eandem

1058 1151 1306 1233 genealogiam
1328 1151 1362 1213 in
1384 1153 1528 1215 dubium
1544 1155 1696 1218 vocavit.
1726 1155 1890 1219 Praecla-

1057 1270 1197 1334 rissimo
1223 1273 1304 1335 huic
1332 1273 1432 1355 operi
1459 1285 1586 1355 postea
1609 1276 1741 1339 adiecit
1768 1298 1889 1340 monu-

1058 1405 1177 1457 menta
1211 1397 1335 1457 domus
1364 1395 1656 1480 Habsburgicae,
1688 1418 1816 1480 nempe
1844 1398 1889 1461 si·

1057 1516 1144 1598 gilla
1170 1517 1369 1599 principum
1395 1518 1577 1600 Austriae,
1605 1523 1889 1585 nummothecam

1058 1649 1094 1703 et
1110 1639 1378 1720 pinacothecam
1396 1642 1439 1702 de
1458 1641 1592 1703 eisdem
1605 1662 1684 1705 cum
1697 1644 1889 1725 taphogra·

1057 1761 1142 1841 phia
1166 1780 1230 1823 seu
1253 1762 1488 1824 monumentis
1514 1763 1787 1844 sepulcralibus,
1814 1763 1889 1845 qui·

1056 1885 1124 1945 bus
1146 1886 1259 1946 abbas
1280 1884 1455 1947 Martinus
1473 1882 1627 1947 Gerbert
1648 1885 1810 1947 adiunxit
1831 1904 1888 1947 co-

1057 2006 1172 2069 dicem
1186 2007 1414 2088 epistularem
1426 2006 1611 2088 Rudolphi
1620 2008 1646 2070 Ι.
1661 2006 1761 2088 Quae
1769 2028 1888 2090 sump-

1057 2138 1160 2190 tuosa
1181 2149 1292 2209 opera
1311 2112 1409 2212 typis
1429 2130 1559 2211 partim
1575 2129 1886 2212 FriburgensibuS,

1057 2251 1185 2330 partim
1203 2250 1466 2314 Viennensibus
1490 2261 1526 2314 et
1550 2252 1827 2316 San-Blasianis
1852 2252 1887 2314 in

1056 2375 1171 2436 lucem
1192 2374 1409 2453 prodierunt.
1433 2374 1595 2437 Viennae
1617 2377 1732 2438 adhue
1757 2374 1886 2437 consti-

147 2491 288 2556 occasio
310 2495 494 2576 perampla
510 2506 585 2558 tum
602 2483 810 2560 eruditionis
826 2499 975 2582 copiam,
1056 2506 1154 2558 tutus
1172 2505 1209 2558 et
1226 2496 1270 2557 de
1286 2496 1426 2557 edenda
1438 2496 1473 2557 in
1486 2497 1668 2576 publicum
1683 2497 1886 2560 monasterii

144 2626 217 2677 tum
249 2615 284 2677 in
315 2618 423 2679 rebus
454 2617 604 2700 agendis
634 2619 799 2699 peritiam
834 2622 976 2703 publice
1056 2614 1305 2680 San-Blasiani
1320 2616 1468 2679 historia
1480 2618 1661 2699 sollicitus,
1679 2619 1714 2680 in
1730 2618 1886 2701 origines

143 2739 309 2800 testandi.
339 2739 399 2801 Ab
423 2741 554 2803 abbate
577 2741 606 2802 F
608 2728 769 2805 rancisco
794 2743 838 2805 II.
863 2745 976 2825 primo
1056 2739 1213 2801 eiusdem
1229 2758 1294 2819 pro
1307 2758 1371 2800 sua
1384 2739 1419 2800 in
1431 2738 1608 2802 historicis
1621 2740 1748 2821 peritia
1761 2740 1885 2802 sedulo

145 2871 227 2942 post
243 2880 344 2923 suam
361 2862 570 2927 electionem
586 2885 679 2928 anno
704 2864 739 2927 in
760 2867 975 2929 sacellanum

143 2985 364 3063 adsumptus,
380 2996 415 3047 et
428 3005 520 3048 anno
533 2987 698 3067 sequenti
711 2994 790 3066 1728
800 2988 975 3051 Viennam

1056 2861 1253 2943 inquisivit,
1281 2863 1373 2925 bene
1400 2863 1541 2926 omnino
1569 2862 1778 2943 arbitratus,
1807 2861 1884 2923 istis

1055 2984 1164 3046 semel
1180 2984 1331 3047 detectis
1351 2986 1446 3047 haud
1466 2986 1614 3046 arduum
1629 3004 1695 3046 nec
1712 2983 1884 3046 coenobio

143 3106 271 3169 missus
287 3106 365 3188 fuit,
388 3108 492 3189 eique
515 3110 702 3173 commissa
725 3121 807 3173 sunt
830 3110 976 3194 negotia
1055 3127 1081 3168 s
1098 3107 1210 3169 Blasii
1226 3107 1414 3189 inglorium
1431 3106 1517 3188 fore,
1534 3108 1709 3189 integram
1724 3105 1882 3167 eiusdem

143 3230 306 3293 ordinum
331 3231 552 3313 Brisgoviae,
581 3253 651 3314 quo
679 3233 712 3296 in
740 3254 884 3297 munere
911 3255 975 3316 per

143 3372 254 3414 annos
278 3354 359 3433 plus
383 3373 487 3434 quam
512 3354 655 3436 viginti,
683 3356 831 3437 patriae,
855 3377 975 3420 mona-

143 3475 250 3536 sterio
267 3484 302 3536 et
320 3474 398 3536 aliis
415 3474 575 3555 plurimis
596 3478 673 3558 pari
696 3479 910 3541 dexteritate
931 3499 973 3542 ac

143 3615 320 3674 successu,
337 3616 402 3659 nec
419 3597 544 3660 minori
561 3619 639 3661 cum
656 3601 761 3663 laude
779 3610 815 3663 et
830 3601 974 3682 publica

143 3713 237 3777 fama
267 3725 376 3798 atque
406 3729 512 3782 antea
542 3721 746 3785 notissimus
770 3723 809 3784 P.
831 3723 972 3785 Blasius

143 3837 285 3901 Bender
303 3839 410 3902 variis
427 3853 463 3904 et
479 3842 700 3924 gravissimis
718 3843 752 3906 in
768 3846 875 3907 rebus
892 3867 972 3927 pro-

142 3959 216 4025 fuit.
245 3961 364 4042 Quare
387 3965 500 4025 abbas
521 3964 733 4029 Franciscus
755 3967 789 4029 in
813 3968 972 4032 testimo·

143 4083 236 4147 nium
249 4085 452 4148 meritorum
465 4106 558 4149 anno
577 4094 654 4166 1732
671 4089 705 4152 in
721 4090 865 4170 publico
875 4090 971 4173 capi-

142 4208 214 4269 tulo
236 4206 418 4270 Cellerarii
441 4210 561 4292 magni
582 4211 722 4274 titulum
744 4212 776 4274 ei
799 4213 970 4277 attribuit.

141 4327 315 4410 Ampliori
324 4331 457 4393 honore
467 4332 635 4414 dignatus
649 4344 704 4396 est
716 4355 738 4396 a
751 4354 896 4397 caesare
906 4336 971 4398 Ca-

141 4452 214 4514 rolo
231 4451 303 4532 VI,
322 4452 424 4515 titulo
441 4453 577 4517 scilicet
594 4455 784 4518 consiliarii
806 4466 842 4520 et
862 4457 971 4520 histo-

140 4571 323 4656 riographi
353 4575 526 4656 caesarei,
555 4597 663 4639 aureo
689 4578 835 4659 insuper
860 4580 971 4641 numi·

140 4705 253 4757 smate
274 4696 424 4777 gemmis
445 4708 569 4760 omato
591 4700 790 4781 decoratuS,
808 4701 902 4782 quod
925 4703 971 4762 ad

140 4815 372 4879 immortalem
381 4817 535 4882 familiae
547 4842 632 4883 suae
644 4821 793 4904 gloriam
804 4824 971 4906 genealo-

138 4937 234 5020 giam
252 4939 516 5021 diplomaticam
532 4954 707 5026 augustae
723 4946 842 5027 gentis
853 4946 971 5009 Habs·

138 5060 310 5143 burgicae
327 5063 492 5143 publicae
508 5064 578 5126 luci
594 5065 800 5147 reddiderit,
818 5087 909 5148 opus
925 5069 970 5130 ab

139 5184 288 5246 eruditis
306 5185 449 5247 maximi
471 5186 707 5268 aestimatum,
729 5209 807 5250 cum
820 5199 972 5271 praeter

138 5315 314 5387 augustae
331 5308 450 5388 gentis
467 5306 622 5390 origines
639 5329 796 5391 eousque
817 5311 971 5374 incertas

137 5446 211 5489 rem
222 5426 486 5508 diplomaticam
496 5427 709 5493 Germaniae
722 5430 770 5492 ibi
783 5431 970 5513 plurimum

1054 3228 1237 3293 historiam
1255 3229 1475 3311 concinnare,
1501 3230 1599 3291 cuius
1623 3228 1702 3290 libri
1723 3227 1882 3290 ordinem

1055 3362 1091 3415 et
1114 3351 1297 3415 materiam
1322 3351 1399 3434 ipse
1424 3350 1599 3432 disposuit
1622 3350 1658 3413 in
1686 3360 1881 3431 conspectu

1054 3475 1137 3539 novi
1150 3475 1269 3556 operis
1281 3476 1326 3537 ad
1339 3474 1559 3536 monasticon
1571 3472 1882 3545 San-Blasianum;

1054 3616 1176 3659 verum
1203 3597 1321 3678 operis
1349 3596 1458 3659 editio
1480 3595 1589 3658 variis
1613 3616 1659 3658 ex
1683 3595 1800 3658 causis
1827 3604 1883 3657 est

1052 3718 1262 3782 intermissa.
1287 3718 1405 3781 Scena
1420 3739 1535 3781 rerum
1556 3719 1592 3780 in
1611 3720 1693 3781 aula
1714 3737 1882 3781 caesarea

1052 3843 1119 3903 sub
1132 3841 1323 3903 Francisco
1336 3839 1520 3922 Stephano
1534 3860 1688 3922 caesare,
1707 3850 1742 3903 et
1754 3859 1881 3922 regno-

1051 3984 1127 4027 rum
1143 3963 1314 4027 Austriae
1335 3975 1550 4046 contegente
1571 3963 1717 4026 multum
1734 3971 1880 4041 mutata,

1052 4107 1202 4169 cumque
1220 4087 1361 4148 ordines
1383 4107 1445 4149 seu
1466 4096 1581 4149 status
1603 4085 1788 4148 anterioris
1806 4084 1895 4146 Au·¹

1051 4209 1170 4290 striae,
1193 4228 1341 4291 quorum
1361 4208 1507 4291 negotia
1523 4207 1668 4271 iunctim
1686 4208 1880 4288 quaerebat

1051 4332 1305 4414 Marquardus,
1334 4331 1425 4395 inter
1452 4351 1531 4394 sese
1555 4329 1714 4414 graviter
1737 4329 1880 4392 collide·

1050 4465 1181 4536 rentur,
1195 4454 1334 4517 Vienna
1346 4454 1395 4516 illi
1411 4455 1676 4517 abscedendum
1690 4462 1726 4514 et
1739 4452 1879 4514 domum

1050 4578 1278 4640 remeandum
1288 4575 1365 4657 fuit,
1378 4596 1471 4639 anno
1488 4596 1578 4658 1749,
1587 4574 1773 4639 Meinrado
1785 4572 1879 4653 prin·

1051 4699 1131 4780 cipe
1147 4701 1194 4760 ad
1211 4701 1348 4761 clavum
1366 4700 1523 4780 sedente,
1540 4719 1561 4760 a
1574 4717 1654 4780 quc,
1672 4697 1723 4760 uti
1740 4717 1761 4759 a
1777 4714 1878 4777 prae·

1052 4822 1239 4883 decessore
1253 4819 1455 4883 Coelestino
1468 4820 1502 4881 in
1515 4819 1632 4883 officio
1644 4818 1742 4881 vices
1754 4836 1878 4900 geren-

1051 4943 1096 5005 tis
1113 4941 1350 5022 confirmatuS,
1367 4952 1403 5004 et
1418 4941 1646 5023 praepositus
1662 4941 1696 5003 in
1713 4938 1878 5002 Krotzin·

1050 5084 1121 5147 gen
1138 5064 1319 5127 institutus
1331 5073 1395 5145 est,
1412 5064 1472 5126 ubi
1485 5075 1628 5145 praeter
1640 5062 1759 5125 studia
1772 5060 1878 5124 etiam

1050 5207 1138 5269 apes
1155 5197 1190 5250 et
1206 5207 1323 5250 moros
1336 5188 1466 5267 colens,
1482 5186 1669 5268 hospitalis
1682 5198 1718 5249 et
1730 5206 1879 5269 genero-

1050 5330 1121 5392 suS,
1138 5310 1172 5373 in
1190 5313 1283 5373 bona
1299 5320 1483 5373 senectute
1500 5311 1652 5372 adversa
1668 5311 1783 5372 adhuc
1799 5328 1878 5390 per-

1006 5492 1010 5506 ,
1049 5452 1178 5515 pessus
1194 5433 1355 5496 mortalia
1374 5433 1518 5515 reliquit
1538 5433 1596 5495 die
1618 5456 1646 5513 9.
1664 5430 1742 5496 Oct.
1766 5430 1878 5513 ipsius

1621 5550 1653 5598 24
