4178 6196
930 437 1187 525 ,84-

186 645 308 702 Kirche.
322 642 351 722 (i.
360 663 386 701 e.
400 645 447 701 De
459 645 607 701 ecclesiae
619 643 867 720 Russo·graecae
879 649 1017 722 proprie·

186 745 319 827 tatibus.)
336 748 411 806 lbid.
434 749 525 821 1813.
543 749 593 807 lV.
612 749 693 806 Heit.
711 769 740 826 p.
763 764 940 823 124-147.

273 855 326 910 llI.
362 854 498 911 Chronik
533 854 587 911 des
622 854 761 929 adeligen
793 855 1017 912 Benedictiner·

186 958 404 1016 Frauenstiites
419 957 585 1034 Nonnberg
606 961 634 1015 in
650 957 810 1035 Salzburg.
834 956 864 1039 (1.
885 979 912 1016 e.
936 960 1017 1017 Con·

185 1078 293 1121 ventus
310 1063 480 1120 monialium
498 1083 526 1120 0.
544 1083 568 1120 s.
585 1065 618 1120 Β.
635 1061 876 1139 Salisburgensis
897 1056 1017 1120 chr'oni·

186 1168 265 1249 con.)
290 1169 367 1225 Vom
392 1170 559 1225 Entstehen
583 1168 744 1226 desselben
767 1167 815 1225 bis
838 1188 903 1225 zum
927 1168 1017 1245 Jahre

190 1273 271 1346 1840
279 1293 333 1330 aus
344 1273 401 1330 den
411 1274 539 1344 Quellen
547 1272 725 1331 bearbeitet.
739 1272 897 1349 Salzburg.
908 1273 1015 1350 Duyle,

191 1378 280 1453 1841.
298 1377 340 1436 8⁰.
359 1375 419 1453 267
437 1398 467 1454 p.
514 1452 518 1461 Ι

273 1486 435 1540 Praeterea
453 1485 575 1560 scripsit
591 1501 645 1559 per
661 1498 704 1554 40
716 1500 828 1539 annos:
852 1479 1015 1554 „Sabbur-

185 1609 240 1666 ger
268 1590 367 1645 Haus·
394 1587 452 1644 und
476 1585 1012 1645 wirthschatts-Schreibkalender“

186 1715 252 1752 cum
270 1693 571 1751 commentationibus
587 1693 800 1749 astronomicis
817 1705 847 1748 et
862 1692 1015 1749 historicis

186 1803 215 1856 in
231 1800 288 1856 illis
306 1801 465 1855 contentis.

272 1965 501 2037 Ettenauer
537 1976 772 2038 Romanus
805 1973 1015 2057 (Cremifa-

186 2094 351 2175 nensis),
360 2094 689 2175 anteaLeopolduS,
700 2092 828 2177 Styrus
837 2093 1017 2155 Ausseen·

186 2217 244 2297 sis,
266 2218 324 2280 die
346 2222 373 2279 5.
392 2215 491 2298 Sept.
519 2221 598 2295 1716
621 2226 736 2296 natus,
752 2214 1017 2277 humanioribus

185 2341 314 2404 litteris
331 2339 530 2421 Cremifani,
548 2338 801 2420 philosophicis
817 2335 1017 2419 Salisburgi

186 2462 355 2543 eruditus,
377 2463 423 2524 ad
445 2463 651 2524 sollemnem
672 2470 835 2524 votorum
856 2459 1017 2542 sponsio-

185 2606 266 2649 nem
288 2607 337 2650 21.
359 2586 448 2648 Nov.
474 2588 564 2666 1785,
585 2584 765 2667 theologia
790 2593 825 2647 et
850 2583 1017 2663 iurispru-

186 2708 307 2773 dentia
319 2708 482 2771 absoluta
494 2709 540 2770 ad
552 2727 579 2770 s,
593 2707 800 2789 peragenda
813 2706 870 2768 die
888 2725 913 2768 1.
926 2704 1016 2767 Nov.

190 2853 266 2912 1741
291 2830 466 2893 admissus
486 2838 550 2891 est.
575 2827 730 2891 Primum
751 2826 1015 2908 principiorum,

186 2953 315 3017 deinde
332 2952 578 3035 philosophiae
594 2951 775 3033 professor
790 2950 864 3013 iure
882 2949 1016 3030 optimo

188 3077 391 3158 ,utriusque
412 3074 712 3156 encyclopaediae
733 3072 853 3135 vivum
874 3091 1016 3152 promp-

186 3200 336 3264 tuarium
357 3209 393 3261 et
413 3195 529 3278 paene
551 3194 750 3258 oraculum“
772 3195 888 3257 dictus
911 3194 1016 3258 Leib-

186 3322 361 3387 nitzianae
374 3330 409 3382 et
418 3317 620 3381 Wolfianae
633 3317 815 3380 doctrinae
827 3318 924 3398 apud
933 3315 1016 3379 Cre-

85 3527 91 3540 ·
143 3501 156 3526 ,
186 3446 400 3510 mifanenses
428 3451 531 3523 pater
556 3450 665 3522 atque
692 3450 912 3522 propagator
938 3439 1015 3503 fuit.

173 3595 177 3601 ·
191 3588 270 3648 1741
283 3566 480 3628 scholarum
493 3562 755 3644 praefecturam
770 3562 884 3645 gessit
899 3562 1016 3625 simul·

187 3710 255 3774 que
278 3686 453 3750 mathesin
478 3687 611 3759 docuit;
644 3690 722 3764 1755
752 3686 801 3748 rei
829 3686 1016 3768 granariae

185 3810 391 3894 praefectus
407 3808 496 3871 obiit
513 3829 562 3870 20.
579 3808 667 3872 Dec.
689 3813 780 3888 1757.

273 3948 540 4012 Eruditissimus
552 3947 607 4008 vir
623 3967 836 4029 quamquam
851 3948 937 4010 nihil
954 3969 1016 4011 un-

187 4094 293 4157 quam
305 4071 402 4154 typis
411 4069 584 4152 vulgavit,
595 4089 760 4152 magnam
774 4079 893 4132 tamen
905 4069 1016 4152 scrip-

186 4208 300 4262 torum
318 4193 577 4257 multitudinem
594 4191 748 4274 reliquit:

272 4341 295 4397 1.
318 4338 530 4414 Philosophiae
551 4339 693 4413 synopsis
713 4339 778 4393 sive
800 4338 1018 4413 prolegomena

186 4444 397 4525 philosophiae
413 4442 579 4505 rationalis.
601 4441 637 4498 de
654 4441 882 4518 operationibus
899 4445 1016 4511 mentis,

186 4552 300 4609 selecta
323 4568 359 4604 ex
382 4548 591 4624 metaphysica
613 4559 643 4602 et
666 4546 801 4623 physica,
826 4547 1018 4624 philosophia

187 4655 291 4712 morali
308 4656 372 4710 sive
388 4653 496 4710 ethica.
521 4652 606 4707 Haec
627 4668 687 4706 uno
708 4651 859 4708 volumine
880 4670 1018 4728 compre·

187 4760 283 4817 hensa
299 4772 377 4815 sunt.

274 4864 310 4920 ll.
340 4863 386 4918 De
411 4861 519 4919 officiis
542 4861 670 4918 hominis
696 4879 769 4935 erga
797 4879 831 4917 se
858 4864 954 4938 ipsum
981 4882 1018 4920 ac

187 4967 302 5024 iuribus
319 4987 385 5025 cum
402 4969 438 5024 iis
455 4967 608 5023 connexis.

274 5089 325 5144 111.
351 5089 492 5164 Analysis
513 5087 801 5144 demonstrationum
824 5089 852 5142 in
875 5090 1017 5146 arithme-

187 5195 256 5259 tica,
275 5196 344 5248 item
362 5196 390 5249 in
406 5194 574 5268 geometria
590 5192 737 5250 Gordonii
755 5196 986 5250 occurrentium.

273 5314 323 5370 ll'.
349 5314 395 5369 De
418 5316 604 5389 praestantia
623 5330 715 5391 atque
736 5314 863 5371 utilitate
884 5315 1015 5373 methodi

185 5418 392 5475 arithmeticae
409 5421 621 5475 commentatio
637 5418 749 5477 brevis.

1182 646 1218 704 V.
1249 647 1407 722 Inquisitio
1438 647 1467 701 in
1497 665 1599 703 veram
1631 665 1752 703 causam
1784 646 1928 704 mirabilis

1095 752 1248 827 augmenti
1264 752 1371 807 virium
1388 770 1443 826 per
1459 750 1622 807 machinas.

1183 873 1233 931 Vl.
1263 874 1466 943 Quaestiones
1497 891 1534 929 ex
1561 874 1786 949 prolegomenis
1812 876 1927 932 mathe-

1095 996 1176 1045 seos,
1194 997 1231 1034 ex
1247 979 1435 1035 arithmetica
1451 991 1481 1034 et
1496 997 1532 1034 ex
1549 981 1726 1053 geometria.

1183 1100 1249 1157 Vll.
1266 1099 1472 1167 Arithmetica‚
1489 1103 1667 1175 geometria,
1685 1104 1927 1176 trigonometria,

1096 1204 1279 1271 mechanica,
1296 1207 1408 1282 optica,
1421 1207 1600 1281 catoptrica‚
1617 1204 1776 1281 dioptrica,
1794 1208 1823 1261 in
1840 1204 1928 1262 tabu·

1096 1310 1140 1365 las
1152 1311 1355 1366 mnemonicas
1368 1308 1518 1365 redactae.
1536 1306 1635 1386 (Quae
1648 1308 1769 1366 tabulae
1782 1329 1840 1365 non
1855 1329 1928 1366 con·

1096 1413 1263 1471 fundendae
1276 1428 1345 1470 sunt
1357 1433 1423 1470 cum
1438 1414 1483 1480 iis,
1499 1432 1575 1488 quas
1588 1413 1744 1490 Philippus
1756 1413 1928 1490 Steinmayr

1095 1515 1166 1575 Soc.
1181 1520 1203 1575 l.
1221 1537 1258 1574 ex
1270 1520 1375 1595 primis
1388 1518 1560 1575 matheseos
1573 1518 1728 1575 elementis
1741 1519 1812 1575 Chr.
1823 1519 1926 1576 Wolfii

1095 1620 1306 1702 concinnavit.)

1180 1746 1260 1803 Vlll.
1279 1745 1482 1802 Fundamenta
1498 1746 1704 1802 arithmeticae
1721 1749 1891 1820 speciosae.

1183 1869 1233 1924 lX.
1252 1867 1393 1944 Analysis
1409 1869 1706 1926 demonstrationum.

1182 1991 1340 2047 Praedicta
1352 1993 1554 2066 manuscripta
1565 1989 1764 2047 adservantur
1777 1992 1805 2045 in
1818 1987 1928 2046 biblio·

1096 2096 1184 2153 theca
1201 2098 1278 2171 sign.
1296 2097 1327 2153 P.
1345 2110 1527 2169 304—312.

1183 2258 1341 2333 Fabialn
1359 2273 1605 2335 Ambrosius
1627 2270 1927 2355 Sigismundus

1098 2390 1159 2470 (de
1172 2410 1199 2452 S.
1213 2388 1354 2452 Monte
1370 2389 1635 2470 Pannoniae),
1649 2390 1685 2452 in
1698 2390 1825 2454 Bozzai
1838 2411 1926 2456 com.

1098 2510 1238 2574 Castris.
1254 2511 1291 2574 in
1307 2510 1493 2595 Hungaria
1510 2512 1568 2574 die
1585 2533 1635 2576 22.
1650 2513 1744 2596 Aug.
1766 2518 1845 2592 1809
1867 2534 1928 2576 na-

1097 2645 1165 2715 tus,
1194 2655 1220 2696 s.
1248 2634 1372 2697 habitu
1401 2634 1458 2697 die
1488 2639 1535 2698 16.
1560 2633 1639 2699 Oct.
1668 2640 1747 2714 1827
1771 2636 1927 2716 indutuS,

1097 2767 1182 2820 vota
1201 2756 1385 2819 sollemnia
1402 2756 1459 2819 die
1478 2778 1528 2835 ²4·
1546 2757 1633 2839 Apr.
1653 2760 1731 2820 1832
1748 2758 1873 2839 emisit,
1892 2770 1928 2822 et

1097 2877 1271 2941 absolutis
1290 2877 1325 2940 in
1345 2899 1372 2941 s.
1393 2889 1512 2942 monte
1532 2898 1559 2942 s.
1580 2879 1784 2961 theologiae
1800 2880 1928 2942 studiis

1097 3001 1155 3063 die
1182 3005 1229 3063 13.
1247 3001 1309 3064 Iul.
1335 3004 1414 3063 1835
1440 3002 1630 3083 presbyter
1653 3001 1836 3064 ordinatus
1860 3012 1925 3067 est.

1095 3122 1214 3185 Variis
1231 3123 1359 3186 deinde
1376 3121 1512 3204 officiis,
1534 3124 1585 3186 uti
1602 3124 1752 3186 oratoris
1774 3145 1795 3186 a
1816 3126 1927 3188 sacris

1095 3246 1171 3308 ins
1185 3255 1304 3308 monte
1325 3245 1452 3326 masso,
1474 3254 1548 3307 tum
1564 3244 1778 3327 professoris
1794 3244 1927 3329 Sopro-

1096 3367 1143 3430 nii
1164 3372 1342 3449 1836—46,
1359 3366 1502 3430 Posonii
1520 3371 1696 3450 1846-50,
1714 3368 1927 3450 professoris

1097 3499 1133 3553 et
1156 3489 1305 3553 oratoris
1329 3510 1350 3552 a
1374 3489 1483 3552 sacris
1507 3489 1543 3552 in
1564 3511 1591 3551 s.
1612 3506 1728 3553 monte
1749 3494 1927 3574 1850-52,

1101 3617 1268 3691 1851-54
1291 3612 1503 3694 professoris
1527 3612 1674 3695 ibidem,
1704 3618 1925 3694 1854-1859

1095 3736 1236 3816 laurini,
1258 3740 1426 3814 1859—70
1438 3736 1588 3797 oratoris
1604 3756 1625 3797 a
1638 3736 1748 3798 sacris
1761 3734 1929 3819 Sopronii

1095 3858 1321 3921 laudabiliter
1342 3856 1499 3935 functuS,
1523 3858 1590 3920 hoc
1615 3878 1707 3921 anno
1734 3858 1928 3940 spiritualis

1095 3982 1226 4045 ibidem
1250 3981 1366 4044 factus
1388 3989 1457 4052 est;
1482 4001 1574 4043 anno
1601 3983 1741 4044 demum
1769 3987 1848 4061 1878
1870 3983 1928 4045 die

1096 4126 1125 4182 9.
1141 4103 1228 4166 Dec.
1251 4103 1383 4166 ibidem
1403 4103 1462 4184 pie
1478 4100 1513 4165 in
1529 4103 1682 4165 Domino
1703 4105 1929 4169 obdormivit.

1182 4262 1248 4324 Vir
1263 4283 1398 4326 summa
1414 4262 1589 4324 industria
1606 4263 1694 4324 haec
1710 4262 1868 4342 scripsit:

1184 4401 1245 4482 1.(')
1258 4424 1291 4482 c's
1303 4425 1330 4499 uj
1344 4423 1514 4498 szbvetsr'tgi
1525 4424 1664 4490 16116111,
1677 4423 1801 4481 Schmid
1812 4424 1932 4482 Kristol

1097 4532 1247 4608 nyomain.
1265 4527 1293 4607 (i.
1312 4548 1338 4585 e.
1356 4530 1493 4585 Historia
1508 4531 1621 4605 antiqui
1639 4542 1670 4585 et
1686 4532 1756 4586 novi
1773 4527 1929 4607 foederis.)

1097 4634 1286 4693 Pozsonban.
1309 4632 1398 4706 1845.
1417 4633 1459 4690 8⁰.
1482 4647 1536 4705 143
1557 4653 1586 4710 p.

1184 4767 1221 4823 Il.
1244 4766 1271 4823 A
1288 4766 1369 4822 kath.
1388 4764 1503 4840 egyht'tz
1524 4763 1674 4820 tortinete
1695 4763 1728 4819 es
1749 4765 1835 4820 isteni
1859 4767 1928 4820 tisz·

1097 4871 1230 4929 teletnek
1250 4871 1388 4928 szelleme
1410 4869 1500 4944 Hepp
1525 4868 1558 4924 e's
1583 4867 1719 4924 Terklau
1744 4867 1825 4926 111111.
1850 4865 1879 4949 (1.
1901 4887 1928 4926 e.

1097 4977 1232 5033 Historia
1253 4973 1400 5031 ecclesiae
1423 4974 1502 5030 cath.
1520 4986 1550 5030 et
1565 4992 1649 5029 mens
1673 4991 1709 5029 ac
1729 4974 1807 5028 ratio
1832 4973 1929 5031 cultus

1096 5076 1210 5158 divini.)
1227 5078 1301 5136 lbid.
1324 5075 1413 5151 1847.
1432 5076 1474 5134 8⁰.
1497 5093 1553 5150 142
1572 5098 1601 5154 p.

1183 5211 1235 5267 111.
1252 5209 1280 5266 A
1295 5209 1376 5265 kath.
1395 5209 1509 5284 egyhaz
1527 5209 1685 5265 tortinete.
1704 5206 1733 5287 (1.
1748 5229 1774 5265 e.
1792 5209 1930 5267 Historia

1096 5314 1245 5372 ecclesiae
1258 5310 1349 5392 cath.)
1367 5312 1475 5369 Kiadta
1492 5332 1510 5369 a
1521 5312 1554 5387 jo
1571 5313 1604 5368 es
1621 5313 1705 5369 olcsd
1719 5313 1929 5389 konyvlriadd

1097 5418 1232 5476 tarsulat.
1250 5419 1369 5475 Pesten.
1392 5416 1481 5491 1850.
1500 5416 1542 5475 8⁰.
1561 5432 1623 5490 214
1640 5437 1669 5492 p.
