4178 6196
901 504 1182 590 ...456-

173 715 209 767 et
225 703 428 785 praepositi
447 704 482 766 in
500 701 695 767 Steinbach
716 702 869 785 functus,
888 724 1008 765 mona·
1046 704 1050 801 ]
1088 703 1224 766 Mariae
1241 704 1359 783 quoad
1376 704 1587 785 temporalia
1602 704 1762 785 regenda
1780 724 1924 786 quoque

172 826 280 889 sterio
298 828 439 889 sublato
456 828 657 889 Admontes
673 825 772 888 venit
788 835 824 888 et
840 826 1006 906 subprior
1047 804 1049 813 ¹

173 968 237 1011 nec
270 968 340 1010 non
378 947 670 1009 bibliothecarius
706 956 762 1009 est
796 946 1007 1008 nominatus.

174 1069 272 1134 Obiit
288 1080 406 1132 tactus
423 1069 625 1151 apoplexia,
643 1069 771 1132 cumin
788 1069 1007 1131 bibliotheca

174 1203 373 1274 occupatus
390 1201 486 1254 esset
507 1213 554 1270 14.
571 1192 634 1255 Iul.
656 1196 745 1253 1811.

261 1337 284 1393 1.
295 1336 445 1393 Gedichte
457 1338 545 1391 meist
557 1336 738 1410 politiscben
752 1335 811 1391 und
820 1337 1008 1410 satyrischen

175 1440 317 1496 Inhaltes.
338 1438 367 1517 (i.
381 1460 407 1497 e.
422 1441 561 1497 Carmina
578 1440 701 1516 politica
719 1453 748 1494 et
761 1437 904 1519 satirica.)
918 1441 1007 1495 Mser.

174 1543 342 1600 Admonter
358 1545 482 1601 Archiv.

262 1666 300 1721 II.
331 1665 731 1738 Handschrilten·Catalog
762 1664 816 1720 der
842 1663 1010 1719 Admonter

175 1768 356 1826 Bibliothek.
386 1768 416 1848 (i.
442 1789 468 1825 e.
497 1770 661 1843 Catalogus
689 1788 742 1824 ms.
766 1767 838 1824 bibl.
856 1764 1008 1846 Admont.)

174 1875 326 1931 Manuscr.

264 2036 426 2110 Stadler
452 2047 817 2110 Maximilianus
844 2047 1009 2129 (Melli-

174 2165 339 2245 censis),
368 2164 514 2226 Mellicii
541 2165 577 2226 in
602 2164 749 2226 Austria
773 2165 829 2226 die
857 2188 886 2243 4.
914 2165 1008 2247 Aug.

179 2291 259 2366 1748
276 2297 381 2348 natus
403 2305 495 2366 puer
511 2287 634 2348 decem
656 2306 826 2348 annorum
843 2286 1009 2368 Campili-

174 2408 258 2470 lium
277 2408 439 2470 alumnus
456 2408 563 2488 venit,
588 2408 649 2469 ubi
670 2406 832 2470 Graecae
857 2419 893 2471 et
915 2409 1010 2472 Lati-

175 2550 242 2591 nae
266 2530 411 2611 linguae
436 2528 645 2591 rudimentis
674 2530 830 2592 imbutus
853 2531 1009 2593 occasio·

174 2671 255 2713 nem
267 2660 393 2712 nactus
409 2659 464 2712 est
478 2653 678 2713 exercendo
693 2652 863 2714 musicam
873 2653 1010 2715 discen·

175 2773 221 2835 di.
250 2770 403 2852 Saepius
426 2772 619 2834 Mellicium
644 2793 808 2836 reversus
833 2773 1009 2856 insignem

176 2896 418 2977 organoedum
436 2895 776 2976 Albrechtsberger,
799 2914 903 2975 quem
925 2915 1009 2975 quo-

175 3018 262 3080 tidie
277 2994 549 3098 praeludentem
565 3018 791 3098 sequebatur,
802 3016 1009 3080 imitandum

177 3139 245 3201 sibi
270 3139 466 3220 proposuit.
492 3139 599 3200 Anno
627 3143 704 3217 1762
730 3139 906 3202 Viennam
929 3160 1009 3222 pro-

176 3261 293 3323 fectus
310 3270 374 3341 est,
397 3260 458 3322 ubi
474 3262 569 3341 apud
590 3268 712 3341 patres
729 3260 911 3324 societatis
927 3263 1008 3325 Iesu

176 3382 373 3463 disciplinis
389 3382 651 3444 liberalioribus
666 3402 812 3463 operam
825 3383 934 3465 dedit,
953 3404 1009 3446 ce-

175 3505 512 3585 leberrimorumque
533 3505 636 3566 huius
654 3503 837 3567 societatis
854 3505 1007 3567 virorum

177 3626 434 3689 consuetudine
462 3635 566 3688 utens
594 3626 721 3687 heroes
752 3626 907 3688 musicos
934 3636 1007 3689 tum

177 3749 339 3810 Viennae
371 3749 546 3830 degentes
577 3748 713 3810 iteratis
741 3748 880 3809 vicibus
910 3749 1008 3811 adiit.

178 3873 284 3934 Anno
315 3875 394 3948 1766
423 3871 583 3932 habitum
611 3871 855 3951 religiosorum
885 3870 1007 3950 induit,

178 3993 235 4056 die
254 4015 303 4055 21.
321 3993 410 4056 Nov.
429 3996 508 4071 1767
526 3991 785 4073 professionem
802 3993 1008 4054 sollemnem

178 4115 294 4178 emisit
318 4128 362 4195 et,
384 4114 511 4176 studiis
537 4114 792 4194 philosophicis
818 4125 853 4176 et
874 4114 1008 4176 theolo-

176 4239 267 4321 gicis
283 4237 468 4317 absolutis,
486 4237 542 4298 die
564 4241 610 4298 13.
626 4236 705 4299 Oct.
728 4245 1009 4317 1772ne0mysta

147 4395 151 4404 ·
178 4362 223 4423 ad
241 4380 338 4421 aram
354 4359 463 4421 stetit.
488 4357 607 4419 Variis
624 4357 863 4437 pastoralibus
884 4356 1010 4419 officiis

178 4482 323 4545 Mellicii
340 4490 376 4543 et
394 4480 429 4542 in
445 4479 576 4542 vicinia
593 4488 789 4560 occupatus
812 4500 904 4541 anno
930 4484 1009 4559 1778

178 4603 360 4685 professor
393 4602 597 4684 theologiae
625 4603 825 4665 nominatus
854 4611 925 4682 est,
954 4603 1011 4665 cui

178 4725 323 4804 muneri,
339 4723 459 4786 studio
476 4724 679 4805 theologico
696 4722 843 4786 Mellicii
859 4725 1010 4806 sublat0,

179 4847 393 4925 valedicenS,
403 4833 708 4907 Ravelsbachium
718 4845 846 4907 missus
856 4854 920 4926 est,
931 4866 1011 4908 coo·

178 4968 353 5051 peratoris
380 4968 477 5028 vices
504 4977 658 5029 acturus
694 4967 727 5028 A
756 4967 813 5028 die
842 4972 893 5030 26.
920 4967 1009 5030 Nov.

179 5092 213 5154 in
230 5090 444 5154 monasterio
462 5090 558 5170 prior
575 5089 743 5171 existens,
770 5092 895 5152 eodem
918 5111 1010 5153 anno

180 5234 200 5275 a
216 5234 243 5274 s.
262 5235 289 5277 c.
307 5235 333 5277 r.
350 5213 540 5275 maiestate
558 5216 670 5274 abbas
688 5214 1011 5275 commendatarius

180 5334 379 5414 Campililii,
405 5340 484 5413 1789
507 5333 697 5396 Cremifani
721 5337 867 5417 electus,
891 5354 1010 5396 mona·

179 5456 305 5518 steria:
330 5454 536 5537 Garstense,
554 5454 803 5536 Gluniacense,
830 5465 866 5518 et
891 5456 1009 5518 Cellae

1088 825 1255 905 suscepit.
1287 823 1485 887 Erenberto
1510 824 1767 888 Cremifanensi
1789 828 1923 889 abbate

1087 946 1258 1026 pristinae
1268 947 1434 1028 dignitati
1443 947 1609 1010 restituto
1619 946 1780 1010 Lincium
1790 967 1829 1010 se
1841 969 1923 1011 con·

1087 1067 1177 1148 tulit,
1198 1067 1259 1129 ubi
1281 1068 1480 1130 consistorii
1502 1068 1724 1131 consiliarius
1746 1069 1923 1132 referens·

1088 1208 1157 1268 que
1174 1189 1423 1252 denominatus
1436 1199 1499 1252 est.
1525 1190 1632 1252 Anno
1650 1194 1730 1269 1796
1742 1190 1922 1254 Viennam

1087 1309 1271 1391 profectus
1296 1321 1360 1391 est,
1386 1311 1446 1372 ubi
1470 1313 1505 1374 in
1526 1310 1601 1375 vita
1625 1312 1741 1375 otiosa
1764 1314 1922 1376 musicae

1088 1443 1257 1513 operatus
1289 1444 1353 1495 est.
1393 1434 1499 1495 Anno
1532 1438 1611 1495 1803
1641 1436 1687 1496 ad
1713 1435 1922 1515 parochiam

1089 1554 1371 1616 Altlerchenfeld
1388 1554 1422 1616 in
1440 1554 1610 1617 suburbio
1626 1555 1825 1618 Viennensi
1839 1577 1922 1639 pro-

1088 1686 1205 1738 motus
1222 1685 1286 1756 est,
1304 1676 1492 1738 occasione
1508 1677 1700 1740 canonicus
1712 1679 1921 1742 honorarius

1089 1797 1285 1859 Linciensis
1310 1799 1445 1870 electus
1470 1799 1636 1880 cleroque
1661 1801 1835 1863 saeculari
1861 1803 1921 1864 ad-

1089 1918 1253 2000 scriptus
1294 1919 1353 1980 Ad
1377 1919 1555 1981 fortunam
1578 1940 1678 1982 suam
1702 1921 1921 2004 amplifican-

1090 2042 1170 2102 dam
1203 2045 1283 2102 1810
1315 2040 1372 2103 die
1401 2046 1429 2104 6.
1458 2042 1563 2105 Febr.
1597 2044 1803 2124 parochiam
1829 2045 1921 2108 Bdh·

1089 2163 1285 2226 mischkrut
1309 2165 1481 2246 suscepit,
1510 2165 1566 2227 cui
1591 2165 1734 2227 casibus
1758 2165 1920 2228 adversis

1089 2285 1262 2367 agitatus,
1290 2287 1464 2348 suadente
1492 2287 1763 2368 archiepiscopo
1793 2287 1921 2349 comite

1089 2408 1136 2467 ab
1152 2406 1371 2469 Hohenwart
1387 2428 1479 2471 anno
1500 2413 1581 2471 1816
1598 2408 1830 2471 renunciavit.
1862 2410 1921 2471 Ab

1089 2528 1156 2590 hoc
1181 2540 1358 2592 momento
1383 2530 1546 2592 omnibus
1570 2529 1722 2592 fortunis
1745 2530 1920 2612 spoliatus

1090 2650 1150 2712 vili
1181 2671 1298 2713 annuo
1330 2652 1509 2733 stipendio
1541 2633 1730 2716 contentus
1757 2653 1920 2715 Viennae

1089 2773 1266 2854 privatum
1284 2774 1367 2857 egit,
1392 2775 1453 2836 ubi
1478 2775 1535 2836 die
1558 2780 1587 2837 8.
1604 2776 1693 2838 Nov.
1718 2775 1802 2837 anni
1830 2779 1920 2855 1833,

1090 2903 1238 2957 mortem
1255 2897 1431 2960 occubuit.

1176 3017 1335 3079 Musicus
1348 3019 1553 3100 praeclarus
1569 3039 1612 3081 ac
1628 3020 1851 3101 componista
1867 3040 1921 3083 se-

1090 3139 1236 3219 quentia
1253 3141 1397 3221 scripsit
1413 3160 1541 3221 opera:

1176 3266 1198 3320 Ι.
1212 3264 1422 3340 Sopran-Arie
1436 3270 1464 3323 in
1477 3269 1504 3323 D
1519 3271 1571 3324 mit
1584 3284 1600 3324 2
1612 3268 1751 3325 Violinen
1764 3269 1824 3324 und
1834 3270 1919 3325 Bass.

1175 3370 1212 3425 II.
1229 3368 1321 3426 Salve
1338 3371 1463 3444 Regina,
1480 3391 1498 3427 a
1515 3389 1533 3444 4
1551 3375 1619 3428 voci
1637 3375 1666 3429 in
1682 3373 1716 3438 C,
1734 3391 1792 3428 con
1811 3388 1827 3429 2
1846 3373 1919 3429 Vio-

1090 3472 1149 3541 lini,
1168 3474 1294 3547 Organo
1312 3494 1328 3530 e
1345 3477 1450 3532 basso

1175 3578 1227 3634 III.
1245 3579 1545 3636 Wiirfel·Menuette
1566 3581 1613 3636 fiir
1634 3580 1687 3636 das
1709 3581 1838 3638 Clavier.
1863 3582 1920 3637 Ar·

1089 3683 1174 3736 taria.
1503 3746 1505 3751 y

1175 3786 1225 3841 IV.
1243 3787 1284 3843 VI
1301 3788 1377 3843 Trio
1393 3808 1448 3863 per
1465 3804 1480 3845 2
1501 3789 1610 3845 Violini
1628 3808 1644 3845 e
1660 3789 1860 3846 Violoncello

1175 3890 1211 3946 V.
1228 3891 1300 3946 XIII
1316 3890 1461 3949 Sonatine
1479 3912 1534 3969 per
1549 3894 1568 3950 il
1585 3892 1739 3950 Cembalo.

1177 3993 1228 4050 VI.
1246 3995 1398 4052 Concerto
1416 4016 1471 4072 per
1488 3998 1506 4052 il
1522 3997 1722 4054 Violoncello.

1176 4099 1241 4154 VII.
1269 4100 1311 4155 111
1334 4102 1517 4175 Magnificat‚
1541 4121 1558 4156 a
1582 4104 1686 4173 4voci
1708 4120 1766 4158 con
1782 4102 1919 4177 Organo.

1177 4203 1257 4259 VIII.
1280 4205 1373 4260 Missa
1394 4207 1422 4260 in
1444 4207 1468 4261 C
1489 4225 1545 4281 per
1568 4222 1586 4277 4
1610 4208 1687 4273 voci,
1710 4221 1726 4262 2
1750 4207 1860 4263 Violini
1883 4207 1921 4262 ed

1091 4307 1227 4381 Organ0.

1178 4413 1228 4468 IX.
1254 4412 1373 4468 Litania
1399 4414 1426 4469 in
1447 4415 1471 4469 F
1495 4432 1550 4489 per
1570 4431 1589 4486 4
1611 4416 1689 4480 voci,
1715 4414 1860 4471 2Violini
1884 4413 1921 4470 ed

1092 4516 1228 4589 Organo.

1177 4621 1214 4674 X.
1233 4619 1309 4676 Eine
1325 4621 1452 4676 Cantate
1468 4620 1600 4678 Seladon
1618 4621 1665 4677 fiir
1680 4621 1738 4700 das·
1750 4640 1846 4696 ganze
1862 4621 1922 4677 Or·

1091 4723 1220 4780 chester.

1177 4829 1229 4884 XI.
1247 4830 1287 4886 VI
1304 4829 1419 4886 Sonare
1435 4849 1490 4907 per
1506 4831 1524 4886 il
1541 4829 1696 4887 Cembalo.

1177 4935 1244 4990 XII.
1266 4935 1306 4990 VI
1323 4934 1414 4991 Salve
1432 4937 1547 5009 Regina
1563 4953 1581 4990 a
1597 4950 1616 5007 4
1634 4936 1702 4991 voci
1720 4953 1777 4991 con
1794 4935 1921 5008 Organo

1092 5039 1238 5113 obligato.

1177 5145 1258 5200 XIII.
1283 5145 1325 5200 III
1352 5145 1504 5213 Quartetti
1525 5163 1580 5219 per
1605 5159 1620 5200 2
1643 5144 1769 5212 Violini,
1794 5144 1882 5201 Viola
1906 5163 1922 5200 e

1091 5249 1290 5307 Violoncellm

1177 5355 1256 5410 XIV.
1276 5356 1415 5427 Dreissig
1430 5352 1575 5409 deutsche
1592 5351 1703 5407 Lieder
1719 5352 1771 5406 mit
1789 5351 1923 5407 Clavier-

1090 5457 1277 5533 begleitung.
