4178 6196
949 427 1230 526 5340-

221 613 349 670 Cantata
361 611 398 668 ad
413 609 571 668 iubilaeum
585 614 774 671 sacerdotale
787 612 907 672 abbatis
916 613 1050 694 Urbani.)

221 715 266 774 St.
284 718 400 785 Polten,
422 715 512 791 1785.
531 716 572 775 8⁰.
846 692 849 697 Α

307 823 359 879 lll.
377 821 424 878 An
441 823 540 892 Wien,
557 823 602 879 als
618 824 715 880 Franz
732 824 769 880 ll.
792 826 904 880 seinem
921 842 1051 899 grossen

220 928 329 984 Oheim
345 927 397 984 aul
412 928 478 984 dem
495 928 708 1004 Josephsplatz
722 931 769 985 ein
784 929 932 985 Denkmal
948 943 1051 986 setzen

220 1032 301 1089 liess.
331 1028 471 1109 (Carmen
495 1035 658 1089 occasione
683 1036 845 1090 erectionis
869 1036 1050 1090 monumenti

220 1140 292 1213 imp.
309 1138 440 1213 losepho
457 1136 507 1216 ΙΙ.)
523 1138 622 1204 Wien‚
645 1137 734 1195 1806.
752 1145 794 1211 4⁰.

307 1243 357 1299 IV.
383 1243 532 1299 Danklied
557 1243 603 1298 llir
629 1243 682 1299 das
706 1243 867 1300 Landvolk
893 1244 968 1299 nach
996 1262 1050 1317 ge-

221 1347 371 1421 endigtem
399 1349 522 1423 Kriege.
559 1344 588 1425 (i.
618 1367 644 1404 e.
675 1349 802 1405 Carmen
830 1350 858 1404 in
886 1349 1049 1422 gratiarum

220 1455 370 1508 actionem
402 1453 485 1509 sinito
516 1438 757 1532 bellolWien,
789 1453 907 1521 Badeo,
936 1452 1049 1518 Triest,

225 1554 314 1613 1806.
333 1555 375 1614 8⁰.

307 1662 342 1718 V.
367 1662 443 1718 Eine
464 1663 578 1719 Vision.
604 1662 666 1718 Aul
687 1663 734 1718 die
758 1663 848 1719 Reise
873 1660 947 1718 liber
970 1661 1051 1717 Melk

221 1767 296 1823 nach
314 1766 380 1823 dem
394 1765 654 1842 Sonntagsberge.
672 1764 701 1843 (1.
715 1786 741 1823 e.
756 1769 788 1823 In
802 1769 908 1823 itinere
920 1765 1050 1822 Mellicio

220 1871 257 1927 ad
289 1885 421 1929 montem
460 1870 728 1948 ,Sonntagsberg“
765 1872 874 1928 dictum
908 1867 1050 1949 carmen.)

225 1977 316 2051 1807.
334 1977 376 2034 8⁰.
394 1979 529 2034 Manusc.
548 1975 566 2034 8
585 1977 665 2034 lolia.

307 2084 357 2139 Vl.
375 2083 597 2156 Vierstimmige
620 2081 875 2155 Trauergesainge
899 2099 963 2135 zum
988 2078 1050 2135 Ge·

220 2186 354 2244 brauche
378 2186 426 2243 bei
451 2185 690 2261 Beerdigungen.
716 2182 745 2262 (i.
767 2204 794 2241 e.
820 2185 933 2242 Cantus
958 2196 1049 2240 tetra·

223 2291 327 2348 chordi
344 2294 372 2347 111
390 2289 547 2371 exequiis)

308 2397 373 2455 Vll.
402 2395 568 2453 Geistliche
592 2395 703 2452 Lieder
730 2395 777 2450 fiir
803 2394 856 2450 das
879 2393 1049 2450 Landvolk.

221 2499 251 2581 (i.
269 2522 294 2559 e.
312 2501 487 2557 Cantilenae
503 2519 609 2557 sacrae
626 2519 681 2576 pro
698 2496 834 2577 populo.)

307 2625 386 2681 Vlll.
410 2624 510 2682 Ueber
526 2623 583 2680 den
600 2621 768 2679 Salranbau
791 2624 820 2678 in
840 2621 1050 2678 Niederoster·

221 2730 304 2785 reich
320 2729 380 2784 und
396 2729 559 2803 Anleitung
575 2748 609 2784 zu
626 2727 810 2784 demselben.
832 2723 862 2805 (i.
881 2745 906 2782 e.
925 2725 971 2781 De
988 2724 1049 2781 cul·

221 2847 287 2890 tura
299 2832 403 2912 croci.)
420 2836 453 2889 ln
466 2834 522 2890 den
534 2832 792 2890 vaterlandischen
806 2832 948 2887 Blattern.
964 2830 1049 2905 Jahr-

220 2957 302 3013 gang
323 2937 412 2995 1808.
437 2940 492 2994 No.
511 2938 624 2994 XXXII
642 2938 700 2994 und
717 2937 856 2992 XXXlIl.

308 3065 358 3119 IX.
376 3063 529 3130 Poemata,
543 3062 684 3117 idiomate
697 3060 890 3127 Germanic0,
905 3061 934 3115 in
945 3059 1049 3115 Leons

222 3169 414 3246 Apollonion,
439 3181 469 3222 et
494 3169 521 3222 in
546 3164 788 3243 ephemeridibus
813 3183 962 3220 musarum
981 3164 1049 3219 Blu-

221 3275 333 3331 maueri
351 3285 381 3327 et
397 3272 562 3346 Ratschky.

307 3429 392 3500 Pez
424 3435 707 3514 Hieronymus
743 3427 1048 3512 (Mellicensis),

221 3551 671 3632 Austriacuslsipontanus
686 3571 736 3626 24.
747 3549 850 3609 Febr.
866 3550 1049 3609 108511101-

220 3678 352 3756 talium,
371 3682 420 3737 20.
438 3674 525 3737 Dec.
547 3678 625 3752 1703
651 3692 716 3754 per
740 3671 945 3732 sollemnem
969 3688 1050 3750 pro·

219 3801 410 3865 sessionem
423 3797 668 3879 religiosorum
682 3796 748 3856 sub
760 3794 886 3876 regula
899 3813 924 3854 s.
936 3792 1049 3854 Bene·

221 3923 307 3987 dicti
327 3920 565 3999 militantium,
591 3917 744 3998 denique
762 3921 791 3979 8.
809 3914 908 3996 Sept.
934 3933 1049 3976 sacer-

221 4049 343 4111 dotum
356 4063 501 4107 numero
515 4051 569 4104 est
583 4039 793 4120 adscriptus.
812 4037 1048 4119 Antiquitatis

221 4168 343 4232 critico
356 4165 473 4228 studio
482 4174 608 4246 captus
621 4164 665 4224 ad
676 4160 951 4223 eruditissimum
960 4156 1048 4220 Ger·

220 4310 360 4354 manum
385 4309 495 4368 suum,
520 4287 560 4349 P.
583 4286 801 4348 Bernardum
825 4281 985 4362 Pezium,
1010 4300 1048 4342 se

221 4415 419 4494 adiungens
437 4410 663 4472 Austriacam
686 4405 869 4469 historiam
892 4405 959 4467 sibi
983 4424 1048 4485 pro

221 4514 356 4599 viribus
388 4534 630 4596 illustrandam
666 4529 872 4609 desumpsit.
910 4529 1048 4592 Idcirco

222 4679 301 4722 cum
325 4657 433 4720 fratre
458 4675 522 4719 suo
544 4655 727 4717 Bernardo
752 4653 818 4716 iter
840 4653 1048 4716 litterarium

222 4781 384 4845 instituit.
410 4781 514 4842 Anno
540 4782 618 4857 1733
642 4777 814 4859 magister
836 4776 1047 4839 novitiorum

222 4904 347 4967 factus.
378 4902 542 4965 Perstitit
566 4901 599 4963 in
623 4902 690 4963 hoc
715 4898 832 4961 officio
856 4919 926 4961 uno
951 4900 1048 4961 dum-

222 5035 323 5089 taxat
340 5045 441 5087 ann0.
466 5024 554 5086 Post
571 5024 704 5086 obitum
721 5022 842 5085 fratris
862 5021 917 5083 sui
940 5021 975 5083 in
999 5021 1048 5084 lo-

223 5167 301 5210 cum
322 5147 434 5227 ipsius
454 5146 745 5209 bibliothecarius
765 5143 951 5228 primarius
971 5163 1048 5206 suc-

223 5268 340 5331 cessit.
365 5269 476 5331 Porro
497 5270 542 5330 ob
565 5268 705 5330 virtutis
723 5279 758 5329 et
774 5267 957 5330 doctrinae
974 5266 1048 5348 opi·

223 5390 361 5452 nionem
371 5391 477 5452 etiam
491 5390 687 5472 subprioris
699 5389 834 5452 muneri
847 5388 1049 5470 praefectus

1131 620 1196 694 est,
1213 611 1406 675 maioribus
1419 611 1664 695 dignitatibus
1682 633 1771 694 quas
1783 613 1851 675 sibi
1864 614 1967 677 obla-

1131 744 1186 797 tas
1199 733 1346 816 respuit,
1362 734 1599 817 dignissimus
1624 735 1814 798 Praeclara
1827 735 1905 798 eius
1919 737 1966 799 de

1130 875 1168 918 re
1185 855 1328 938 publica
1349 856 1522 919 litteraria
1544 857 1669 919 merita
1694 857 1845 940 agnovit
1871 859 1966 922 elec-

1131 979 1254 1041 toralis
1275 978 1459 1041 academia
1479 978 1706 1041 scientiarum
1729 978 1844 1060 boica,
1869 999 1965 1062 quae

1131 1121 1211 1163 eum
1238 1100 1273 1163 in
1300 1111 1509 1163 extraneum
1533 1101 1666 1166 socium
1691 1102 1783 1164 ultro
1807 1102 1966 1165 adscivit

1131 1244 1281 1304 eumque
1298 1223 1424 1286 illustri
1446 1223 1640 1305 diplomate
1661 1225 1831 1288 donatum
1851 1225 1965 1289 hono-

1130 1367 1206 1409 rum
1223 1355 1259 1409 et
1271 1345 1547 1428 privilegiorum,
1561 1346 1690 1427 quibus
1702 1346 1762 1409 illa
1774 1357 1882 1411 aucta
1897 1357 1963 1429 est,

1130 1468 1340 1551 participem
1357 1487 1436 1531 esse
1450 1469 1655 1533 declaravit.
1679 1469 1962 1533 Dissolutionem

1130 1591 1289 1674 corporis
1305 1591 1359 1653 sui
1372 1591 1646 1672 persentiscens,
1663 1592 1809 1654 dissolvi
1827 1604 1864 1655 et
1881 1612 1962 1655 esse

1131 1734 1209 1777 cum
1226 1714 1367 1777 Christo
1384 1714 1541 1796 cupiens,
1561 1716 1737 1777 asthmate
1754 1718 1884 1777 acerbe
1901 1734 1974 1804 ve<

1129 1845 1236 1899 xatus
1252 1835 1354 1899 senili
1370 1838 1514 1900 tandem
1530 1857 1704 1900 marasmo
1717 1847 1960 1920 consumptus,

1130 1959 1188 2022 die
1209 1981 1255 2037 14.
1273 1958 1352 2022 Oct.
1375 1964 1452 2037 1762
1471 1959 1561 2041 iniit,
1587 1961 1692 2023 homo
1717 1961 1818 2041 quasi
1843 1965 1882 2039 78
1906 1980 1961 2023 re-

1131 2083 1280 2165 ligiosus
1293 2087 1344 2164 50,
1358 2085 1525 2146 sacerdos
1539 2087 1575 2145 51
1592 2103 1773 2146 annorum.
1792 2082 1960 2165 Scripsit:

1217 2228 1239 2284 Ι.
1258 2227 1375 2284 Aetas.
1393 2228 1571 2285 Colomanni
1587 2230 1670 2303 regis
1687 2241 1717 2285 et
1732 2230 1884 2304 martyris,
1901 2228 1961 2284 divi

1131 2333 1266 2388 tutelaris
1275 2333 1425 2388 Austriae.
1445 2330 1715 2389 Dissertationibus
1732 2347 1762 2389 et
1774 2335 1853 2389 notis
1865 2333 1961 2390 histo-

1129 2439 1339 2494 rico-criticis
1368 2438 1524 2494 illustrata.
1561 2437 1648 2494 Anno
1678 2451 1767 2511 1713.
1801 2437 1961 2503 Crembsii,

1130 2544 1210 2618 typis
1227 2543 1347 2599 loannis
1364 2540 1466 2599 lacobi
1484 2543 1590 2618 Kopiz.
1608 2548 1651 2614 4⁰.

1216 2667 1253 2721 ΙΙ.
1264 2663 1438 2741 Scriptores
1448 2684 1547 2721 rerum
1557 2665 1781 2721 Austriacarum
1792 2678 1913 2722 veteres
1923 2684 1960 2722 ac

1129 2772 1259 2846 genuini,
1277 2782 1427 2844 quotquot
1443 2789 1480 2826 ex
1493 2769 1634 2825 Austriae
1647 2771 1872 2845 vicinarumque
1887 2788 1959 2846 pro·

1129 2877 1293 2933 vinciarum
1320 2873 1511 2931 bibliothecis
1536 2888 1566 2930 et
1590 2872 1762 2940 tabulariis,
1791 2875 1959 2930 decumano

1130 2979 1235 3036 labore
1251 2979 1451 3055 perlustratis,
1475 2994 1527 3035 aut
1549 2981 1675 3055 primum
1700 2981 1729 3035 in
1751 2979 1846 3035 lucem
1863 2979 1960 3035 vindi·

1130 3087 1190 3140 cari
1211 3097 1262 3140 aut
1284 3103 1320 3140 ex
1337 3104 1391 3139 ms.
1408 3083 1565 3140 codicibus
1588 3086 1740 3140 auctiores
1765 3097 1795 3140 et
1819 3084 1960 3140 emenda-

1130 3190 1222 3245 tiores
1239 3187 1285 3244 edi
1302 3200 1474 3263 potuerunt.
1499 3187 1588 3244 Tomi
1605 3203 1635 3259 3.
1652 3204 1682 3259 4.
1707 3187 1745 3243 ad
1765 3189 1882 3263 prelum
1905 3208 1959 3266 pa-

1130 3307 1212 3349 ratus
1228 3292 1279 3349 sol.
1303 3292 1437 3368 Lipsiae,
1460 3290 1629 3368 sumptibus
1646 3294 1767 3349 loannis
1783 3295 1808 3349 F
1811 3293 1865 3351 rid.
1884 3293 1957 3351 Gle-

1129 3398 1245 3455 ditschii
1263 3399 1295 3454 B.
1313 3398 1373 3463 filii,
1390 3416 1467 3453 anno
1490 3411 1665 3470 1721—45.

1217 3522 1267 3576 lll.
1282 3519 1313 3577 S.
1323 3520 1472 3597 Leopoldi
1483 3520 1624 3576 Austriae
1638 3520 1819 3577 marchionis
1832 3521 1958 3579 historia

1130 3645 1166 3682 ex
1183 3623 1405 3701 diplomatibus
1423 3625 1534 3681 chartis
1548 3625 1751 3691 donationum,
1766 3629 1890 3682 coaevis
1903 3645 1958 3702 po·

1130 3733 1285 3797 tissimum,
1303 3731 1496 3805 meliorisque
1515 3744 1603 3786 notae
1620 3729 1821 3806 scriptoribus
1838 3735 1960 3788 concin-

1129 3848 1207 3891 nata.
1225 3836 1369 3902 Viennae,
1387 3837 1466 3911 typis
1484 3834 1633 3909 Leopoldi
1651 3836 1772 3891 loannis
1789 3835 1958 3893 Kaliwoda.

1133 3938 1223 4013 1746.

1214 4046 1264 4102 lV.
1293 4045 1511 4121 Ephemerides
1539 4064 1638 4100 rerum
1667 4049 1694 4102 in
1720 4049 1905 4102 monasterio
1929 4059 1960 4102 et

1128 4150 1251 4206 Austria
1267 4162 1372 4205 nostra
1388 4163 1551 4222 gestarum,
1569 4168 1585 4205 a
1599 4148 1647 4205 die
1658 4164 1675 4221 3
1686 4164 1710 4205 1.
1724 4149 1777 4205 Iul.
1793 4164 1884 4223 1741,
1898 4168 1959 4226 quo

1127 4257 1336 4312 serenissimus
1349 4254 1463 4310 elector
1475 4256 1621 4310 Barariae
1634 4255 1809 4310 Passavium
1826 4273 1958 4331 occupa·

1127 4363 1178 4416 vit.
1195 4361 1220 4416 F
1223 4361 1261 4416 ol.
1280 4361 1335 4415 Ms.

1215 4523 1366 4597 Pleiler
1397 4535 1603 4617 Aegidius
1636 4533 1909 4618 (Scotensis),
1937 4556 1956 4598 e

1130 4651 1302 4716 Schattau
1320 4653 1355 4715 in
1371 4653 1530 4715 Moravia
1552 4654 1719 4715 oriundus
1741 4654 1798 4717 die
1822 4674 1850 4733 7.
1867 4654 1957 4718 Nov.

1134 4782 1224 4859 1842,
1248 4776 1427 4858 gymnasii
1449 4777 1568 4838 studia
1591 4779 1687 4858 apud
1704 4776 1833 4841 Scotos
1850 4778 1958 4840 Vien-

1128 4920 1196 4963 nae
1224 4900 1332 4962 coluit
1360 4900 1562 4982 ibidemque
1591 4920 1691 4962 sacro
1719 4920 1745 4962 s.
1771 4900 1958 4963 Benedicti

1128 5023 1252 5085 habitu
1268 5023 1413 5086 indutus
1429 5034 1484 5085 est
1501 5024 1558 5085 die
1575 5045 1627 5086 21.
1645 5023 1745 5103 Sept.
1767 5026 1857 5101 1864.
1884 5024 1957 5087 Ab·

1129 5144 1254 5207 solutis
1271 5166 1297 5208 s.
1314 5145 1517 5228 theologiae
1542 5144 1576 5207 in
1598 5145 1690 5207 univ.
1706 5144 1860 5208 Vindob.
1886 5156 1957 5208 stu-

1130 5266 1206 5348 diis,
1221 5266 1629 5348 sollemniterprofessus
1643 5266 1712 5328 iam
1725 5267 1782 5329 die
1796 5287 1847 5346 27.
1858 5265 1957 5349 Sept.

1135 5393 1223 5469 1868,
1250 5392 1439 5471 presbyter
1460 5389 1644 5452 ordinatus
1668 5400 1723 5451 est
1747 5389 1804 5451 die
1827 5393 1876 5452 25.
1894 5389 1957 5451 Iul.
