4178 6196
904 416 1186 503 -503-

182 620 272 697 1853,
287 617 479 677 earundem
493 616 757 696 disciplinarum
766 616 1007 697 professuram

176 739 211 800 in
241 736 446 800 monasterii
481 736 670 819 gymnasio
701 737 876 819 suscepit,
912 739 1007 817 quod

177 881 303 923 munus
320 880 433 940 usque
449 861 564 922 adhuc
582 859 744 923 sustinet.

262 982 482 1062 Conscripsit
496 983 541 1044 ad
554 990 819 1064 programmata
828 979 1007 1064 gymnasii

176 1107 222 1169 ad
239 1106 382 1168 Scotos:

262 1233 284 1288 Ι.
308 1234 367 1287 Ρ16
384 1250 462 1287 anno
484 1229 578 1302 1858:
603 1229 848 1287 Geschichtliche
864 1227 1007 1284 Abhand-

176 1339 248 1411 lung
258 1335 332 1392 iiber
343 1337 486 1391 Heinrich
497 1336 535 1391 11.
544 1335 751 1410 Jasomirgott.
759 1330 788 1412 (i.
796 1352 822 1390 e.
833 1334 1007 1408 Disputatio

175 1443 319 1499 historica
336 1441 374 1496 de
392 1441 526 1495 Henrico
540 1439 577 1495 ΙΙ.
596 1440 776 1512 cognomine
787 1434 1007 1515 Jasomirgott.)

262 1546 299 1602 ΙΙ.
316 1546 375 1600 Pro
389 1562 467 1599 anno
482 1543 576 1616 1870:
594 1541 796 1616 Begriindung
809 1541 863 1597 des
876 1539 1007 1597 Succes-

175 1650 381 1706 sionsrechtes
395 1648 449 1704 der
459 1646 661 1721 Habsburger
673 1645 726 1701 aul
735 1645 793 1701 den
805 1645 1007 1719 ungarischen

175 1753 281 1809 'l‘hron
299 1753 392 1809 durch
409 1753 590 1808 Maximilian
603 1753 625 1807 1.
643 1748 672 1829 (1.
684 1769 709 1806 6.
720 1749 915 1824 Argumentis
926 1768 1007 1805 corn-

175 1856 322 1934 probatur
349 1859 394 1913 ius
422 1858 625 1913 successionis
657 1855 813 1931 dynastiae
841 1851 1005 1928 Habsburg

175 1981 230 2037 per
246 1962 478 2017 Maximilianum
495 1961 518 2016 1.
535 1963 564 2015 in
581 1977 677 2034 regno
694 1956 891 2035 Hungarico.)

261 2081 455 2142 Praeterea
472 2076 698 2158 conscripsit:

262 2207 316 2261 111.
346 2206 455 2278 Einige
482 2203 631 2259 herzliche
659 2202 785 2270 Worte,
814 2201 881 2257 dem
906 2202 1005 2257 Herrn

175 2309 300 2365 Wenzel
317 2307 470 2374 Welleba‚
492 2305 685 2363 Schullehrer
705 2326 740 2361 zu
762 2305 931 2371 Frr'ischau,
953 2323 1006 2360 zur

175 2412 348 2471 ieierlichen
375 2409 554 2485 Uebergabe
582 2411 635 2467 des
659 2408 810 2466 silbernen
831 2409 1005 2466 Verdienst·

174 2521 301 2575 kreuzes
319 2519 371 2572 mit
386 2515 440 2571 der
457 2516 560 2571 Krone
576 2533 622 2570 am
645 2529 691 2570 12.
706 2512 841 2570 Februar
859 2510 937 2584 1865
952 2531 1004 2586 ge·

177 2624 304 2679 widmet.
323 2618 351 2699 (i.
368 2639 394 2676 e.
409 2619 515 2676 Sermo
532 2615 752 2696 occasionalis.)
767 2617 846 2673 2161.
860 2618 1007 2690 48111611--

175 2746 240 2793 uae,
263 2724 353 2798 1865,
371 2726 451 2799 typis
467 2722 578 2779 Anton.
596 2721 774 2797 Schweiger
789 2735 819 2779 et
835 2723 941 2797 Comp.

259 2853 418 2927 Wenin
450 2865 735 2927 Lambertus
767 2863 1004 2944 (Altenbur·

173 2985 339 3068 gensis),
356 2983 462 3046 Tirol.
479 2982 581 3062 LaaS,
599 2982 656 3043 die
671 2979 831 3061 21.Sept.
847 2984 923 3042 1831
942 3001 1004 3041 na-

172 3119 240 3189 tus,
258 3128 284 3169 s.
300 3106 424 3168 habitu
441 3104 498 3166 die
517 3126 562 3169 11.
577 3104 655 3168 Oct.
675 3103 1005 3182 185911111111115,561-

172 3229 302 3293 lemnia
326 3236 411 3291 vota
438 3226 496 3288 die
524 3246 571 3305 17.
596 3226 691 3307 Aug.
721 3228 797 3286 1861
830 3223 946 3285 emisit
969 3233 1005 3284 et

174 3338 375 3416 sacerdotio
403 3351 634 3431 inauguratus
663 3349 720 3409 die
745 3353 773 3410 3.
799 3347 893 3428 Aug.
926 3352 1002 3410 1862

173 3475 323 3557 primum
347 3492 373 3533 s.
391 3471 519 3532 missae
536 3449 746 3531 sacrificium
761 3468 840 3530 Deo
864 3468 1002 3530 obtulit.

173 3594 292 3655 Variis
308 3592 444 3674 officiis,
467 3600 607 3672 utpote:
632 3589 875 3670 cooperatoris
896 3589 1004 3651 61111-

173 3713 396 3777 bliothecarii
408 3713 443 3774 in
456 3712 670 3775 monasterio
684 3731 796 3793 usque
813 3713 859 3775 ad
872 3732 1002 3774 annum

178 3841 275 3916 1865,
302 3836 348 3897 ab
376 3854 468 3896 anno
501 3838 672 3913 1865-71
702 3834 945 3914 cooperatoris
968 3834 1004 3897 in

172 3956 423 4037 Riihrenbach,
448 3955 601 4036 denique
625 3957 671 4017 ab
692 3975 785 4017 anno
806 3961 881 4035 1871
903 3976 1004 4037 prae-

173 4082 259 4144 fecti
283 4080 452 4141 silvarum
476 4076 511 4139 in
535 4076 750 4139 monasterio
777 4077 1004 4159 laudabiliter

172 4204 325 4283 functus,
342 4201 399 4262 die
413 4206 463 4262 31.
478 4199 541 4260 1111.
560 4203 637 4276 1872
657 4197 691 4260 in
709 4197 833 4259 itinere
842 4199 1004 4262 Venetiis

176 4324 368 4407 apoplexia
385 4331 502 4385 tactus
518 4320 617 4384 obiit.
641 4318 805 4400 Scripsit:

258 4447 497 4520 limen-Klange
520 4467 555 4501 zu
580 4443 642 4501 Abt
663 4445 817 4501 Honorius
839 4444 1004 4520 Jubelfeste

173 4574 219 4611 am
235 4567 287 4625 31.
302 4553 380 4624 Aug.
398 4549 476 4623 1867
495 4551 539 4606 als
556 4550 614 4605 den
627 4550 696 4623 Tag
713 4551 813 4605 5611161
826 4550 1004 4624 25jzlhrigen
1043 4634 1045 4639 Α

173 4655 433 4714 Abtens·Wdrde
461 4656 499 4709 im
527 4653 820 4710 Benedictinerstiste
844 4652 888 4710 St.
912 4655 1004 4710 Lam·

173 4763 280 4818 brecht
296 4781 329 4816 zu
347 4757 526 4832 Altenburg.
551 4759 608 4813 Ein
624 4759 648 4813 F
651 4758 828 4832 estgedicht.
847 4755 875 4835 (i.
890 4778 915 4814 e.
929 4759 1004 4815 Car·

172 4885 240 4923 men
264 4867 389 4940 lyricum
413 4865 442 4918 in
467 4864 611 4920 honorem
635 4860 755 4918 abbatis
776 4862 904 4919 Honorii
928 4861 1004 4918 iubi-

173 4967 282 5048 lantis.)
304 4969 402 5035 Wien‚
429 4966 519 5040 1867.
545 4965 935 5023 hlechitharisten·Buchdr.
961 4966 1003 5023 8⁰.

259 5116 440 5189 Wenzel
457 5087 650 5188 Andreas
673 5124 877 5205 Iosephus
898 5123 1004 5205 (Sco-

1087 636 1219 698 genere
1229 616 1446 679 neofortuna
1456 617 1667 700 conspicuis.
1685 617 1825 680 Enituit
1834 637 1923 680 vero

1087 758 1169 800 mox
1186 738 1366 820 singulare
1382 739 1485 819 pueri
1507 739 1688 822 ingenium
1705 739 1766 821 ita,
1788 749 1830 802 ut
1850 760 1924 802 ma-

1087 860 1208 943 gistris
1224 861 1362 942 piarum
1379 861 1588 942 scholarum,
1611 860 1739 924 deinde
1757 862 1921 943 patribus

1088 982 1271 1045 societatis
1298 983 1379 1045 Iesu
1412 983 1625 1045 erudiendus
1655 985 1872 1065 traderetur,
1900 1006 1921 1047 a

1088 1104 1216 1186 quibus
1233 1106 1396 1167 excultus
1413 1123 1557 1167 emenso
1579 1124 1684 1167 cursu
1699 1104 1921 1187 philosophi-

1088 1244 1130 1287 co
1146 1227 1267 1288 theses
1283 1228 1455 1308 quasdam
1472 1227 1614 1308 publice
1632 1226 1794 1289 defendit
1810 1227 1919 1309 idque

1087 1356 1189 1408 tanta
1205 1348 1430 1429 dexteritate,
1454 1357 1492 1411 ut
1509 1359 1653 1430 postero
1670 1360 1834 1429 tempore
1851 1350 1920 1412 iam

1087 1469 1133 1529 ad
1151 1468 1279 1531 Scotos
1302 1470 1486 1550 professus
1510 1469 1637 1532 artium
1659 1469 1861 1532 liberalium
1884 1480 1920 1532 et

1087 1589 1334 1669 philosophiae
1373 1591 1579 1653 doctoribus
1616 1592 1919 1654 adnumeraretur.

1091 1710 1311 1774 Adolescens
1338 1711 1594 1793 septemdecim
1619 1733 1793 1775 annorum
1820 1733 1920 1775 sanc-

1088 1844 1146 1894 tae
1164 1833 1444 1895 conversationis
1460 1834 1621 1897 habiturn
1637 1834 1816 1915 quaesivit
1833 1834 1919 1898 faci-

1086 1956 1192 2036 leque
1208 1955 1413 2036 impetravit
1433 1961 1480 2017 13.
1501 1956 1692 2019 Novembr.
1715 1961 1805 2036 1776.
1831 1957 1918 2021 Cum

1091 2097 1137 2137 12.
1155 2077 1259 2139 Mart.
1282 2083 1359 2157 1783
1382 2098 1408 2139 5.
1425 2078 1658 2159 professionis
1673 2078 1818 2141 vinculo
1839 2099 1919 2142 sese

1086 2197 1338 2260 adstrinxisset
1362 2198 1517 2261 familiae
1542 2198 1748 2281 Scotorum,
1774 2201 1919 2264 nonita

1086 2320 1195 2381 multo
1212 2331 1296 2399 post
1312 2332 1498 2402 neomysta
1510 2320 1685 2402 primitias
1697 2321 1776 2383 Deo
1790 2322 1918 2384 obtulit

1087 2461 1137 2504 22.
1158 2441 1233 2503 lun.
1260 2447 1350 2535 1783.
1375 2440 1566 2505 Strenuum
1588 2443 1670 2506 dein
1692 2444 1768 2526 egit
1789 2463 1917 2526 coope-

1085 2572 1238 2625 ratorem
1254 2563 1289 2625 in
1306 2575 1427 2626 erecta
1443 2574 1518 2626 tum
1535 2585 1628 2627 nova
1644 2564 1841 2657 parochiali
1862 2586 1917 2628 ec-

1085 2685 1193 2747 clesia
1205 2687 1251 2747 ad
1264 2707 1290 2748 5.
1300 2685 1539 2767 Laurentium,
1553 2686 1613 2767 qui
1626 2706 1774 2767 campus
1789 2687 1918 2749 dicitur

1085 2805 1287 2889 Scotorum,
1318 2812 1494 2887 1786-98.
1520 2808 1607 2871 Cum
1630 2809 1714 2871 dein
1737 2808 1773 2871 in
1797 2828 1917 2871 mona-

1085 2929 1192 2991 sterio
1206 2930 1916 3012 6616165161556166166616111165,Β611116

1085 3054 1198 3113 abbas
1206 3052 1397 3132 parochiae
1410 3072 1489 3115 eum
1502 3052 1676 3135 praefecit
1689 3054 1915 3115 suburbanae

1085 3174 1131 3233 ad
1148 3192 1174 3236 5.
1189 3173 1395 3236 Udalricum
1416 3177 1506 3236 1866.
1531 3174 1643 3236 Paulo
1660 3183 1743 3255 post
1757 3174 1916 3256 praefec-

1085 3306 1143 3357 tus
1159 3296 1243 3366 novi
1260 3316 1288 3358 6.
1301 3317 1327 3358 r.
1342 3295 1520 3378 gymnasii
1533 3296 1743 3378 designatus
1756 3306 1822 3360 est.
1846 3297 1915 3358 Ve-

1085 3439 1161 3480 rum
1178 3419 1223 3480 ad
1239 3438 1366 3480 munus
1381 3418 1498 3499 ipsum
1509 3438 1581 3480 non
1594 3419 1760 3492 accessit;
1778 3428 1914 3482 mortuo

1085 3539 1178 3602 enim
1202 3540 1373 3601 Bennone
1397 3540 1539 3621 abbate,
1564 3539 1712 3602 fratrum
1736 3538 1915 3621 suffragiis

1085 3661 1198 3721 abbas
1225 3661 1360 3722 61661115
1386 3669 1440 3722 651
1467 3665 1514 3723 18.
1531 3661 1606 3724 lun.
1634 3665 1712 3741 1807
1738 3669 1775 3723 et
1798 3660 1915 3723 infulis

1084 3778 1348 3862 pontificalibus
1362 3781 1546 3844 redimitus
1560 3803 1589 3860 9.
1603 3782 1697 3863 Aug.
1723 3784 1797 3845 Iam
1815 3780 1916 3844 nimis

1085 3903 1236 3965 caeteris
1261 3922 1383 3966 omnes
1406 3923 1508 3965 curas
1530 3905 1576 3965 ad
1597 3905 1839 3966 adornandam
1855 3905 1915 3965 bo-

1084 4044 1207 4086 narum
1219 4024 1416 4086 litterarum
1429 4026 1646 4104 palaestram
1659 4025 1810 4087 contulit
1823 4045 1916 4087 eam·

1085 4166 1153 4226 que
1169 4145 1291 4208 fovere
1309 4154 1344 4208 et
1361 4154 1561 4208 sustentare
1583 4147 1629 4207 ad
1645 4133 1843 4208 extremam
1860 4166 1915 4208 us-

1085 4287 1153 4348 que
1170 4268 1280 4329 vitam
1296 4287 1366 4329 non
1381 4266 1495 4331 desiit.
1520 4268 1594 4329 Iam
1608 4267 1746 4348 pridem
1760 4268 1915 4351 inclytae

1086 4388 1239 4451 nationis
1264 4389 1476 4451 Austriacae
1502 4409 1586 4451 mox
1610 4388 1813 4453 Saxonicae
1836 4410 1915 4472 pro·

1085 4520 1240 4593 curator,
1264 4509 1445 4573 facultatis
1468 4510 1737 4592 philosophicae
1761 4512 1916 4573 decanus

1084 4637 1379 4715 pr01807—1808
1402 4633 1537 4694 electus
1561 4641 1597 4694 et
1622 4652 1650 4695 c.
1667 4653 1693 4694 r.
1711 4632 1821 4695 studii
1841 4632 1916 4714 phi-

1084 4755 1257 4836 losophici
1275 4754 1510 4817 vicedirector
1530 4754 1744 4816 constitutus
1768 4766 1833 4817 est.
1857 4754 1916 4817 Ad

1086 4878 1180 4959 quod
1201 4882 1248 4941 18.
1265 4876 1313 4938 M.
1336 4876 1415 4954 1869
1432 4876 1624 4958 theologici
1646 4896 1788 4958 quoque
1811 4876 1916 4939 studii

1086 4999 1403 5062 vicedirectoratus
1429 4999 1592 5060 accessit.
1624 4998 1750 5080 Neque
1773 5018 1915 5061 suorum

1085 5121 1236 5183 salutem
1262 5119 1424 5202 neglexit
1448 5131 1484 5181 61
1507 5120 1715 5183 calamitoso
1739 5121 1800 5183 illo
1824 5140 1914 5184 anno

173 5245 336 5324 tensis),
365 5244 400 5306 in
429 5245 542 5306 lucem
567 5242 683 5305 editus
711 5253 766 5305 est
789 5243 950 5305 Viennae
974 5265 1003 5320 4.
1089 5248 1168 5320 1809
1185 5262 1256 5305 non
1272 5242 1345 5303 suis
1366 5251 1503 5305 tantum
1527 5243 1592 5305 sed
1616 5242 1751 5304 exteris
1776 5262 1916 5324 quoque

172 5363 277 5424 Mart.
305 5369 383 5442 1759
405 5385 425 5425 a
447 5364 654 5446 parentibus
675 5363 852 5445 1161165115,
877 5372 914 5425 at
940 5383 1004 5425 1166
1041 5316 1045 5437 i
1083 5364 1263 5446 praesidio
1294 5363 1371 5426 fuit.
1410 5365 1546 5427 Eodem
1577 5384 1670 5428 anno
1701 5374 1914 5447 recuperata
