4178 6196
927 416 1209 507 -518-

194 642 315 704 cursu,
341 643 419 685 curn
444 622 500 684 die
524 643 551 686 1.
573 622 695 684 Iacobi
721 625 802 699 1874
826 621 1025 683 sacerdotio

193 744 354 807 initiatus
367 753 471 825 esset,
481 743 630 825 primam
640 744 719 806 Deo
733 744 861 806 obtulit
873 744 1025 806 hostiam

194 866 251 928 die
269 871 297 930 5.
311 866 406 948 Aug.
425 867 582 930 eiusdem
600 867 692 930 anni.
716 867 785 929 Die
799 871 827 929 5.
840 867 931 932 Nov.
945 871 1023 947 1875

194 989 349 1053 doctoris
366 1009 393 1053 1.
406 989 608 1071 theologiae
625 990 659 1051 in
676 990 770 1052 univ.
780 989 934 1052 Vindob.
951 989 1025 1051 lau·

192 1130 288 1173 ream
305 1112 458 1175 obtinuit
479 1120 515 1173 et
531 1132 562 1174 a.
584 1116 664 1191 1879
682 1113 866 1174 doctorum
882 1133 909 1175 1.
926 1111 1025 1174 theo-

192 1222 310 1305 logiae
332 1223 475 1310 collegii
499 1225 656 1286 decanus
680 1225 814 1286 electus
838 1233 902 1286 est.
936 1221 1024 1285 Cum

197 1348 277 1423 1876
295 1355 331 1407 et
348 1351 426 1425 1877
444 1347 666 1408 catechetam
681 1346 817 1428 egisset
833 1365 1022 1408 excurren-

191 1466 263 1519 tem
291 1458 326 1520 in
350 1460 557 1521 suburbium
581 1458 839 1541 Gumpendorf,
869 1459 950 1521 inde
976 1460 1021 1519 ab

191 1601 283 1643 anno
305 1587 384 1661 1878
410 1583 606 1645 doctrinam
631 1602 657 1645 s.
679 1581 862 1665 religionis
885 1581 920 1644 in
944 1601 1032 1644 1.1.Ι

191 1704 378 1786 gymnasio
395 1707 440 1767 ad
457 1703 585 1768 Scotos
603 1707 716 1767 docet.
741 1704 855 1786 Typis
872 1703 996 1766 edidit:

278 1830 300 1886 1.
336 1831 441 1902 „Altar
470 1831 528 1886 und
556 1828 793 1887 Krankenbett.“
828 1829 952 1904 Predigt
982 1831 1019 1886 im

190 1935 664 2010 Handlungs·Krankeninstitute
681 1937 710 1990 in
727 1935 825 1991 Wien.
848 1931 878 2011 (i.
896 1954 922 1991 1.
940 1935 1020 1990 Con·

190 2039 260 2119 110.)
279 2040 369 2114 1876.
387 2037 487 2115 Typis
503 2040 539 2100 A.
558 2043 648 2097 Keiss
665 2054 695 2096 et
710 2041 764 2096 Ph.
782 2039 860 2096 Lob.

277 2148 315 2202 ll.
341 2146 404 2201 Das
421 2146 606 2202 Vaternnser
627 2149 655 2201 in
676 2146 751 2200 zehn
767 2145 1018 2218 Betrachtungen.

190 2253 243 2308 Mit
260 2268 278 2324 9
295 2250 499 2307 Stahlstichen
515 2251 590 2307 nach
607 2249 747 2305 Flihrich.
765 2246 794 2327 (i.
809 2268 835 2306 e.
850 2249 1019 2305 111111111ῑί0-

189 2375 243 2411 nes
267 2355 304 2411 de
326 2358 463 2411 oratione
485 2352 664 2429 Dominica.)
692 2355 783 2411 1101.
808 2353 850 2410 8⁰.
874 2355 1018 2421 Viennae,

193 2459 284 2533 1879,
303 2462 382 2535 typis
399 2472 430 2514 et
446 2472 554 2534 sumpt.
572 2460 695 2515 Heurici
713 2460 832 2515 Kirsch.

275 2566 326 2621 111.
344 2564 390 2620 Ad
408 2563 538 2620 libellum
555 2564 634 2619 illum
651 2582 773 2619 aureum
795 2562 831 2618 de
854 2564 1018 2619 imitatione

187 2670 298 2726 Christi
315 2672 440 2743 eiusque
457 2682 612 2723 auctorem
629 2668 770 2723 Ioannem
788 2665 907 2722 Gersen
923 2669 1017 2743 perti-

188 2787 272 2830 nent:
297 2775 329 2847 o)
342 2771 443 2831 Ueber
456 2773 513 2828 den
522 2771 683 2828 Versasser
692 2771 885 2827 derlmitatio
895 2771 1015 2827 Christi.

186 2876 215 2956 (i.
230 2898 256 2934 1.
271 2879 317 2934 De
330 2895 404 2934 vero
417 2875 507 2932 libelli
522 2876 558 2932 de
572 2877 736 2932 imitatione
746 2876 856 2932 Christi
869 2872 1016 2952 auctore.)
1055 2894 1058 2907 ·

187 2986 294 3040 insert.
311 2981 418 3038 libellis
440 2981 528 3037 dictis
548 2981 630 3051 „Der
648 2981 823 3046 Katholikl,
842 3000 879 3036 m.
896 2982 1014 3037 Ianuar.
1054 2984 1057 3077 7

190 3088 280 3162 1877,
305 3088 462 3161 Mogontii,
488 3098 597 3160 sumpt.
619 3086 668 3140 Fr.
690 3085 873 3141 Kirchheim.
902 3085 933 3153 1)
957 3086 1014 3141 Ein
1054 3080 1057 3185 7
1096 3151 1210 3204 inuniv
1235 3148 1354 3206 vindob

185 3195 261 3250 alter
277 3190 544 3249 niederdeutscher
561 3189 665 3246 Codex
681 3189 734 3245 der
749 3192 879 3246 Imitatio
893 3190 1012 3247 Christi.
1053 3202 1056 3295 7

184 3296 214 3376 (i.
232 3317 258 3355 e.
276 3299 323 3353 De
340 3297 446 3353 11111111
463 3295 593 3370 quodam
610 3296 734 3368 antiquo
756 3293 845 3350 libelli
864 3294 901 3349 111
918 3297 1014 3351 imita·

184 3398 287 3479 tione.)
304 3402 342 3457 Ut
357 3419 448 3477 supra
461 3421 498 3456 m.
513 3401 587 3455 Dec.
606 3398 696 3472 1876.
722 3400 882 3468 c)10annis
895 3398 1014 3455 Gersen

184 3506 221 3562 de
238 3507 403 3561 imitatione
416 3505 526 3560 Christi
545 3502 610 3559 libri
628 3516 767 3578 quatuor.
793 3502 839 3559 Ad
853 3503 1013 3560 editionem

184 3612 328 3684 optimam
345 3610 549 3664 Maurinorum
567 3627 624 3663 una
641 3627 707 3664 cum
722 3608 933 3664 dissertatione
947 3628 970 3665 r.
985 3611 1012 3665 11.

185 3712 313 3769 Dellavii
327 3712 425 3767 denuo
439 3712 519 3768 editi.
539 3727 549 3767 1
563 3712 621 3768 rol.
640 3711 682 3768 8⁰.
700 3711 907 3780 Vindobonae,
922 3713 1012 3787 1879,

1103 628 1139 701 g)
1152 626 1302 683 Giovanni
1316 624 1446 682 Gersen.
1464 623 1536 681 Scin
1553 624 1660 682 Leben
1675 625 1734 681 und
1751 603 1817 683 sein
1827 607 1942 684 Werk:

1104 731 1153 787 De
1179 733 1344 787 imitatione
1368 731 1490 787 Christi.
1514 731 1568 785 Mit
1588 731 1764 787 Facsimiles
1784 732 1942 789 mehrerer

1105 836 1266 909 wichtiger
1275 835 1405 892 Codices
1415 836 1620 911 manuscripti.
1630 831 1659 912 (i.
1672 836 1776 893 e.Vita
1786 851 1817 893 et
1825 840 1940 913 scripta

1104 939 1189 995 Ioan.
1201 939 1330 995 Gersen.
1345 939 1418 994 Cum
1430 952 1546 1014 septem
1556 938 1664 995 tabulis
1677 937 1827 1018 lacsimil.)
1842 941 1938 1016 Augs·

1105 1041 1193 1117 burg,
1208 1045 1302 1100 Liter.
1313 1044 1453 1100 Inst.von
1463 1045 1515 1099 Dr.
1526 1045 1566 1100 M.
1577 1044 1707 1101 Huttler.
1721 1043 1813 1102 1880.
1828 1045 1937 1103 8⁰mai.

1192 1148 1242 1205 IV.
1259 1148 1474 1222 Ausgewahlte
1488 1146 1639 1204 Schriften
1656 1148 1710 1204 des
1722 1149 1791 1206 heil.
1801 1150 1936 1226 Epipha-

1103 1254 1179 1318 nius,
1197 1272 1251 1308 aus
1264 1252 1330 1308 dem
1345 1247 1470 1310 Urtexte
1486 1251 1647 1310 libersetzt.
1666 1250 1695 1330 (i.
1709 1272 1736 1309 1.
1749 1252 1873 1330 Scripta
1889 1274 1937 1311 se-

1103 1356 1181 1412 lecta
1199 1375 1223 1412 1.
1235 1357 1394 1432 Epiphanii
1413 1359 1441 1413 in
1456 1358 1588 1432 linguam
1598 1358 1700 1414 Germ.
1711 1357 1822 1438 versa.)
1841 1361 1936 1416 Perti·

1103 1460 1206 1516 netad
1223 1478 1288 1536 op.:
1312 1460 1484 1517 Bibliothek
1500 1462 1553 1517 der
1570 1462 1800 1519 Kirchenvater.
1822 1465 1935 1540 Kemp·

1103 1578 1162 1630 ten,
1179 1578 1288 1641 sumpt.
1307 1566 1365 1622 101.
1384 1566 1488 1623 1111111.
1511 1565 1601 1623 1880.

1187 1670 1223 1727 V.
1247 1671 1356 1727 Inserit
1376 1690 1469 1747 porro
1487 1671 1659 1746 complures
1675 1672 1821 1729 articulos
1837 1676 1934 1749 operi,

1101 1774 1183 1849 quod
1202 1775 1372 1832 inscribitur
1389 1777 1685 1842 Kirchen·Lexicon,
1703 1777 1774 1833 edit.
1789 1778 1828 1833 ΙΙ.
1850 1779 1934 1835 Frei-

1101 1877 1188 1953 burg,
1206 1879 1334 1936 Herder.

1188 1985 1237 2040 Vl.
1264 1985 1372 2040 Oratio
1398 1983 1499 2041 habita
1523 1985 1560 2040 ad
1584 1985 1712 2042 studios
1735 1987 1835 2042 iuven.
1860 2008 1885 2044 c.
1909 2008 1931 2044 1.

1100 2090 1247 2162 gymnasii
1264 2089 1301 2144 ad
1315 2088 1428 2146 Scotos
1445 2109 1500 2164 pro
1514 2089 1561 2145 die
1574 2092 1780 2146 anniversario
1795 2106 1933 2168 251119-

1101 2196 1206 2249 tiarum
1235 2194 1341 2249 domus
1369 2195 1569 2270 imperatricis
1594 2194 1737 2251 Austriae
1760 2197 1866 2252 insert.
1890 2199 1931 2253 in:

1100 2296 1306 2353 Gedenkblntt
1318 2317 1355 2353 an
1369 2298 1417 2354 die
1427 2298 1613 2355 Kaiserseier
1624 2299 1678 2355 des
1691 2300 1720 2355 k.
1731 2300 1761 2355 11.
1771 2299 1931 2357 Schotten-

1100 2400 1313 2475 Gymnasiums
1338 2405 1367 2458 in
1384 2403 1473 2459 Wien
1496 2422 1543 2458 am
1566 2417 1616 2475 24.
1632 2403 1707 2479 Apr.
1727 2404 1817 2478 1879.
1841 2406 1931 2463 Vien-

1099 2523 1165 2572 nae,
1194 2505 1284 2581 1879,
1310 2509 1390 2582 typis
1415 2508 1468 2564 Ch.
1494 2509 1618 2564 Reisser
1641 2523 1671 2564 et
1694 2510 1734 2565 M.
1756 2510 1929 2576 Werthner,

1098 2623 1207 2686 sumpt.
1226 2632 1251 2668 1.
1269 2630 1293 2668 1.
1309 2630 1410 2686 gymn.
1428 2612 1466 2667 ad
1482 2612 1605 2668 Scotos

1184 2734 1249 2790 Vll.
1273 2734 1455 2789 Dissertatio
1476 2733 1514 2789 ad
1531 2733 1723 2791 obtinendam
1747 2735 1883 2794 doctoris
1904 2758 1927 2793 s.

1098 2836 1270 2910 theologiae
1294 2839 1324 2893 in
1345 2841 1423 2894 univ.
1437 2837 1567 2894 Vindob.
1586 2840 1735 2896 lauream:
1763 2841 1926 2912 „Defensio

1096 2941 1251 3014 religionis
1275 2942 1456 2997 christianae
1478 2961 1532 3017 per
1554 2944 1736 3018 apologetas
1752 2947 1864 3001 saeculi
1880 2966 1927 3002 se-

1096 3045 1213 3101 cundi.“
1240 3046 1295 3101 Ms.
1317 3051 1360 3118 4⁰.
1383 3046 1511 3102 Adserv.
1530 3049 1558 3102 in
1575 3047 1699 3104 archivo
1718 3048 1818 3106 facult
1837 3050 1926 3106 theol.

1182 3291 1344 3392 Woln)'l
1374 3305 1607 3390 Gregorius
1636 3310 1925 3393 (Raigradien

1094 3422 1178 3503 sis),
1202 3424 1419 3508 Freibergae
1444 3429 1531 3489 urbe
1555 3428 1739 3491 Moraviae
1765 3451 1815 3493 20.
1840 3430 1923 3493 Dec.

1100 3565 1178 3624 1792
1204 3556 1308 3609 natus
1333 3558 1369 3610 et
1385 3548 1540 3612 Thomas
1561 3560 1710 3613 vocatus
1733 3549 1827 3615 filius
1851 3564 1925 3615 erat

1094 3667 1239 3749 losephi
1253 3671 1363 3751 panni
1386 3673 1536 3734 textoris
1558 3682 1594 3736 et
1615 3672 1830 3737 Catharinae
1851 3676 1924 3737 eius

182 3830 292 3893 sumpt.
320 3817 443 3872 Henrici
472 3817 590 3872 Kirsch.
625 3817 657 3889 d)
680 3817 801 3873 Vander
823 3818 1013 3892 Navolginge
1053 3784 1055 3899 7
1094 3791 1334 3854 uxorisnatae
1347 3794 1479 3875 KraUS,
1498 3814 1589 3876 quae
1611 3797 1737 3858 marito
1758 3797 1924 3861 defussCtO

181 3923 271 3979 Cristi
287 3940 337 3977 ses
353 3920 464 3976 boeke.
482 3920 545 3976 Ans
559 3920 625 3976 dem
636 3921 740 3976 Codex
755 3941 791 3977 m.
801 3940 825 3977 s.
839 3921 1013 3979 111111111110-
1052 3908 1056 4011 7
1094 3911 1129 3975 ln
1144 3913 1309 3976 secundis
1323 3915 1456 3997 nuptiis
1470 3935 1551 3979 cum
1563 3915 1688 3980 Giiiko
1702 3920 1857 3998 quodam
1869 3939 1924 3981 co·

182 4026 254 4082 111111
281 4025 335 4081 des
363 4023 674 4080 Benedictinerstiltes
702 4023 849 4081 Schotten
877 4027 1011 4123 zugleich
1052 4028 1055 4138 7
1094 4036 1542 4115 ρηιᾶῑᾶξῃρῑᾶῒᾞᾶῑθῃῒθὸ
1558 4039 1922 4124 eiusprofibuspluri,

181 4133 233 4186 mit
250 4133 345 4187 einem
366 4127 602 4203 „vijstenboeck
619 4129 748 4197 ran‘Qui
762 4131 916 4203 sequitur“
936 4131 1012 4187 nach
1051 4164 1054 4235 i
1092 4160 1160 4220 bus

179 4235 234 4291 der
260 4233 456 4290 Handschrilt
486 4232 540 4288 der
566 4233 784 4308 Maatschappij
813 4252 871 4288 van
898 4234 1010 4290 nederl.
1051 4238 1054 4315 7

178 4338 369 4396 letterkunde
385 4357 421 4393 zu
438 4338 561 4394 Leiden.
587 4336 615 4414 (i.
638 4357 664 4393 1.
689 4337 790 4393 Editio
811 4340 1009 4413 antiquissimi

179 4445 293 4501 codicis
309 4443 346 4499 de
363 4445 528 4499 imitatione
545 4442 717 4499 Germanici
732 4461 869 4499 unacum
889 4445 1010 4520 „Facsi-

178 4545 290 4623 mile“.)
311 4564 321 4604 1
343 4548 402 4605 101.
421 4546 463 4604 8⁰.
482 4548 626 4615 Viennae,
649 4546 738 4621 18717,
757 4550 836 4623 typis
853 4562 882 4603 et
899 4563 1007 4624 sumpt.

175 4654 276 4710 Caroli
301 4652 417 4710 Gerold
442 4653 480 4709 sil.
513 4653 623 4725 cyVon
644 4653 698 4709 der
714 4654 881 4728 Nachsolge
898 4654 1008 4710 Christi

175 4759 241 4814 vier
261 4758 386 4814 Biicher.
416 4758 551 4814 Deutsch
576 4758 711 4831 zugleich
736 4760 788 4813 mit
812 4761 908 4814 einem
929 4758 1008 4816 Ger-

173 5072 331 5137 Miinchen,
354 5070 444 5135 1880,
463 5073 542 5146 typis
555 5082 584 5126 et
597 5085 707 5146 sumpt.
718 5071 770 5126 Dr.
782 5072 861 5128 Max.
876 5073 1005 5129 Huttler.

163 5175 204 5250 s)
230 5173 477 5247 Prachtausgabe
505 5173 665 5231 derselben
694 5174 921 5250 Uebersetzung
954 5179 1006 5232 mit

173 5278 270 5334 vielen
288 5278 416 5334 Bildern.
443 5276 517 5356 (1.1.
539 5279 642 5335 Editio
664 5279 904 5355 splendidissima
925 5282 1005 5337 eius·
1043 5294 1046 5381 7

1186 4159 1289 4222 ditati
1315 4161 1500 4239 puerulum
1525 4181 1547 4222 a
1571 4162 1729 4242 parvulis
1752 4163 1865 4227 labori
1889 4174 1924 4227 et

1092 4281 1242 4343 duritiae
1256 4284 1467 4365 studentem,
1480 4285 1580 4346 cuius
1589 4285 1760 4366 optimam
1770 4286 1922 4350 indolem

1092 4413 1148 4464 sat
1158 4413 1384 4485 perspectam
1394 4407 1585 4487 habebant,
1593 4407 1639 4468 ad
1649 4407 1834 4471 consilium
1844 4410 1922 4472 ami-

1091 4545 1221 4607 corum,
1238 4537 1427 4609 postquam
1444 4530 1588 4611 legendi
1602 4541 1637 4592 et
1650 4531 1831 4594 scribendi
1847 4532 1922 4595 fun·

1091 4650 1258 4711 (lamenta
1274 4647 1473 4732 imbiberat,
1491 4653 1625 4713 classes
1637 4654 1922 4734 grammaticales

1047 4790 1050 4849 7
1089 4771 1228 4851 patriae
1244 4772 1390 4835 visitare
1407 4784 1583 4856 curarunt,
1608 4795 1697 4855 quas
1719 4776 1822 4838 annis
1842 4781 1921 4838 1806

175 4860 372 4918 trudenbuch.
402 4858 431 4938 (i.
457 4880 483 4918 e.
510 4862 618 4918 Versio
643 4862 824 4919 Germanica
850 4862 941 4919 libelli
970 4864 1007 4919 de
1047 4874 1049 4927 !
1089 4901 1125 4955 et
1150 4896 1228 4972 1807
1256 4895 1420 4958 absolvit·
1453 4894 1696 4976 sequentibus
1721 4898 1861 4960 duobus
1887 4899 1921 4960 in

176 4968 338 5023 imitatione
355 4984 492 5022 unacum
509 4964 652 5042 precibus
667 4964 821 5044 Gertrud.)
838 4981 849 5022 1
866 4969 926 5023 vol.
946 4975 1005 5024 12⁰.
1046 4955 1049 5041 Ι

1087 5015 1275 5096 gymnasio
1291 5016 1423 5079 ibidem
1438 5018 1664 5080 humaniores
1680 5018 1921 5101 frequentavit

1087 5136 1294 5218 disciplinas
1317 5139 1393 5220 pari
1412 5159 1490 5201 cum
1508 5140 1700 5203 excellenti
1715 5160 1919 5224 progressu,

1086 5260 1189 5323 sicuti
1208 5270 1385 5324 testantur
1397 5262 1558 5344 magistri
1577 5263 1653 5325 eius
1669 5284 1689 5326 e
1705 5264 1843 5346 gremio
1858 5284 1920 5346 pa·

172 5382 239 5438 dem
256 5385 415 5451 versionis
434 5403 500 5440 cum
519 5386 620 5441 multis
636 5382 725 5462 icon.)
750 5385 825 5441 ibid.
848 5384 937 5442 1880.
961 5393 1004 5458 40.
1043 5390 1047 5466 7
1085 5392 1177 5446 trum
1205 5385 1402 5447 scholarum
1429 5385 1577 5467 piarum.
1609 5386 1699 5448 Tum
1727 5387 1856 5470 evenit,
1880 5397 1919 5450 ut
