4178 6196
910 455 1189 518 —XLV-

169 704 238 747 suo
262 694 409 746 strenue
433 683 593 747 functum
615 694 692 746 erat
712 693 749 745 et
765 701 808 744 eo
824 700 967 763 quoque
983 692 1153 763 tempore,
1171 700 1250 744 cum
1268 681 1539 762 dissolvebatur,
1556 702 1625 745 non
1642 681 1756 744 minus
1773 695 1916 748 centum

171 822 332 905 quinque
355 824 551 886 monachos
573 823 749 884 habuerat
764 821 797 901 ¹).

306 961 383 1023 Iam
407 961 673 1024 Admontenses
704 960 830 1022 eadem
860 958 1004 1021 fortuna
1033 957 1090 1020 usi
1117 968 1227 1022 erant.
1273 957 1322 1020 Hi
1345 959 1411 1020 sub
1436 958 1594 1021 Antonio
1617 960 1750 1023 abbate
1776 961 1918 1041 (1718-

177 1101 274 1179 1751)
307 1098 343 1162 in
374 1099 479 1162 bellis
510 1101 554 1162 de
581 1097 684 1182 regni
711 1097 936 1161 successione
964 1116 1040 1175 1741
1069 1097 1220 1179 exortis,
1251 1107 1290 1158 ut
1321 1096 1582 1178 imperatricem
1611 1101 1720 1161 rebus
1750 1101 1916 1183 angustis

172 1237 402 1320 expedirent,
425 1238 519 1300 latos
542 1256 625 1299 suos
647 1235 777 1298 fundos
801 1234 1039 1317 obpignerare
1062 1254 1133 1297 non
1157 1235 1419 1298 dubitaverant.
1469 1241 1548 1315 1783
1574 1255 1659 1299 vero
1686 1237 1830 1300 nuntius
1854 1241 1917 1302 ad-

173 1379 273 1440 latus
293 1386 358 1457 est,
382 1386 421 1439 ut
445 1376 587 1438 domum
611 1395 711 1437 suam
733 1374 984 1456 relinquerent.
1023 1373 1245 1455 Quamquam
1269 1376 1336 1437 hoc
1361 1376 1543 1437 decretum
1566 1376 1686 1457 paullo
1709 1387 1792 1459 post
1815 1379 1917 1441 abro-

174 1527 304 1599 gatum
320 1527 385 1586 est,
402 1523 521 1578 tamen
537 1513 710 1596 monachi,
728 1534 806 1576 cum
824 1532 946 1575 eorum
962 1533 1128 1576 numerus
1140 1515 1186 1575 ad
1200 1511 1446 1596 duodeviginti
1462 1524 1696 1597 coerceretur,
1713 1515 1917 1579 muneribus

174 1654 253 1716 suis
277 1653 453 1717 obeundis
475 1672 582 1735 pares
604 1672 676 1715 non
698 1651 841 1715 fuerunt
856 1650 892 1735 ²).
925 1651 1051 1732 Neque
1067 1670 1153 1714 vero
1169 1663 1208 1714 ut
1223 1650 1490 1714 Admontenses
1506 1653 1678 1715 moniales
1694 1651 1916 1718 Goessenses

175 1793 246 1855 hoc
271 1792 467 1875 periculum
491 1789 713 1874 effugerunt;
742 1795 820 1870 1782
839 1792 927 1854 haec
944 1789 1190 1871 antiquissima
1207 1790 1340 1852 ordinis
1356 1790 1391 1852 in
1408 1788 1517 1854 Stiria
1534 1792 1639 1854 sedes
1654 1789 1761 1854 finem
1777 1793 1917 1874 cepio).

311 1931 419 1994 Peius
449 1949 535 1992 vero
565 1929 696 1992 accidit
726 1902 951 1991 monasteriis
980 1927 1194 1992 Carinthiae.
1240 1928 1296 1991 Ibi
1325 1928 1443 1991 omnia
1473 1929 1594 1992 clausa
1621 1942 1713 1996 sunt.
1759 1931 1916 1994 Primum

175 2072 268 2133 haec
301 2070 417 2132 tristia
447 2068 523 2132 fata
551 2066 754 2131 monialium
783 2067 992 2130 coenobium
1024 2088 1051 2130 s.
1076 2064 1223 2150 Georgii
1254 2069 1300 2130 ad
1330 2067 1494 2152 Lingsee
1532 2074 1611 2148 1783
1642 2068 1917 2151 interceperunt,

176 2211 310 2273 deinde
334 2210 461 2272 eodem
485 2227 578 2271 anno
603 2207 827 2288 Ossiacense,
845 2205 1174 2288 Arnoldsteinense,
1192 2205 1449 2290 Sanpaulense,
1473 2209 1570 2289 quod
1585 2229 1650 2291 per
1666 2209 1916 2292 septingentos

176 2368 294 2412 annos
315 2350 410 2411 bona
433 2348 527 2410 mala
549 2366 621 2409 una
645 2367 724 2409 curn
747 2345 950 2410 Carinthiae
973 2345 1098 2410 incolis
1122 2346 1347 2408 toleraverat.
1386 2346 1487 2409 Haec
1510 2347 1665 2428 denique
1683 2346 1919 2431 Wietingium

176 2488 432 2571 praepositura
459 2486 772 2550 Benedictinorum
793 2485 1116 2568 Salisburgensium
1138 2495 1262 2548 secuta
1285 2494 1340 2548 est
1354 2487 1389 2566 ⁴).
1433 2485 1474 2547 In
1498 2484 1609 2547 Tiroli
1635 2484 1918 2567 antiquissimum

177 2626 385 2690 monialium
406 2626 617 2689 coenobium
636 2623 974 2706 Sonnenburgum⁵)‚
993 2622 1029 2685 in
1048 2622 1232 2705 provincia
1249 2621 1471 2704 Aquileiensi
1488 2623 1731 2686 Monasterum
1747 2625 1919 2689 abolitum

177 2775 244 2829 est.
277 2764 432 2848 Beligna
455 2763 601 2827 abbatia
624 2762 694 2825 iam
723 2767 802 2842 1752
829 2761 1043 2827 auctoritate
1067 2761 1194 2824 summi
1217 2760 1397 2843 pontificis
1420 2762 1542 2825 clausa
1564 2772 1641 2826 erat
1655 2761 1690 2845 ⁶).

314 2902 497 2966 Abbatiae
520 2903 566 2965 ad
590 2920 617 2966 s.
641 2902 798 2982 Petrum,
822 2899 1126 2983 Nonnbergensis,
1150 2899 1443 2963 Michaelburana
1464 2900 1556 2964 hanc
1572 2912 1706 2965 sortem
1728 2912 1921 2983 propterea

178 3042 394 3127 effugerant,
418 3042 515 3123 quod
538 3060 581 3103 eo
604 3050 766 3121 tempore
790 3040 946 3101 nondum
969 3038 1118 3121 imperio
1142 3038 1334 3102 Austriaco
1359 3048 1461 3102 erant
1483 3039 1656 3103 adiectae.

312 3180 393 3244 Non
416 3179 530 3242 minus
553 3179 684 3242 acerba
707 3197 784 3241 sors
808 3186 885 3241 erat
913 3177 1046 3241 ordinis
1068 3177 1104 3239 in
1127 3177 1310 3249 Bohemia.
1355 3177 1526 3261 Magnam
1558 3178 1607 3241 ibi
1636 3188 1784 3260 propter
1818 3179 1922 3260 bella,

180 3341 276 3405 quae
299 3319 415 3383 Maria
438 3318 609 3383 Theresia
633 3338 713 3382 cum
736 3317 920 3381 Friderico
943 3316 1004 3400 IL,
1028 3336 1115 3401 rege
1138 3315 1345 3398 Borussiae,
1377 3316 1502 3399 gessit,
1532 3317 1705 3381 iacturam
1736 3318 1873 3384 fecerat
1888 3319 1922 3400 7).

179 3458 256 3522 Vix
279 3479 366 3522 vero
390 3478 437 3522 ex
459 3459 515 3521 his
537 3456 639 3521 malis
661 3455 839 3539 respirare
863 3465 1042 3537 coeperat,
1067 3475 1146 3518 cum
1174 3459 1254 3533 1785
1278 3455 1494 3518 monasteria
1518 3475 1544 3518 s.
1561 3456 1728 3539 Procopii
1751 3458 1798 3519 ad
1814 3455 1920 3521 Saza·

180 3621 286 3682 wam,
310 3621 337 3662 s.
361 3599 504 3662 Ioannis
534 3600 601 3662 sub
629 3616 719 3679 rupe
748 3596 992 3679 (Ostrovium),
1023 3594 1226 3677 Cladrubia,
1257 3593 1439 3676 Polizium,
1469 3593 1692 3678 Bezdezium,
1724 3615 1751 3659 s.
1775 3597 1923 3678 Nicolai,

180 3738 389 3802 monialium
412 3736 622 3801 coenobium
645 3754 671 3797 s.
698 3732 846 3816 Georgii
869 3733 1004 3797 abolita
1026 3743 1119 3797 sunt.
1164 3732 1388 3796 Braunaviae
1416 3733 1666 3814 praepositura
1689 3733 1926 3799 Wahlstadtii

180 3880 217 3942 in
241 3876 376 3942 Silesia
402 3880 482 3957 1738
506 3884 626 3938 erecta
649 3893 741 3956 pace
764 3871 857 3935 inter
879 3871 1062 3935 Austriam
1086 3880 1123 3935 et
1138 3872 1344 3935 Borussiam
1368 3871 1465 3935 facta
1480 3871 1647 3936 Borussis
1671 3892 1841 3937 concessa
1859 3883 1924 3937 est.

182 4018 313 4099 Itaque
337 4015 373 4078 in
396 4014 568 4077 Bohemia
591 4011 797 4076 Braunavia
827 4031 905 4074 cum
930 4010 1133 4074 Bicvnovio
1164 4019 1200 4074 et
1230 4010 1456 4074 Emautinum
1487 4021 1595 4094 atque
1623 4012 1861 4095 Raigradium
1891 4012 1927 4074 in

181 4154 349 4218 Moravia
373 4151 627 4235 superfuerunt
640 4150 675 4232 ⁸).

317 4407 340 4487 ι)
364 4406 473 4465 Album
497 4406 725 4465 Lambertinum
749 4418 779 4462 et
802 4405 897 4470 Wolf,
921 4403 1110 4481 Aulhebung
1133 4405 1187 4462 der
1212 4406 1336 4463 Kldster
1360 4409 1389 4463 in
1413 4407 1723 4465 louet-Oesterreich.

317 4518 340 4601 2)
364 4521 473 4589 Fuchs,
497 4519 682 4578 Geschichte
705 4537 765 4576 von
788 4518 922 4576 Admont
945 4519 963 4575 l.
989 4539 1014 4576 c.

317 4630 341 4713 ³)
365 4633 453 4690 Wolf
472 4633 491 4689 l.
516 4651 542 4690 c.

317 4744 341 4827 ⁴)
365 4746 454 4804 Wolf
474 4747 492 4803 l.
517 4766 543 4803 c.
567 4759 598 4801 et
620 4745 702 4801 Beda
725 4742 855 4812 Schroll‚
880 4745 944 4801 Das
968 4743 1242 4802 Benedictinerstist
1265 4743 1310 4801 St.
1336 4745 1418 4801 Paul.

317 4855 341 4938 ⁵)
365 4857 568 4916 Wendenthal
592 4859 622 4913 in
645 4855 786 4913 Austriae
810 4874 917 4913 sacrae
940 4856 992 4912 IX.

318 4967 341 5050 6)
366 4969 490 5028 Stafller
512 4969 531 5026 l.
555 4989 582 5026 c.
606 4981 636 5025 et
660 4969 768 5044 Egger
790 4969 809 5026 l.
835 4988 860 5025 c.
886 4969 937 5025 ΙΙΙ.

317 5083 339 5164 7)
364 5085 561 5152 Braunaviae,
585 5094 796 5158 praeterquam
822 5080 903 5155 quod
926 5084 991 5157 agri
1020 5083 1085 5137 eius
1113 5077 1363 5146 devastabantur,
1395 5079 1538 5137 tributum
1570 5094 1783 5137 sexcentorum
1816 5081 1927 5136 milium

178 5203 370 5258 florenorum
394 5193 434 5253 ab
458 5194 596 5252 hostibus
620 5195 792 5271 impositum
817 5206 873 5259 est,
898 5207 928 5251 et
951 5195 1007 5251 nisi
1031 5194 1182 5249 bennonis
1205 5190 1325 5248 abbatis
1349 5210 1421 5248 cura
1449 5203 1479 5247 et
1507 5193 1661 5269 vigilantia
1690 5193 1816 5261 suisset,
1850 5193 1929 5250 haud

179 5313 274 5371 dubie
301 5311 481 5369 interiisset.
506 5307 646 5365 Chronic.
671 5309 821 5364 Bievnov.

315 5417 338 5501 Π)
363 5419 551 5496 Salzburger
574 5417 794 5487 Kirchenblatt‚
824 5419 914 5494 1879,
938 5421 990 5476 Nr.
1015 5435 1032 5476 2
1059 5432 1090 5476 et
1111 5433 1141 5491 3.
