4178 6196
903 426 1186 493 -434-

261 613 356 669 XVII.
389 611 610 667 Adnotationes
642 612 761 686 aliquae
792 614 1006 668 astronomiam

173 718 339 793 practicam
364 729 593 773 concernentes.
621 716 814 788 1810-13.
840 716 868 771 Τ
871 735 929 773 om.
954 717 1005 772 III.

172 819 207 898 (I.
238 820 306 888 181,
331 822 368 876 II.
399 836 467 894 109,
493 822 544 877 III.
571 835 630 893 203
657 823 776 897 paginis
800 819 940 900 constat.)
964 827 1005 894 4⁰.

179 924 356 998 1821—25.
572 987 574 990 ⁴

260 1031 370 1086 XVIII.
380 1030 427 1085 La
435 1029 569 1086 Lande’s
578 1030 781 1086 Astronomie.
792 1045 822 1101 3.
830 1029 899 1085 edit.
912 1030 1005 1097 Paris,

179 1149 268 1207 1792.
293 1131 458 1210 (Excerpta
482 1153 519 1190 ex
543 1135 601 1190 hoc
625 1133 702 1191 libro
724 1149 754 1190 et
773 1130 1007 1211 adnotationes.)

179 1237 355 1312 1824-26.
374 1237 415 1295 8⁰.
435 1238 520 1314 pop.

260 1345 341 1399 XIX.
352 1343 557 1417 'I‘agebiicher
572 1343 626 1399 der
638 1344 897 1399 astronomischen
907 1340 1006 1397 Beob·

1177 603 1391 678 Schwarzl
1429 617 1681 683 Vincentius
1726 620 1922 702 (Admon-

1088 732 1255 814 tensis),
1283 742 1387 796 natus
1415 735 1450 797 in
1471 736 1735 820 Radkersburg
1761 760 1813 802 21.
1830 740 1919 804 Nov.

1092 857 1183 934 1781,
1208 864 1293 915 vota
1317 855 1501 918 sollemnia
1524 858 1641 921 emisit
1667 880 1692 921 1.
1711 859 1807 943 Aug.
1829 865 1918 943 1813,

1088 984 1123 1036 et
1142 995 1169 1035 2.
1185 973 1263 1037 Oct.
1283 978 1361 1053 1814
1379 976 1552 1056 primitias
1570 979 1765 1043 celebravit
1781 982 1919 1044 sollem-

1086 1115 1159 1157 nes.
1194 1096 1265 1159 Per
1293 1106 1445 1176 quatuor
1472 1119 1584 1161 annos
1612 1103 1856 1182 cooperatoris
1884 1104 1918 1166 in

1085 1216 1200 1278 Landl
1223 1238 1368 1280 munere
1391 1218 1560 1303 fungens,
1585 1222 1621 1284 in
1645 1225 1835 1305 gymnasio
1860 1226 1918 1287 do

1085 1339 1233 1401 mestico
1253 1340 1412 1422 linguam
1433 1343 1580 1406 tradidit
1597 1342 1772 1407 Graecam
1795 1350 1918 1408 1810-

173 1450 344 1522 achtungen
362 1448 421 1504 und
435 1448 592 1504 Resultate
609 1449 728 1504 daraus.
746 1444 775 1526 (i.
790 1467 816 1503 e.
830 1448 933 1502 Diaria
950 1444 1005 1501 ob·
1090 1464 1180 1541 1813,
1198 1470 1234 1522 et
1250 1481 1362 1542 usque
1379 1464 1425 1524 ad
1441 1485 1571 1527 annum
1592 1469 1673 1544 1829
1690 1466 1725 1528 in
1743 1468 1821 1548 pari
1837 1487 1917 1549 pso,

174 1556 377 1610 servationum
391 1555 661 1609 astronomicarum
680 1572 737 1609 una
751 1572 817 1608 cum
831 1546 1005 1627 resultatis.)

174 1659 203 1713 T
204 1660 263 1714 omi
280 1658 332 1714 III.
358 1654 391 1734 (I.
414 1656 483 1725 181,
508 1659 545 1714 II.
567 1673 636 1730 155,
659 1659 710 1713 III.
732 1671 772 1730 37
790 1658 916 1732 paginas
934 1674 1006 1711 con·

174 1760 269 1841 tinet.)
291 1762 466 1834 1824—30.
484 1769 527 1835 4⁰.

260 1869 326 1923 XX.
366 1866 617 1922 Astronomische
650 1864 840 1933 Hilsstafeln,
875 1865 1005 1920 Berech·

174 1985 358 2046 nungsarten
375 1970 434 2027 und
451 1972 475 2026 F
477 1970 601 2026 ormeln.
619 1967 649 2046 (i.
667 1989 693 2025 e.
711 1969 850 2026 Tabulae
866 1981 1005 2025 astrono-

174 2079 269 2132 micae
280 2072 452 2141 auxiliares,
463 2075 646 2131 calculorum
658 2074 790 2129 methodi
800 2087 830 2129 et
839 2071 1005 2151 formulae.)

180 2179 356 2253 1824—29.
374 2187 417 2252 4⁰.
441 2178 499 2235 128
517 2199 547 2254 p.

260 2285 341 2340 XXI.
349 2284 462 2340 Calculi
473 2284 718 2340 observationum
727 2282 1003 2339 Cremifanensium.

174 2389 225 2446 IV.
243 2388 403 2445 volumina.

260 2494 357 2549 XXII.
383 2491 570 2548 Materialien
591 2512 626 2547 zu
647 2493 731 2548 einer
747 2492 931 2548 Geschichte
952 2491 1006 2547 der

175 2597 361 2654 Sternwarte
386 2596 444 2652 und
468 2596 521 2652 der
545 2595 760 2671 Sammlungen
784 2599 814 2652 in
834 2594 1003 2651 desselben.

173 2700 202 2780 (1.
217 2721 243 2759 e.
257 2703 444 2776 Argumenta
460 2700 497 2756 ad
514 2702 669 2756 historiam
687 2700 888 2757 observatorii
905 2714 1004 2756 astro·

173 2809 281 2863 nomici
295 2805 529 2863 Cremisanensis
546 2818 576 2860 et
589 2804 809 2871 collectionum,
827 2807 949 2878 quaein
967 2823 1004 2859 eo

173 2908 393 2988 adservantur.)
411 2908 452 2966 8⁰.
472 2925 487 2965 2
493 2925 509 2981 5
529 2928 557 2984 p.

259 3022 327 3075 Not.
349 3020 556 3093 lllanuscripta
577 3032 676 3073 1—22
695 3017 894 3073 adservantur
912 3019 939 3072 in
956 3036 1003 3072 ar-

173 3125 271 3180 chivio
288 3125 483 3179 astronomici
501 3121 702 3178 observatorii
720 3119 804 3195 Sign.
818 3122 868 3178 Vl.
891 3136 1002 3177 1-22.

259 3245 370 3300 XXIII.
402 3242 605 3300 Vorarbeiten
636 3264 671 3299 zu
703 3245 786 3300 einer
819 3244 1003 3300 Geschichte

174 3352 442 3406 Xremsmlinsters.
460 3346 489 3426 (i.
511 3366 537 3404 e.
560 3347 734 3423 Apparatus
756 3361 786 3403 et
806 3350 949 3404 materiae
965 3347 1003 3402 ad

173 3452 422 3509 conscribendam
439 3452 593 3508 historiam
612 3454 784 3508 monasterii
797 3452 1002 3508 Cremisanen·

172 3556 235 3636 sis.)
260 3559 340 3614 VIII.
358 3559 440 3623 tomi,
465 3558 574 3631 singuli
600 3572 662 3630 400
684 3555 747 3613 fere
764 3559 889 3633 paginas
907 3559 1003 3613 conti·

173 3677 287 3721 nentes,
312 3660 401 3716 Vide:
424 3660 630 3717 Achleuthner
646 3662 835 3728 LeonarduS,
857 3661 973 3717 Cremis
990 3692 1003 3704 -

174 3769 284 3823 nensis

258 3872 367 3929 XXIV.
385 3871 527 3945 Ausziige
543 3890 598 3926 aus
615 3870 668 3926 der
681 3869 865 3926 Geschichte
879 3872 1002 3926 Krems·

172 3984 330 4032 miinsters.
355 3973 384 4053 (i.
407 3995 433 4031 e.
455 3977 608 4051 Excerpta
628 3995 665 4030 cx
687 3976 812 4031 historia
829 3977 1002 4055 monasterii

172 4080 406 4137 Cremifanensis
415 4081 541 4135 Mariani
552 4080 726 4153 Pachmayr,
740 4077 892 4135 Gabrielis
902 4077 1002 4134 Stras·

172 4203 221 4240 ser
238 4186 260 4240 I.
278 4197 308 4240 et
324 4203 361 4240 ex
377 4183 474 4239 diario
491 4183 590 4239 Bedae
608 4180 723 4260 Plank.)
740 4183 829 4239 Tomi
847 4185 884 4239 II.
902 4181 944 4239 8⁰.

257 4308 326 4362 Not.
345 4320 382 4378 23
402 4319 432 4361 et
450 4322 490 4377 24
507 4306 707 4361 adservantur
723 4308 752 4360 in
765 4306 899 4362 archivio
917 4304 1001 4380 Sign.

173 4412 205 4467 B·
224 4425 274 4483 aa·
293 4427 343 4483 94·

172 4633 392 4713 oeconomica.)
410 4636 463 4692 III.
480 4639 562 4693 tomi.
581 4643 624 4710 4⁰.

258 4742 367 4798 XXVI.
397 4741 545 4809 Versuch¹
565 4744 649 4798 einer
676 4742 918 4816 Vereinfachung
949 4743 1004 4799 der
1041 4795 1044 4801 ,

171 4847 395 4902 lllusikzeichen
420 4846 479 4902 und
503 4849 586 4902 einer
607 4846 718 4902 kurzen
742 4846 925 4903 Geschichte
949 4848 1003 4903 der

171 4950 280 5007 Musik.
305 4948 334 5028 (i.
357 4969 382 5006 e.
408 4951 582 5025 Propositio
606 4950 643 5006 de
665 4951 898 5026 simplicioribus
922 4954 1002 5008 notis

172 5052 364 5110 musicalibus
380 5053 558 5110 adhibendis
583 5074 648 5110 cum
673 5052 758 5111 brevi
780 5056 905 5112 historia
928 5059 1002 5112 artis

171 5156 325 5235 musicae.)
343 5165 387 5231 4⁰.
405 5174 469 5231 414
485 5178 514 5234 p.

257 5264 328 5318 Not.
355 5277 392 5335 25
420 5275 450 5318 et
475 5260 514 5318 26
542 5264 741 5319 adservantur
764 5266 793 5319 in
817 5263 1001 5321 bibliotheca

171 5360 255 5437 Sign.
272 5365 308 5424 A.
331 5379 399 5438 137,
417 5367 449 5421 B.
469 5381 539 5438 214.

1085 1581 1201 1643 vincia
1219 1580 1360 1645 Graecii
1380 1584 1480 1665 vixit,
1502 1585 1641 1649 adiecto
1659 1592 1827 1668 1813-19
1845 1609 1916 1651 mu·

1085 1722 1169 1764 nere
1189 1704 1363 1784 praefecti
1385 1706 1419 1768 in
1441 1727 1470 1770 c.
1487 1729 1512 1768 r.
1531 1709 1704 1772 convictu.
1730 1710 1838 1774 Anno
1858 1713 1916 1775 de-

1085 1844 1179 1887 mum
1201 1830 1281 1888 1830
1302 1827 1337 1889 in
1358 1829 1476 1890 natale
1498 1830 1669 1909 oppidum
1685 1851 1851 1895 reversus
1867 1833 1916 1895 vi·

1085 1966 1172 2008 neas
1188 1947 1223 2009 in
1239 1947 1503 2032 Radkersburg
1520 1959 1556 2012 et
1569 1950 1794 2035 Luttenberg
1812 1954 1915 2017 coluit

1085 2088 1198 2149 usque
1215 2071 1261 2131 ad
1277 2069 1412 2132 obitum
1430 2093 1458 2136 2.
1471 2072 1560 2134 Nov.
1583 2077 1674 2155 1851,
1691 2075 1850 2158 paralysi
1866 2077 1915 2139 in-

1085 2190 1293 2253 testinorum
1322 2212 1368 2253 ex
1391 2194 1457 2255 hac
1482 2194 1556 2256 vita
1581 2195 1782 2276 egrediens.
1815 2197 1855 2259 In
1878 2217 1914 2259 re

1084 2312 1221 2374 vinaria
1238 2323 1273 2375 et
1287 2316 1513 2378 oeconomica
1526 2317 1660 2399 optime
1672 2327 1848 2398 versatuS,
1862 2338 1915 2381 so-

1086 2435 1227 2497 dalibus
1243 2456 1272 2497 c.
1286 2457 1311 2499 r.
1326 2438 1509 2500 societatis
1522 2440 1772 2502 oeconomicae
1784 2441 1820 2503 in
1834 2439 1914 2524 Sty-

1084 2557 1136 2618 ria
1152 2558 1277 2620 merito
1295 2569 1349 2621 est
1364 2561 1576 2642 adscriptus
1601 2561 1737 2625 Edidit:

1172 2702 1235 2756 Der
1258 2703 1522 2760 steiermarlrische
1547 2704 1683 2772 Winzer,
1712 2705 1788 2761 oder
1811 2705 1914 2762 leicht·

1085 2802 1225 2860 fassliche
1242 2806 1405 2880 Anleitung
1421 2827 1473 2862 zur
1488 2809 1650 2882 Pllanzung
1668 2809 1727 2864 und
1744 2810 1846 2883 Pllege
1862 2809 1915 2864 der

1084 2910 1279 2966 Weinreben.
1298 2907 1326 2986 (i.
1337 2930 1363 2966 e.
1381 2913 1486 2967 Brevis
1502 2911 1659 2986 facilisque
1675 2913 1835 2969 methodus
1852 2913 1913 2969 cul·

1084 3027 1168 3069 turae
1186 3012 1276 3092 vitis.)
1294 3015 1384 3082 Gran,
1407 3015 1497 3088 1844.
1515 3015 1557 3072 8⁰.

1172 3161 1415 3236 Schwedler
1434 3175 1711 3256 Raymundus
1729 3177 1912 3259 (8001111-

1083 3288 1168 3370 515),
1193 3291 1312 3352 Briinn
1335 3292 1369 3352 in
1386 3292 1568 3355 Moraviae
1592 3296 1680 3356 urbe
1706 3296 1763 3357 die
1788 3319 1816 3374 4.
1835 3294 1913 3359 Oct.

1088 3415 1165 3473 1803
1194 3422 1312 3493 1111115,
1337 3434 1415 3475 cum
1438 3415 1571 3476 ibidem
1595 3417 1772 3498 gymnasii
1796 3418 1914 3480 studia

1083 3534 1260 3614 coluisset,
1278 3553 1304 3597 5.
1321 3535 1445 3598 habitu
1463 3537 1607 3599 indutus
1625 3548 1679 3600 est
1696 3539 1754 3601 die
1772 3543 1820 3603 18.
1834 3539 1913 3605 Oct.

1088 3635 1176 3718 1826.
1208 3657 1376 3719 Triennio
1404 3668 1523 3721 autem
1549 3671 1632 3742 post
1660 3681 1828 3743 egressus
1857 3662 1914 3724 die

1087 3799 1133 3842 10.
1151 3779 1245 3861 Aug.
1268 3784 1357 3861 1829,
1375 3802 1453 3843 cum
1471 3782 1505 3844 in
1522 3783 1739 3846 alumnatum
1756 3784 1912 3866 archiep.

1083 3901 1243 3962 Viennae
1261 3912 1356 3963 esset
1378 3904 1536 3965 adscitus
1560 3904 1763 3985 ibidemque
1787 3906 1914 3968 studiis

1082 4023 1293 4105 theologicis
1317 4044 1462 4105 operam
1486 4035 1668 4107 navasset,
1694 4027 1750 4089 die
1776 4033 1826 4089 31.
1851 4028 1913 4091 Iul.

1088 4148 1162 4204 1831
1199 4144 1372 4224 primitias
1400 4148 1595 4209 celebravit
1626 4159 1661 4210 et
1692 4150 1800 4230 paulo
1832 4158 1915 4230 post

1085 4277 1295 4347 cooperator
1309 4268 1436 4330 missus
1454 4279 1508 4331 est
1523 4269 1556 4331 in
1569 4270 1664 4332 Retz
1678 4280 1714 4332 et
1727 4272 1775 4332 K.
1786 4271 1915 4333 Ebers·

1084 4389 1171 4452 dorf.
1196 4389 1301 4452 Unde
1318 4391 1353 4452 in
1375 4393 1497 4453 urbem
1519 4394 1633 4454 redux
1657 4395 1704 4454 ad
1727 4413 1754 4455 5.
1773 4395 1914 4456 Annam

259 4534 353 4589 XXV,
376 4534 621 4589 Oeconomische
637 4534 776 4590 Nomen·
801 4529 831 4610 (j,
849 4552 875 4588 e,
893 4533 1003 4588 Notata
1042 4466 1044 4589 l
1083 4511 1367 4573 concionatorem
1378 4513 1452 4594 egit
1462 4514 1914 4597 Franco-gallicum,d0nec

1083 4633 1209 4694 iterum
1222 4643 1389 4715 receptus
1402 4634 1436 4696 in
1450 4634 1618 4697 familiam
1630 4634 1841 4699 Scotensem
1858 4638 1915 4701 die

1088 4775 1134 4817 12.
1149 4754 1226 4818 Oct.
1246 4758 1324 4817 1835
1341 4766 1426 4818 vota
1439 4758 1600 4819 sollemni
1616 4758 1684 4821 ritu
1698 4759 1755 4821 die
1770 4766 1820 4822 23.
1835 4760 1916 4825 Oct.

1087 4881 1166 4939 1836
1191 4879 1421 4959 nuncupavit.
1451 4879 1670 4961 Cooperator
1693 4881 1760 4944 fuit
1785 4883 1916 4945 exinde

1081 5001 1189 5062 variis
1211 5001 1245 5062 in
1262 5001 1359 5083 lociS,
1384 5003 1420 5064 in
1442 5003 1549 5083 Platt,
1564 5002 1820 5086 Waitzendorf,
1846 5005 1916 5088 Eg·

1081 5123 1243 5204 gendorf.
1276 5124 1381 5186 Unde
1405 5125 1440 5186 in
1464 5126 1715 5188 monasterium
1736 5146 1914 5209 reversus,

1081 5257 1240 5308 curatum
1251 5247 1326 5329 egit
1339 5257 1376 5309 et
1388 5247 1672 5313 concionatorem
1687 5260 1723 5311 et
1735 5248 1916 5312 confessa-

1080 5368 1169 5430 rium
1181 5368 1325 5452 linguae
1338 5368 1508 5451 Gallicae,
1523 5370 1680 5452 Italicae,
1689 5372 1914 5437 Bohemicae.
