4178 6196
914 369 1194 455 ..360-

270 571 384 646 8692
418 583 613 646 Andreas
650 580 855 661 Iosephus
887 579 952 662 (de
984 597 1011 640 s.

184 680 1012 783 MontePannoniae),Sabariaecom.Castrif.

183 826 219 889 in
231 824 418 907 Hungaria
431 823 488 886 die
503 827 532 887 8.
545 823 609 885 Iul.
625 824 704 899 1845
722 830 837 901 natus,
851 838 877 881 s.
889 817 1014 881 habitu

184 947 241 1010 die
258 952 287 1009 8.
305 945 404 1027 Sept.
425 949 504 1007 1863
523 944 677 1024 indutus,
700 941 759 1004 die
780 940 912 1021 27.Ι91.
933 944 1013 1018 1869

182 1079 269 1132 vota
277 1067 461 1131 sollemnia
470 1065 597 1129 emisit.
614 1064 801 1128 Absolutis
813 1063 848 1125 in
858 1082 885 1125 s.
896 1071 1015 1125 monte

184 1188 212 1255 s.
228 1190 430 1272 theologiae
454 1188 581 1251 studiis
605 1186 663 1250 die
687 1190 737 1249 26.
753 1186 818 1249 Iul.
840 1188 920 1263 1870
936 1204 1015 1266 pre-

184 1315 309 1395 sbyter
328 1312 512 1375 ordinatus
533 1318 597 1391 est,
618 1329 664 1372 ex
686 1328 756 1390 quo
776 1316 938 1387 tempore
951 1304 1015 1369 89-

184 1434 299 1518 919911
325 1433 443 1497 officio
465 1431 677 1515 professoris
701 1450 822 1514 gymn.
846 1427 1014 1511 fungitur.

272 1554 437 1638 Scripsit:

272 1680 408 1740 Sabaria.
437 1677 474 1759 (A
498 1681 555 1736 mai
580 1680 755 1755 vasmegyei
779 1673 1014 1754 Szombathely.)

185 1783 698 1861 ’16111991-1696919111699119697.
723 1779 801 1859 (1.9.
823 1783 869 1838 De
893 1783 1016 1856 antiqua

185 1890 328 1959 Sabaria,
362 1892 389 1947 in
418 1891 560 1946 comitatu
589 1887 709 1945 Castris.
738 1884 817 1965 sita.)
849 1885 882 1941 In
910 1902 1014 1961 progr.

185 1994 528 2071 97199899199199919,
551 1990 677 2066 187314.
694 2011 724 2068 p.
743 2006 858 2048 2-21.
877 1990 919 2047 8⁰.

273 2106 427 2179 Radler
455 2116 645 2179 Iulianus
677 2112 1015 2198 (Lambacensis),

186 2235 222 2298 in
235 2254 261 2296 s.
275 2233 490 2316 baptismate
502 2233 722 2296 Adalbertus
730 2233 941 2296 Vincentius
954 2251 1016 2314 pa-

187 2357 346 2420 rentibus
364 2367 419 2419 sat
435 2356 594 2418 honestis
606 2356 789 2418 Briinnelii
806 2356 1016 2437 (8961699-

188 2480 245 2560 da)
264 2478 438 2540 dioecesis
453 2478 712 2541 Budovicehsis
733 2477 768 2540 in
790 2478 938 2541 Boemia
959 2478 1016 2541 die

189 2606 218 2664 6.
232 2602 320 2682 Α91.
336 2621 429 2664 anno
447 2605 527 2680 1768
543 2611 648 2665 natus
665 2599 792 2663 studiis
806 2600 1017 2664 humaniori-

188 2725 255 2786 bus
277 2732 313 2785 et
334 2722 546 2805 theologicis
566 2722 679 2785 Lincii
702 2722 875 2808 absolutis
898 2741 1017 2784 111996-

189 2845 335 2908 91911991
343 2844 587 2907 Lambacense
596 2845 778 2927 ingressus
787 2844 845 2907 die
860 2849 907 2908 13.
917 2830 1021 2925 8991.Ι

189 2987 282 3030 6999
303 2971 394 3048 1795,
411 2967 505 3030 119119
522 2987 560 3029 99
577 2967 768 3030 obstrinxit
785 2967 842 3030 die
860 2988 907 3045 ¹4·
917 2965 1017 3047 Sept.

189 3090 272 3152 anni
288 3089 471 3171 sequentis
488 3109 530 3151 ac
547 3089 604 3153 die
622 3094 650 3152 6.
665 3089 743 3153 Oct.
761 3108 853 3151 anno
870 3108 950 3167 1799
964 3108 1019 3150 sa·

189 3211 348 3275 cerdotio
362 3221 417 3274 est
429 3212 672 3294 inauguratus.
695 3211 754 3273 Ad
767 3230 886 3273 9916111
899 3220 1019 3291 pasto-

170 3296 299 3395 ‘talem
322 3332 521 3397 destinatus
545 3353 610 3415 pro
631 3353 745 3396 rerum
770 3334 912 3396 modulo
934 3345 1018 3395 tunc

190 3455 322 3518 usitato
338 3475 403 3536 pro
420 3456 552 3519 auxilio
569 3456 748 3537 parochiis
764 3456 930 3538 Neustift‚
952 3456 1019 3519 Lo·

191 3576 356 3658 99991919,
373 3575 550 3660 81919199,
567 3575 733 3641 89116969
751 3577 925 3641 dioecesis
937 3578 1020 3642 Lin-

126 3736 132 3743 ⁴
189 3697 319 3760 ciensis
335 3698 433 3761 iussu
450 3698 686 3762 ordinariatus
702 3699 873 3783 inserviit,
891 3721 1019 3782 usque-

191 3822 273 3882 dum
282 3841 375 3886 anno
387 3825 465 3883 1813
477 3820 685 3884 vicariatum
694 3823 908 3885 monasterio
917 3822 1020 3885 Lam·

189 3943 335 4005 bacensi
356 3962 422 4023 per
442 3963 470 4006 9.
487 3964 513 4006 r.
530 3943 741 4026 gubernium
766 3944 960 4007 iniunctum
984 3945 1020 4007 in

190 4064 436 4147 Bachmaning
456 4067 651 4148 regendum
675 4065 834 4147 suscepit
857 4067 1020 4148 rexitque

189 4187 235 4250 ad
251 4207 380 4250 annum
402 4191 492 4269 1839,
513 4207 606 4250 6999
628 4192 705 4268 1817
729 4190 851 4251 laurea
867 4188 1021 4271 philoso-

190 4310 295 4390 phica
309 4330 354 4373 ex
367 4310 600 4373 universitate
614 4311 789 4394 Pragensi
804 4315 939 4376 ornata.
956 4311 1021 4376 8ο-

189 4432 260 4494 1919
276 4443 464 4513 9619199111
485 4453 564 4495 9991
586 4434 724 4497 indultu
748 4434 944 4516 episcopali
967 4454 1021 4498 re-

190 4564 317 4636 petens
338 4555 470 4618 ibidem
491 4554 601 4617 vitam
624 4555 744 4636 posuit
765 4556 826 4619 die
853 4577 899 4619 10.
916 4557 1020 4620 Febr.

190 4696 283 4738 anno
305 4681 382 4756 1847
401 4678 506 4740 homo
522 4697 592 4740 non
608 4678 796 4741 mediocris
812 4679 955 4762 ingenii.

278 4799 445 4882 Scripsit:

1092 571 1183 630 Febr.
1197 570 1288 644 1825,
1302 569 1498 627 09691191991
1511 566 1558 625 81.
1568 567 1709 642 Majestat
1721 566 1775 624 des
1787 567 1923 624 Kaisers.

1093 677 1188 744 Wels
1206 677 1245 733 M.
1263 676 1355 733 Haas.
1373 675 1407 732 80
1417 677 1486 732 min.
1507 672 1544 730 16
1561 692 1590 749 p.
1607 706 1650 714 —
1666 673 1747 729 Zwei
1760 671 1923 746 Predigten

1093 801 1131 837 69
1158 781 1212 837 (191
1237 780 1489 866 )96116919919191.
1517 778 1617 847 Wels‚
1642 777 1682 833 M.
1708 777 1801 833 Haas.
1832 773 1923 833 1826.

1095 885 1129 945 8⁰
1144 889 1213 943 min.
1232 901 1269 958 ²3
1289 905 1318 962 p.

1181 1031 1397 1128 Ramdczy
1434 1044 1576 1126 (antea
1606 1039 1923 1123 Ramershofer)

1094 1162 1342 1226 Valerianus
1357 1159 1925 1242 Ioannes(des.MontePan·

1095 1286 1269 1367 999169),
1287 1283 1401 1347 Ginsii
1419 1303 1506 1346 com.
1524 1282 1664 1346 Castris.
1687 1284 1722 1346 in
1738 1281 1926 1365 Hungaria

1096 1409 1152 1471 die
1175 1427 1224 1487 27.
1243 1407 1330 1489 Apr.
1356 1411 1435 1485 1807
1458 1416 1573 1487 natus,
1597 1424 1624 1469 s.
1645 1405 1770 1468 habitu
1792 1404 1850 1467 die
1877 1408 1924 1468 15.

1097 1530 1175 1595 091.
1197 1534 1274 1591 1821
1298 1528 1457 1610 19119199,
1482 1537 1568 1592 vota
1589 1527 1772 1591 sollemnia
1793 1527 1852 1590 die
1879 1531 1924 1591 15.

1097 1651 1176 1716 091.
1197 1656 1277 1715 1828
1302 1652 1417 1715 emisit
1442 1660 1479 1713 et
1502 1650 1674 1713 absolutis
1698 1649 1734 1712 in
1758 1668 1784 1713 s.
1807 1660 1926 1713 monte

1097 1797 1123 1840 9.
1136 1775 1340 1858 theologiae
1357 1773 1484 1836 studiis
1500 1772 1557 1834 die
1575 1792 1622 1852 17.
1636 1770 1736 1854 Sept.
1754 1777 1926 1855 1839919-

1097 1902 1221 1982 sbyter
1237 1898 1421 1962 ordinatus
1437 1907 1502 1960 est.
1526 1897 1581 1959 Ex
1603 1916 1673 1978 quo
1689 1907 1851 1977 tempore
1868 1917 1926 1959 va·

1096 2023 1156 2085 riis
1166 2020 1371 2084 monasterii
1380 2018 1575 2101 officiisuti
1584 2017 1797 2100 professoris
1806 2039 1926 2101 gymn.

1096 2144 1225 2207 Poson.
1252 2147 1434 2223 1829—37‚
1458 2141 1635 2222 Papensis
1662 2140 1927 2223 1837-38,119-

1096 2285 1189 2350 guae
1207 2276 1244 2328 et
1258 2265 1455 2328 litterarum
1467 2264 1586 2347 Hung.
1603 2264 1638 2326 in
1652 2263 1837 2327 academia
1849 2263 1928 2326 Iau-

1097 2389 1228 2452 rinensi
1258 2384 1440 2470 1838-59,
1468 2386 1665 2469 subprioris
1694 2387 1728 2449 in
1756 2408 1782 2449 9.
1808 2395 1928 2449 199919

1102 2516 1283 2593 1859-51,
1308 2509 1501 2592 9999119119
1530 2520 1566 2572 91
1593 2507 1778 2571 directoris
1806 2528 1926 2591 gymn.

1098 2632 1296 2697 Ginsiensis
1325 2635 1507 2713 1851-55,
1530 2629 1779 2712 Soproniensis
1805 2633 1929 2693 1855-

1102 2761 1182 2835 1864
1203 2756 1358 2819 maxima
1383 2774 1462 2818 cum
1485 2754 1590 2816 laude
1610 2752 1753 2816 functus
1770 2763 1836 2835 est,
1859 2772 1928 2835 quo

1098 2898 1190 2941 anno
1214 2879 1271 2940 die
1298 2898 1347 2942 20.
1371 2878 1446 2940 Iun.
1475 2876 1534 2958 pie
1561 2877 1597 2938 in
1620 2876 1773 2938 Domino
1802 2877 1929 2938 obdor-

1099 3001 1208 3065 mivit.

1185 3139 1280 3202 Libri
1302 3140 1387 3221 eius,
1410 3159 1545 3201 summa
1570 3159 1654 3201 cura
1678 3158 1720 3201 ac
1745 3137 1931 3221 diligentia

1100 3262 1247 3344 exarati,
1265 3272 1363 3324 sunt:

1187 3407 1209 3462 l.
1220 3405 1457 3480 Magyarorszrig
1469 3404 1555 3460 rovid
1570 3403 1751 3461 [6181911696.
1765 3400 1794 3483 (1.
1805 3423 1831 3460 9.
1841 3405 1930 3462 Com·

1100 3510 1238 3588 pendium
1253 3511 1459 3586 geographiae
1472 3512 1557 3584 regni
1568 3507 1763 3588 Hungariae.)
1777 3511 1930 3584 Pozsony-

1099 3614 1168 3672 ban.
1186 3614 1379 3691 BucsAnszky
1392 3614 1496 3688 Alajos
1514 3614 1675 3689 tulajdona.
1690 3614 1812 3671 Schmid
1824 3613 1861 3669 Α.
1878 3612 1931 3670 69·

1100 3719 1210 3795 tiijivel.
1233 3719 1322 3793 1835.
1349 3717 1390 3777 80.
1412 3734 1452 3791 32
1471 3739 1500 3796 p.
1526 3719 1581 3775 Ed.
1604 3734 1632 3774 2.
1658 3718 1799 3775 idiomate
1822 3720 1932 3775 Latino

1100 3839 1131 3882 91
1154 3825 1254 3899 Hung.
1280 3823 1354 3881 lbid.
1380 3824 1470 3896 1836.
1495 3824 1537 3881 8⁰.
1566 3822 1606 3881 68
1631 3844 1660 3900 p.
1690 3823 1770 3879 Edit.
1796 3821 1825 3880 6.
1849 3824 1929 3880 Pest.

1099 3929 1294 4004 8999119911)1
1316 3929 1352 3985 Α.
1376 3929 1518 3985 idiomate
1538 3929 1638 4003 Hung.
1665 3927 1707 3985 80.
1732 3927 1773 3999 48
1795 3948 1825 4004 p.
1857 3928 1931 3985 Cum

1101 4034 1238 4090 996161).

1187 4157 1225 4213 11.
1254 4157 1361 4212 Nemet
1388 4155 1584 4230 szdvetse'ges
1609 4154 1821 4230 tartomeinyok
1845 4153 1933 4210 rdvid

1102 4261 1283 4319 1618911696.
1304 4257 1333 4337 (1.
1352 4279 1378 4317 9.
1396 4261 1612 4336 compendium
1629 4259 1837 4335 geographiae
1858 4260 1930 4316 civi·

1101 4381 1194 4424 tatum
1216 4366 1318 4422 Germ.
1341 4363 1664 4445 soed.)·Pozs0nyban.
1685 4363 1880 4439 Bucsainszky
1895 4363 1931 4420 A.

1101 4471 1260 4546 tulajdona.
1296 4469 1442 4526 idiomate
1465 4471 1533 4525 Lat.
1565 4483 1594 4524 et
1616 4469 1716 4542 Hung.
1746 4466 1788 4526 80.
1821 4468 1879 4525 128
1903 4487 1931 4544 p.

1101 4577 1174 4633 Cum
1192 4594 1250 4631 996
1267 4573 1327 4631 166.

1188 4698 1239 4754 III.
1257 4695 1569 4772 Szavalattudomz'tny.
1593 4695 1622 4775 (i.
1640 4715 1667 4753 e.
1684 4695 1743 4752 Ars
1759 4692 1932 4773 rhetorica)

1102 4805 1284 4860 Dissertatio
1317 4804 1451 4878 praemio
1482 4816 1598 4858 ornata.
1636 4799 1725 4873 1838.
1763 4801 1796 4857 19
1828 4803 1930 4877 script.

279 4928 301 4983 I.
318 4926 491 4985 Unterricht
513 4924 587 4983 iiber
607 4927 655 4983 die
671 4928 772 4984 Lehre
792 4928 846 4984 des
863 4929 1021 4985 Katechis·
1101 4907 1234 4984 period-³
1251 4906 1295 4978 ”A
1306 4906 1618 4983 Ki⁵s³IUdY·t²'²s⁵³⁸²'³g
1631 4905 1788 4982 midai-⁹
1806 4904 1931 4979 1841.I.

191 5050 255 5086 1999
271 5049 331 5086 von
347 5031 402 5087 der
413 5030 537 5087 Kirche.
555 5028 585 5110 (i.
599 5049 625 5088 e.
640 5031 787 5088 Doctrina
799 5033 971 5089 catechismi
984 5032 1022 5089 de
1102 5034 1131 5090 P·
1154 5025 1331 5086 199-243·

192 5132 342 5213 99919916.)
359 5133 431 5192 8199
448 5134 527 5191 1999.
549 5134 639 5193 1802.
657 5135 699 5193 80.
721 5151 757 5208 14
774 5155 804 5212 p.

1189 5136 1382 5192 1111191919ῑί
1397 5133 1502 5190 iskolai
1514 5134 1624 5191 926161.
1639 5131 1864 5191 Szerkesztette
1875 5134 1933 5190 Ra·

279 5239 316 5296 ΙΙ.
333 5240 520 5297 Conciones:
544 5240 668 5316 Predigt
683 5258 730 5297 619
744 5241 914 5298 0919119919
931 5239 1021 5298 1802.
1103 5240 1208 5316 mdczy
1219 5239 1285 5296 Val.
1303 5235 1332 5315 (i.
1347 5258 1373 5296 e.
1388 5240 1523 5295 Lexicon
1537 5236 1771 5317 Hung.-Germ.)
1783 5239 1930 5313 Pozsony.

192 5342 293 5418 Steyr‚
311 5343 437 5400 Medter.
456 5344 490 5402 80
506 5347 575 5401 9119.
597 5360 632 5418 15
651 5365 680 5422 p.
702 5378 745 5386 —
765 5345 890 5420 Predigt
906 5364 952 5401 am
975 5359 1021 5417 13.

1103 5344 1304 5419 Bucsanszky.
1327 5343 1417 5422 1838.
1439 5350 1497 5401 120.
1517 5342 1575 5415 283
1596 5363 1625 5420 p.
