4178 6196
901 453 1182 521 ...49-

172 613 331 703 dilectus.
356 637 555 702 Scarlatina
574 637 740 700 laborans
753 635 849 719 intra
868 654 1003 718 paucos

174 762 310 825 dies-
324 760 426 842 gravi
442 757 553 823 luct'ui
574 758 790 823 confratrum
812 767 849 822 et
870 757 1003 822 studio·

173 903 291 947 sorum
313 919 357 928 -
378 892 606 965 praematura
633 892 745 946 morte
772 879 861 944 obiit
888 879 946 942 die
973 882 1002 942 5.

172 1005 276 1068 Mart.
298 1007 388 1067 1826.

261 1126 466 1210 Sequuntur
481 1127 557 1190 eius
570 1126 703 1209 scripta
718 1125 815 1209 typis
830 1125 1004 1206 impressa

173 1261 210 1316 et
225 1249 482 1332 manuscripta:

259 1378 282 1433 1.
299 1375 444 1433 Berthold
460 1374 515 1432 der
530 1375 553 1432 Ι.
570 1393 630 1432 von
646 1375 825 1450 Zahringeru
847 1373 1007 1449 Markgral

172 1503 208 1540 zu
225 1482 347 1539 Verona
363 1480 422 1537 und
438 1478 597 1555 Landgraf
613 1483 642 1536 in
658 1481 813 1554 Breisgau.
836 1475 865 1557 (i.
882 1498 909 1536 e.
930 1481 1003 1536 Ber·

173 1586 293 1646 tholdus
308 1586 347 1643 de
359 1587 490 1659 Zaringa
502 1584 636 1640 marchio
646 1584 873 1641 Veronensiset
885 1585 1002 1660 langra-

171 1695 239 1749 vius
254 1686 454 1767 Brisgoviae.)
475 1689 574 1765 Typis
591 1691 769 1765 impressum
790 1690 819 1745 in
841 1690 1002 1765 opusculo:

175 1796 431 1869 „Karntnerische
455 1792 657 1863 Zeitschrilt“,
682 1809 711 1867 3.
737 1793 907 1851 Bandchen.
932 1793 1003 1851 Kla-

171 1901 303 1979 genlurt,
320 1901 470 1976 gedruckt
484 1899 534 1957 bei
549 1901 667 1976 Johann
683 1900 779 1956 Leon.
801 1898 891 1957 1821.
915 1918 943 1975 p.
962 1914 1003 1974 50

172 2022 268 2081 -57·

260 2108 1004 2185 1111101111111110111100117010110111111,

174 2218 275 2291 Konig
292 2219 320 2272 in
337 2216 481 2283 3611111011,
503 2214 563 2270 und
579 2233 638 2271 von
659 2214 772 2271 diesem
792 2211 831 2270 an
850 2213 904 2271 das
921 2214 1005 2269 Haus

173 2315 571 2395 Habsburg·0esterreich?
591 2315 620 2397 (i.
638 2337 665 2375 e.
682 2319 750 2388 Qua
766 2321 882 2375 ratione
898 2318 1005 2375 Carin-

174 2427 235 2484 thia
256 2427 285 2482 in
301 2426 529 2501 possessionem
546 2425 628 2498 regis
643 2423 806 2480 Bohemiae
822 2423 961 2480 Ottocari
977 2421 1004 2478 II

173 2545 204 2589 et
213 2528 342 2587 mediate
351 2531 380 2585 in
391 2528 468 2585 illam
479 2525 823 2603 domusHabsburgicae
832 2522 1005 2604 transierit.)

173 2636 272 2713 Typis
289 2637 468 2711 impressum
485 2633 591 2690 eodem
608 2652 669 2708 quo
685 2651 777 2710 supra
797 2652 827 2708 p.
844 2630 1004 2705 85—122.

261 2740 314 2797 III.
336 2737 436 2797 Ueber
456 2737 513 2795 den
531 2738 690 2814 Ursprung
705 2737 759 2794 des
776 2737 934 2814 Wappens
951 2735 1005 2793 des

174 2845 416 2920 Herzogthumes
440 2845 586 2900 Karnten.
612 2839 641 2920 (i.
662 2861 689 2899 e.
711 2843 758 2898 De
778 2844 895 2916 origine
915 2855 1005 2898 stem-

140 2968 143 2972 ’
175 2953 263 3008 matis
286 2950 412 3006 ducatus
437 2945 630 3026 carinthiae.)
654 2947 752 3024 Typis
775 2949 953 3024 impressum
978 2947 1007 3002 in

175 3055 341 3132 opusculo:
365 3053 622 3124 „Karntnerische
638 3051 841 3121 Zeitschrilt“,
863 3069 892 3125 4.
914 3051 1005 3109 Bdch.

175 3162 229 3218 Mit
245 3150 466 3233 Abbildungen.
484 3178 513 3234 p.
535 3156 690 3216 166-86.

462 3329 722 3411 Manuscripta:

263 3475 314 3532 IV.
344 3474 444 3532 Ueber
471 3474 528 3531 den
555 3473 782 3531 verheerenden
809 3475 920 3547 Krieg,
948 3472 1007 3530 den

176 3581 382 3655 Margaretha,
407 3579 454 3635 die
478 3578 663 3636 Maultasche
685 3592 830 3654 genannt,
855 3580 893 3634 im
916 3578 1006 3654 Jahre

181 3698 262 3757 1334
286 3686 315 3739 in
338 3685 472 3740 Karnten
494 3682 616 3759 gelilhrt
639 3682 737 3741 haben
761 3682 827 3741 soll.
856 3679 885 3761 (i.
910 3702 936 3739 e.
959 3684 1007 3739 De

178 3788 257 3846 bello
288 3788 420 3855 nefast0‚
451 3783 533 3864 quod
562 3788 758 3863 Margaretha
786 3789 882 3845 dicta:
912 3789 1007 3845 Maul·

179 3894 293 3961 tasche‚
311 3911 389 3949 anno
411 3907 490 3966 1334
512 3895 540 3949 in
555 3893 710 3950 Carinthia
725 3892 842 3973 gessit.)
857 3894 943 3951 Folia
960 3909 1007 3953 10.

265 3997 300 4054 V.
319 4000 417 4054 Kurze
430 3996 614 4055 Geschichte
628 4000 779 4056 Karntens
795 4018 854 4057 von
867 3999 1007 4058 110111110-

178 4118 245 4161 sten
262 4104 327 4159 Zeit
342 4102 390 4160 bis
413 4117 502 4176 1335.
525 4099 554 4180 (i.
575 4121 602 4160 e.
621 4104 726 4160 Brevis
743 4105 886 4162 historiae
904 4106 1008 4163 Carin-

178 4208 258 4264 thiae
270 4208 431 4289 delineatio
445 4207 511 4264 inde
521 4207 560 4265 ab
572 4209 787 4283 antiquissimis
800 4207 1009 4290 temporibus.)

179 4313 264 4370 Folia
285 4310 331 4369 16.

265 4417 317 4474 VI.
349 4417 599 4494 Diplomatarium
631 4418 790 4474 collectum
821 4437 858 4475 ex
884 4419 1009 4475 archivo

180 4525 353 4581 monasterii
374 4523 573 4580 Victoriensis
598 4522 664 4580 ord.
689 4524 935 4581 Cisterciensium
959 4543 1010 4580 an·

180 4648 286 4686 norum
308 4626 528 4700 1146—1500.
546 4627 633 4684 Folia
649 4626 722 4699 362.

267 4733 333 4789 VII.
346 4733 499 4808 Excerpta
511 4751 547 4788 ex
560 4732 773 4809 diplomatibus
784 4733 898 4790 archivi
907 4734 1011 4791 Victo·

181 4841 290 4897 riensis
306 4838 493 4912 aliorumque
510 4837 682 4894 Carinthiae
702 4838 893 4895 archivorum
913 4851 1012 4895 trans·

180 4947 303 5020 scripta.
327 4943 414 5000 Folia
430 4940 480 5000 86.

268 5049 348 5106 VIII.
357 5048 468 5122 Magna
481 5049 570 5123 copia
578 5048 748 5123 priscorum
761 5047 928 5122 sigillorum
942 5065 1013 5104 cera

181 5158 408 5229 impressorum.

271 5281 1013 5375 GrundmannFrederlcus(Brevno-

181 5411 596 5494 veno-Braunensis),
611 5412 776 5474 Braunae
789 5411 847 5474 die
863 5410 1012 5474 25.Nov.

1087 637 1167 714 1696
1183 643 1288 697 natus
1304 634 1339 697 in
1351 633 1539 718 gymnasio
1547 630 1805 697 Braunaviensi
1816 633 1910 696 litte-

1082 774 1200 817 rarum
1229 755 1356 818 studiis
1385 775 1466 819 sese
1496 755 1684 838 applicuit,
1715 765 1752 818 et
1781 755 1910 818 deinde

1083 895 1228 958 operam
1263 897 1399 940 navans
1429 878 1555 941 studiis
1589 877 1843 960 philosophicis
1874 888 1911 942 et

1083 999 1292 1082 theologicis
1319 999 1355 1062 in
1382 1001 1596 1064 monasterio
1618 1001 1817 1064 Braunensi
1843 1002 1910 1064 sol-

1081 1121 1210 1184 lemnia
1226 1130 1311 1184 vota
1325 1122 1404 1186 Deo
1420 1122 1639 1206 nuncupavit
1651 1144 1701 1188 22.
1715 1124 1801 1188 Dec.
1820 1128 1910 1205 1715,

1082 1263 1125 1306 ac
1141 1245 1285 1307 tandem
1305 1264 1386 1324 1724
1402 1245 1460 1308 (110
1477 1251 1528 1311 23.
1545 1246 1634 1328 Apr.
1650 1249 1840 1330 presbyter
1856 1267 1910 1311 01-

1083 1366 1225 1429 dinatus
1249 1376 1313 1429 est.
1344 1366 1493 1430 Munere
1517 1368 1668 1431 docendi
1695 1370 1910 1453 theologiam

1082 1487 1119 1551 in
1133 1488 1346 1552 monasterio
1362 1508 1427 1572 per
1438 1489 1574 1572 aliquot
1588 1510 1700 1555 annos
1715 1501 1910 1575 occupatus

1082 1612 1129 1674 ad
1145 1609 1299 1674 officium
1315 1612 1444 1693 prioris
1461 1613 1652 1677 Bievnovii
1672 1626 1910 1697 promovetur.

1082 1733 1171 1796 Post
1196 1743 1343 1797 mortem
1371 1734 1552 1799 Bennonis
1578 1737 1720 1800 abbatis
1752 1742 1831 1819 1752
1865 1741 1911 1802 ad

1082 1857 1241 1939 regimen
1275 1856 1430 1922 familiae
1465 1859 1741 1923 Blevnoviensis
1776 1862 1911 1925 electus

1082 1979 1212 2042 multas
1235 1999 1456 2062 magnasque
1479 1982 1640 2046 miserias
1663 2003 1814 2047 unacum
1838 2004 1911 2048 mo·
1989 2027 1993 2031 ι

1084 2101 1250 2164 nasteriis
1280 2101 1538 2188 Blevnoviensi
1574 2105 1753 2168 subiectas
1784 2125 1912 2188 passus

1085 2232 1140 2287 est
1156 2225 1344 2305 septennio
1360 2224 1430 2307 illo,
1448 2244 1518 2308 quo
1539 2246 1604 2289 rex
1620 2227 1811 2291 Borussiae
1828 2228 1912 2292 Fre-

1084 2347 1224 2409 dericus
1240 2347 1425 2430 imperium
1441 2349 1669 2413 Austriacum
1686 2369 1776 2432 paee
1796 2352 1913 2432 priva-

1084 2479 1195 2533 verat.
1230 2469 1367 2532 Meritis
1394 2472 1522 2551 plenus
1549 2473 1606 2535 die
1634 2479 1685 2537 30.
1713 2474 1798 2536 Dec.
1831 2495 1910 2554 1772

1084 2591 1178 2653 diem
1194 2600 1390 2655 extremum
1406 2593 1465 2674 pie
1481 2593 1517 2656 in
1531 2594 1683 2676 Domino
1700 2597 1797 2661 obiit.

1171 2714 1334 2796 Reliquit
1346 2717 1416 2778 duo
1424 2717 1674 2800 manuscripta,
1685 2721 1813 2801 quibus
1826 2729 1913 2783 tem·

1085 2837 1185 2920 poris
1206 2837 1259 2900 sui
1282 2837 1358 2901 fata
1382 2841 1499 2920 quoad
1523 2841 1736 2904 monasteria
1755 2842 1913 2906 Blevnd-

1085 2961 1223 3043 viense,
1254 2961 1478 3044 Braunense,
1509 2962 1696 3027 Policense
1727 2974 1763 3028 et
1789 2965 1913 3029 Wahl·

1086 3092 1261 3147 stattense
1278 3089 1334 3147 sat
1350 3085 1444 3147 clare
1462 3085 1640 3171 depingit:

1171 3210 1195 3267 1.
1213 3211 1287 3266 Fata
1303 3213 1470 3269 miserrima
1482 3213 1623 3271 abbatiae
1635 3216 1868 3274 Bievnoviensis
1884 3229 1914 3273 et

1086 3317 1336 3373 monasteriorum
1350 3316 1419 3372 huic
1430 3316 1645 3389 subiectorum,
1662 3338 1740 3395 quae
1752 3335 1823 3397 post
1835 3341 1914 3378 11101-

1086 3431 1145 3475 tem
1162 3420 1264 3477 Caroli
1280 3421 1330 3477 VI.
1348 3421 1544 3497 Imperatoris
1560 3436 1590 3480 et
1605 3427 1687 3500 regis
1700 3426 1862 3482 Bohemiae
1875 3425 1914 3482 ab

1085 3541 1164 3580 anno
1185 3523 1351 3598 1740-46
1368 3528 1570 3601 contigerunt.
1595 3528 1650 3584 Ms.
1672 3530 1701 3584 in
1722 3535 1764 3601 4⁰.
1789 3548 1819 3605 p.
1840 3529 1913 3600 380,

1086 3627 1168 3703 quod
1188 3628 1367 3686 adservatur
1387 3632 1466 3687 inter
1488 3650 1542 3688 ms.
1563 3630 1704 3689 abbatiae
1724 3634 1913 3691 Braunensis.

1174 3733 1211 3789 II.
1236 3733 1379 3802 Diarium,
1404 3736 1469 3792 sive
1491 3739 1703 3795 annotationes
1726 3741 1862 3814 privatae
1886 3753 1916 3796 et

1086 3838 1272 3896 domesticae
1294 3853 1450 3914 gestorum
1474 3839 1513 3897 ab
1536 3860 1614 3898 anno
1642 3857 1828 3918 1752—72.
1859 3846 1913 3902 Ms.

1086 3942 1246 4013 Volumina
1270 3942 1329 4000 duo
1351 3942 1473 4000 infolio
1494 3963 1523 4021 p.
1542 3960 1604 4019 290
1624 3945 1743 4020 01360,
1767 3948 1915 4005 habentur

1088 4050 1164 4105 inter
1180 4068 1234 4106 ms.
1250 4046 1391 4106 abbatiae
1407 4050 1598 4107 Braunensis.

1176 4176 1226 4250 de
1246 4175 1468 4252 Grustdorl
1478 4190 1576 4272 L.B.,
1588 4193 1799 4255 Amandus
1813 4193 1915 4276 (Cre-

1088 4305 1356 4387 mifanensis),
1366 4306 1700 4390 BertolsgadiensiS,
1710 4311 1767 4373 die
1777 4316 1827 4373 30.
1836 4310 1914 4375 Oct.

1093 4449 1172 4509 1727
1190 4437 1305 4492 natus.
1329 4428 1551 4491 Liberalibus
1571 4429 1767 4512 disciplinis
1786 4431 1916 4496 Cremi-

1089 4548 1163 4613 fani
1187 4551 1359 4614 absolutis
1383 4560 1419 4613 et
1443 4561 1593 4633 accepta
1616 4571 1643 4615 s.
1667 4552 1707 4615 P.
1731 4553 1917 4618 Benedicti

1090 4682 1192 4736 veste
1209 4673 1266 4735 die
1283 4678 1329 4737 13.
1347 4672 1436 4736 Nov.
1458 4677 1536 4752 1745
1559 4672 1742 4754 professus
1758 4684 1794 4738 et
1809 4677 1920 4758 philo-

1091 4795 1254 4877 sophiam
1270 4794 1470 4877 Cremifani,
1488 4793 1688 4878 Salisburgi
1704 4797 1920 4882 theologiam

1092 4919 1241 4981 edoctus
1263 4917 1320 4979 die
1345 4938 1392 4979 11.
1413 4916 1502 4981 Νον.
1529 4922 1606 4997 1751
1631 4919 1741 4981 sacris
1763 4919 1920 4983 initiatus

1092 5050 1157 5106 est.
1181 5040 1349 5104 Proximo
1372 5060 1465 5104 anno
1489 5040 1664 5104 ecclesiae
1687 5042 1721 5104 in
1743 5043 1846 5106 Rohr
1870 5042 1921 5105 in·

1091 5163 1211 5227 feriori
1226 5163 1395 5246 praefuit:
1420 5168 1588 5242 1753-56
1604 5163 1785 5245 professor
1805 5186 1921 5249 gram·

1092 5286 1254 5368 maticae‚
1279 5291 1445 5368 1756-72
1467 5287 1724 5370 philosophiae,
1754 5295 1921 5370 1772-76

1094 5409 1319 5493 dogmaticae
1335 5410 1508 5492 simulque
1528 5410 1732 5474 academiae
1753 5412 1921 5500 nobilium
