4178 6196
884 447 1141 517 „2,..

139 642 178 699 ad
196 640 236 699 26
253 661 281 698 u.
303 643 340 716 g)
358 641 386 697 Α
406 639 639 716 megtestesfiles
661 638 744 695 titka.
765 635 796 715 (i.
813 657 840 694 1.
861 639 974 713 Myste-

140 750 215 804 rium
232 742 467 823 incarnationis.)
493 743 583 802 1868.
601 745 639 800 ll.
656 756 783 817 49-52
801 761 829 799 n.
853 741 886 816 h)
901 740 975 798 Sola

142 852 283 909 salvifica.
306 848 398 924 1869.
415 851 437 907 Ι.
454 848 578 923 46-51
598 868 626 906 n.
651 849 675 921 ι)
692 845 974 904 1111118011111-

143 957 238 1014 vilica.
256 955 332 1012 Ibid.
347 956 383 1012 11.
400 955 569 1027 34-381.
586 954 617 1027 k)
628 952 729 1009 Csuda
741 953 775 1009 es
788 951 973 1026 tetemenyes

143 1062 246 1118 vallas,
269 1059 299 1137 (i.
313 1080 339 1117 e.
356 1059 532 1116 Miraculum
546 1072 576 1115 et
589 1058 695 1132 religio
708 1053 861 1135 positiva.)
882 1055 972 1129 1871.

144 1167 181 1221 ll.
198 1179 282 1236 3—o
300 1184 338 1234 n.,
360 1163 451 1236 1872.
470 1165 491 1220 Ι.
509 1178 612 1236 5-11
632 1183 661 1220 n.

231 1278 268 1334 11.
291 1276 425 1352 Egyhazi
442 1275 553 1333 heszed
570 1274 700 1350 Borbely
717 1275 830 1332 Korne'l
847 1273 974 1332 Kalman

145 1380 210 1440 1156
232 1403 273 1439 sz.
301 1381 547 1456 mise-aldozatja
574 1380 760 1437 alkalmaval.
787 1378 866 1458 (1.1.
896 1384 974 1437 (lra-

145 1491 187 1544 tio
204 1508 228 1543 s.
245 1488 407 1543 occasione
423 1487 537 1563 primae
554 1488 664 1542 missae
676 1485 808 1542 Cornelii
821 1483 974 1564 Borbely.)

145 1594 231 1659 Becs,
248 1589 484 1647 hlechitarista'tlt.
507 1590 596 1664 1858.
614 1591 656 1647 8⁰.
679 1606 712 1663 15
732 1611 761 1667 p.

232 1706 285 1762 111.
315 1704 451 1779 Egyhazi
482 1703 594 1760 besze'd
622 1725 640 1760 a
666 1725 708 1761 sz.
737 1703 975 1760 Laszlota'trsulat

144 1808 376 1883 redszentje‘nelt
397 1808 595 1885 ne'rtinnepen
615 1808 706 1882 1870.
721 1808 771 1883 jul.
788 1808 872 1881 3411.
896 1805 925 1885 (1.
948 1827 974 1864 1.

145 1916 253 1972 Oratio
277 1933 301 1970 s.
327 1916 355 1969 in
380 1913 428 1970 (111
452 1916 570 1989 patroni
594 1914 750 1970 societatis
774 1933 798 1970 5.
820 1910 975 1992 Ladislai.)

146 2021 225 2075 Pest.
245 2018 413 2094 „Hunyady
426 2017 701 2093 Matyas“·inte'zet.
724 2018 813 2090 1870.
826 2013 873 2074 8⁰.
896 2032 929 2090 15
945 2037 975 2094 p.

233 2141 283 2198 IV.
304 2139 447 2198 Guzmics
464 2139 570 2197 Izidor.
592 2137 621 2218 (i.
643 2160 669 2197 e.
687 2141 755 2197 Vita
773 2139 878 2196 Isidori
895 2138 977 2196 Guz-

146 2243 241 2322 mics.)
258 2246 305 2301 In:
323 2245 457 2320 Egyhazi
475 2244 576 2321 lapok.
598 2244 688 2301 1808.
711 2259 744 2300 11
764 2259 795 2301 et
816 2259 850 2300 12
870 2244 943 2301 1151.

232 2367 268 2423 V.
296 2367 323 2422 Α
352 2366 532 2440 kereszteny
557 2365 652 2421 vallas
679 2368 765 2422 isteni
794 2367 918 2424 eredete
945 2368 978 2424 es

146 2471 313 2545 szfikst'tges
322 2470 404 2526 volta
413 2470 533 2525 korunlr
542 2470 719 2545 tevelyeirel
729 2471 892 2529 szemkdzt.
906 2470 936 2550 (i.
951 2492 977 2529 c.

147 2578 193 2632 De
209 2575 309 2632 divina
321 2574 477 2650 religionis
489 2575 592 2632 christ.
602 2578 720 2651 origine
733 2578 860 2652 eiusque
872 2596 978 2633 neces-

146 2682 236 2736 sitate
263 2681 380 2736 ratione
407 2698 543 2737 errorum
571 2683 679 2736 aetatis
709 2679 854 2761 nostrae.)
884 2680 978 2738 Liber

147 2787 282 2861 praemio
294 2784 502 2840 Horrathiano
517 2798 651 2842 ornatus.
666 2785 829 2861 Budapest.
840 2786 977 2861 Hunyadi

147 2889 400 2964 Minyas-intezet.
419 2889 508 2963 1875.
522 2888 563 2946 8⁰.
577 2887 640 2962 576
653 2909 683 2965 p.
701 2890 756 2947 Ed.
772 2906 799 2948 2.

233 3013 283 3069 Vl.
307 3009 439 3088 Scripsit
462 3011 592 3087 (lenique
616 3011 654 3068 de
674 3012 809 3088 plurimis
834 3011 924 3070 rebus
950 3015 978 3069 in

147 3116 384 3192 encyclopaedia
400 3118 555 3173 societatis
572 3136 596 3172 s.
614 3115 770 3192 Stephani.

237 3315 373 3389 Bloch
403 3326 652 3389 Ambrosius
679 3328 795 3410 (Abb.
819 3330 979 3392 Muren-

149 3443 236 3525 sis),
257 3443 294 3506 in
317 3443 524 3527 Oensingen
547 3444 583 3507 in
603 3445 771 3510 Helvetia
795 3459 900 3510 natus
921 3450 978 3512 die

153 3587 200 3629 11.
225 3568 312 3631 Dec.
345 3573 437 3648 1708,
465 3569 647 3631 sollemnia
675 3569 792 3633 emisit
815 3581 899 3634 vota
922 3571 979 3635 die

152 3710 202 3755 22.
223 3690 310 3752 Maii
336 3710 413 3769 1791
441 3703 477 3752 et
500 3693 675 3754 absolutis
701 3693 736 3755 in
763 3695 979 3758 monasterio

152 3813 279 3875 studiis
296 3813 534 3876 sacerdotium
547 3815 648 3878 inivit
661 3817 718 3878 die
736 3821 783 3880 13.
797 3817 869 3881 Ian.
888 3823 978 3897 1793.

151 3934 238 3998 Cum
258 3945 356 3998 esset
372 3935 541 4019 egregiae
558 3937 686 4001 indolis
708 3949 743 4001 et
763 3939 799 4002 in
821 3939 979 4004 scientiis

150 4058 255 4120 valde
283 4069 448 4121 versatus
480 4080 564 4123 mox
594 4081 739 4124 munera
766 4063 978 4145 professoris

151 4180 398 4263 philosophiae
429 4193 466 4245 et
500 4183 718 4267 theologiae,
755 4185 837 4248 dein
872 4187 977 4250 etiam

150 4301 413 4366 bibliothecarii
430 4315 466 4366 et
478 4306 666 4369 archivarii
678 4309 847 4391 suscepit.
868 4309 978 4373 Refe-

152 4435 232 4487 runt
248 4444 330 4488 eum
346 4435 460 4488 totum
476 4447 591 4508 paene
600 4428 798 4512 Vergilium
810 4432 978 4494 memoria

151 4548 320 4612 tenuisse.
343 4548 489 4610 Famam
507 4550 736 4632 praecipuam
753 4554 820 4616 sibi
837 4575 978 4638 compa-

151 4673 242 4734 ravit
270 4693 341 4754 qua
369 4671 518 4755 insignis
547 4683 666 4736 orator
692 4694 803 4740 sacer.
836 4677 979 4741 Mortuo

152 4796 283 4858 abbate
304 4791 480 4876 Gregorio
500 4795 607 4858 Koch
631 4816 816 4860 successor
836 4798 980 4882 eligitur

152 4917 208 4980 die
242 4923 291 4982 16.
323 4916 402 4982 Oct.
438 4922 528 4981 1816.
568 4918 757 4982 Praeclare
784 4921 980 5003 spiritalem

152 5049 187 5102 et
209 5040 443 5122 temporalem
465 5039 559 5102 rexit
580 5040 845 5124 rempublicam,
877 5043 981 5106 disci·

151 5163 270 5244 plinae
290 5162 508 5226 monasticae
529 5165 727 5226 servandae
750 5164 981 5247 vigilantissi-

152 5304 239 5347 mus
278 5286 373 5349 Dum
402 5305 486 5349 vero
513 5286 739 5369 Argoviense
770 5287 980 5370 gubernium

152 5408 370 5472 monasteria
392 5409 427 5471 in
451 5408 584 5472 ditione
607 5429 671 5472 sua
694 5410 812 5491 posita
836 5411 980 5473 abolere

1054 632 1256 712 meditatur,
1279 631 1402 709 abbaS,
1428 648 1473 691 ne
1495 627 1612 691 omnia
1632 627 1822 709 amitteret,
1848 626 1885 690 in

1054 753 1264 817 coenobium
1276 751 1484 834 Engelberg
1499 769 1538 812 se
1554 749 1743 830 subtraxit,
1759 749 1795 811 in
1812 767 1883 830 quo

1054 874 1242 937 defunctus
1266 884 1321 936 est
1345 871 1402 934 die
1428 876 1456 935 5.
1476 871 1566 935 Nov.
1591 875 1682 935 1838.
1721 871 1885 952 Reliquit

1057 997 1252 1079 permultos
1274 1015 1395 1058 sacros
1417 1013 1598 1057 sermones
1613 999 1691 1056 'tam
1712 993 1747 1056 in
1764 1013 1884 1056 mona·

1053 1118 1162 1182 sterio
1187 1138 1291 1200 quam
1319 1117 1355 1179 in
1379 1117 1487 1179 variis
1514 1115 1593 1178 aliis
1620 1115 1707 1178 locis
1731 1115 1884 1198 habitos

1055 1261 1202 1323 quorum
1222 1241 1357 1322 aliquot
1378 1237 1473 1300 misit
1491 1240 1536 1301 ad
1555 1238 1723 1300 Ioannem
1745 1237 1885 1318 episco-

1053 1384 1137 1446 pum
1157 1364 1260 1426 Evar.
1280 1360 1536 1444 Rottenburgi,
1565 1360 1624 1442 qui
1644 1359 1702 1422 die
1727 1364 1774 1422 18.
1795 1361 1883 1422 Dec.

1059 1490 1139 1564 1824
1156 1485 1191 1547 in
1202 1483 1330 1547 litteris
1343 1485 1388 1545 ad
1402 1503 1481 1545 eum
1496 1482 1588 1545 datis
1602 1483 1726 1545 dehoc
1740 1483 1883 1544 thesau-

1055 1629 1094 1671 ro
1111 1608 1166 1670 sib
1184 1607 1476 1690 icongratulatur.
1501 1604 1701 1688 Supersunt
1717 1605 1847 1667 adhuc:

1143 1731 1308 1788 Sermones
1330 1746 1387 1804 150
1408 1734 1437 1786 in
1459 1731 1560 1805 lingua
1576 1728 1737 1786 vernacula
1757 1730 1793 1785 ad
1812 1748 1885 1785 con·

1056 1850 1193 1903 ventum,
1218 1838 1363 1901 novitios,
1385 1833 1602 1911 neoprolessos
1623 1833 1710 1890 etad
1732 1833 1886 1909 populum.

1055 1939 1459 2016 4⁰.1nbibl.llluro·Gries.
1482 1939 1549 1996 cod.
1576 1954 1600 1994 1.
1627 1951 1695 2011 107,
1721 1937 1789 2003 108,
1817 1952 1885 2010 109.

1143 2103 1279 2177 Bloch
1302 2113 1543 2175 Meinradus
1569 2110 1813 2194 (Murensis),
1835 2112 1887 2172 lu-

1059 2253 1135 2297 cem
1149 2230 1318 2313 adspexit
1330 2230 1366 2292 in
1375 2228 1662 2293 Oberbuchsiten
1678 2228 1714 2290 in
1722 2227 1885 2310 Argovia

1057 2355 1247 2418 Helvetiae
1269 2354 1326 2416 die
1352 2374 1399 2431 14.
1415 2354 1501 2416 Dec.
1523 2358 1614 2430 1702.
1645 2351 1814 2415 Ordinem
1836 2350 1887 2412 in-

1058 2498 1204 2562 gressus
1231 2485 1267 2538 et
1294 2474 1510 2538 sollemniter
1538 2472 1721 2555 professus
1745 2485 1800 2535 est
1830 2473 1886 2536 die

1060 2608 1088 2664 0.
1101 2601 1175 2663 Ian.
1194 2603 1284 2678 1783.
1307 2596 1471 2679 Expletis
1484 2594 1611 2658 studiis
1624 2595 1660 2657 in
1672 2594 1887 2657 monasterio

1059 2731 1248 2804 cooptatus
1265 2731 1320 2782 est
1336 2719 1427 2782 inter
1440 2720 1646 2780 sacerdotes
1663 2717 1720 2778 die
1736 2723 1786 2780 23.
1799 2719 1887 2780 Dec.

1063 2850 1153 2924 1780.
1182 2842 1310 2905 Curam
1332 2839 1525 2902 animarum
1547 2839 1708 2901 exercuit
1728 2839 1763 2901 in
1785 2859 1888 2921 paro·

1059 2966 1138 3029 chia
1159 2963 1318 3027 Murensi
1342 2970 1378 3024 et
1399 2960 1609 3041 Buenzensi,
1634 2960 1763 3042 quibus
1786 2981 1889 3043 prae·

1058 3087 1135 3150 fuit.
1155 3086 1253 3149 Intra
1269 3086 1424 3147 claustra
1439 3083 1582 3145 rediens
1598 3092 1634 3145 et
1650 3083 1815 3165 subprior
1831 3101 1888 3145 re·

1059 3209 1247 3272 nunciatus
1278 3216 1438 3289 tempore
1469 3205 1622 3287 gallicae
1655 3203 1888 3267 revolutionis

1059 3344 1132 3395 tum
1146 3330 1266 3394 verbis
1279 3340 1354 3393 tum
1367 3328 1473 3392 factis
1485 3327 1615 3391 acriter
1627 3347 1692 3410 pro
1707 3325 1888 3390 incolumi·

1058 3463 1133 3516 tate
1149 3451 1355 3516 monasterii
1371 3451 1556 3534 pugnavit.
1583 3451 1743 3513 Tandem
1761 3468 1887 3511 munus

1060 3575 1243 3639 oeconomi
1267 3574 1426 3657 suscepit
1450 3593 1562 3655 usque
1587 3574 1632 3635 ad
1657 3583 1805 3635 mortem
1830 3571 1889 3634 die

1061 3704 1111 3762 28.
1121 3698 1220 3781 Sept.
1237 3702 1328 3760 1831.
1340 3696 1448 3758 Plura
1461 3696 1603 3777 reliquit
1615 3695 1748 3777 scripta
1761 3692 1889 3756 Latina

1060 3831 1096 3884 et
1113 3820 1335 3884 Germanica.

1146 3947 1169 4003 1.
1193 3947 1290 4002 Notae
1314 3959 1344 4002 et
1368 3943 1600 4001 observationes
1625 3945 1653 3999 in
1677 3942 1786 3998 bullam
1807 3943 1889 3998 Leo·

1059 4053 1105 4108 nis
1126 4052 1207 4109 V111.
1232 4070 1292 4127 qua
1312 4052 1572 4107 consecrationem
1595 4048 1742 4105 ecclesiae
1763 4045 1889 4103 Einsidl.

1059 4155 1185 4213 coelitus
1201 4155 1310 4212 iactam
1328 4154 1493 4212 confirmat.
1506 4153 1707 4229 —Episcopi
1720 4165 1751 4208 et
1763 4149 1890 4208 abbates

1059 4283 1075 4318 e
1092 4275 1219 4318 monast.
1236 4281 1261 4318 s.
1275 4260 1364 4317 Blasii
1377 4259 1414 4315 ad
1428 4258 1603 4336 episcopale
1615 4258 1803 4332 aliorumque
1816 4274 1888 4312 coe·

1058 4365 1216 4423 nobiorum
1234 4368 1369 4440 regimen
1386 4366 1514 4421 evocati.
1532 4363 1596 4420 Fol.
1615 4365 1644 4418 in
1661 4362 1773 4418 archiv.
1787 4363 1889 4416 Muro-

1059 4471 1161 4528 Gries.

1146 4577 1184 4631 11.
1204 4575 1414 4632 Adservantur
1434 4575 1462 4629 in
1486 4573 1592 4629 eodem
1619 4570 1766 4627 tabulario
1788 4569 1890 4646 plures

1059 4695 1207 4739 tractatus
1231 4695 1262 4736 et
1284 4679 1513 4736 dissertationes
1537 4680 1578 4733 ina
1590 4675 1690 4749 lingua
1714 4673 1889 4730 vernacula:

1060 4787 1118 4842 Die
1135 4782 1336 4858 Rechtslrage
1352 4781 1518 4838 betrellend
1534 4781 1582 4838 die
1598 4799 1667 4836 vom
1685 4779 1813 4835 Ftlrsten
1830 4798 1889 4835 von

1060 4885 1511 4961 Hoheuzollern·Sigmaringen
1523 4887 1552 4939 11
1560 4886 1658 4940 Besitz
1670 4901 1890 4956 genommenen

1060 4992 1277 5051 Herrschalten
1290 4992 1383 5047 Muris
1396 4992 1425 5046 in
1438 4987 1643 5046 Deutschland
1659 4986 1688 5064 (i.
1702 5008 1728 5044 e.
1743 4988 1890 5057 Quaestio

1061 5099 1186 5154 iuridica
1205 5097 1242 5153 de
1259 5096 1415 5171 occupatis
1432 5113 1510 5150 mon.
1532 5090 1789 5171 possessionibus)
1810 5093 1887 5165 1803

1060 5200 1107 5258 bis
1129 5201 1217 5274 1830.
1235 5233 1277 5241 —
1293 5200 1369 5255 Eine
1385 5199 1477 5256 kurze
1494 5197 1804 5272 Kirchengeschichte
1820 5195 1889 5276 (1.1.

1061 5307 1166 5364 Brevis
1188 5305 1314 5362 historia
1337 5300 1422 5381 eccl.)
1446 5302 1492 5360 bis
1520 5302 1611 5376 1781.
1634 5336 1677 5344 -
1699 5304 1890 5378 Correspon·

1060 5411 1173 5467 denzen
1194 5413 1247 5466 mit
1263 5409 1509 5468 Staatsmannern
1531 5409 1589 5466 und
1610 5408 1786 5466 Gelehrten.
1823 5409 1840 5462 i.
1861 5425 1889 5462 e.
