4178 6196
901 451 1158 521 „43-

153 637 280 701 calculi
300 637 484 700 doloribus
505 636 666 700 toleratis
690 635 780 699 obiit
803 641 854 699 23.
879 635 984 698 Mart.

158 765 248 841 1750,
272 760 498 843 professione
519 770 555 823 et
575 759 778 823 sacerdotio
798 758 985 821 iubilaeus.

239 903 262 960 Ι.
287 903 352 959 Der
371 904 410 959 hl.
431 903 594 978 Rupertus.
621 899 650 979 (i.
667 921 694 958 e.
715 902 762 958 De
784 921 809 958 s.
827 897 986 978 Ruperto.)

152 1007 356 1083 Anagramma
368 1007 433 1064 Ter
445 1008 550 1074 Purus,
567 1007 597 1064 d.
614 1009 632 1064 i.
650 1009 699 1063 ein
714 1006 819 1074 Reich,
837 1007 885 1061 ein
901 1004 987 1061 Hell-

153 1111 213 1168 und
243 1112 492 1168 Heililiessender
521 1111 631 1168 Felsen
661 1109 777 1169 Horeb.
810 1105 987 1188 (Lobrede.)

152 1215 253 1273 Wien.
275 1230 366 1289 1710.
383 1222 427 1289 40.
443 1235 474 1292 p.
494 1231 545 1289 ²4·

239 1338 277 1394 ll.
302 1337 464 1412 Predigten
487 1335 542 1393 aui
562 1337 625 1393 drei
649 1335 801 1411 goldenen
822 1334 986 1409 Sambstag

152 1441 260 1500 Abend
282 1454 360 1515 1732
379 1444 408 1497 111
423 1442 519 1498 Maria
535 1441 627 1498 Plain.
649 1437 679 1517 (i.
697 1459 723 1496 e.
740 1440 912 1497 Conciones
928 1457 985 1515 pro

152 1545 248 1604 tribus
256 1545 394 1603 sabbatis
404 1565 427 1602 s.
438 1545 466 1602 d.
476 1543 598 1624 aureis.)
608 1543 807 1620 Abgedruckt
817 1546 859 1600 in:
869 1543 985 1600 Ueber·

152 1664 247 1708 setzte
272 1649 373 1707 Arche
396 1650 451 1707 des
477 1649 606 1706 Bundes.
635 1646 793 1723 Salzburg.
822 1663 913 1721 1733.
938 1654 983 1722 4⁰.

152 1774 182 1832 n·
200 1752 251 1829 5⁶·

237 1877 290 1933 Ill.
308 1877 372 1933 Das
388 1875 493 1932 Leben
510 1875 569 1931 und
582 1873 630 1930 die
642 1873 847 1948 brinneylrige
860 1873 889 1930 T
891 1892 984 1947 ugen-

151 1980 211 2038 den
227 1981 281 2037 des
296 1979 489 2055 Gottseligen
505 1979 649 2036 Heinrich
661 1979 774 2034 Mariae
788 1977 914 2034 Boudon
930 1978 984 2035 der

153 2086 285 2142 Kirchen
307 2105 344 2141 zu
365 2085 487 2141 Eureux
509 2082 879 2140 Crass-Ertz-Dechant.
903 2080 933 2160 (i.
955 2101 981 2139 e.

152 2191 221 2246 Vita
243 2203 274 2246 01
292 2191 419 2245 virtutes
443 2188 523 2245 beati
545 2188 667 2243 Henrici
688 2186 816 2242 Roudon
835 2187 983 2242 archidia-

153 2297 221 2350 coni
238 2294 386 2350 ecclesiae
403 2288 662 2369 Eburovicensis.)
682 2290 747 2346 Aus
767 2290 833 2346 dem
851 2292 982 2347 81011ῑό-

154 2399 283 2456 010011011.
300 2397 475 2473 Augsburg.
492 2395 586 2454 Wolf.
608 2393 697 2468 1738.
715 2401 757 2470 4⁰.
776 2414 805 2473 p.
824 2394 896 2470 264.

240 2578 390 2655 Chmel
421 2591 617 2653 Iacobus
646 2591 985 2673 (Bievnoveno-

153 2709 434 2789 Braunensis)‚
459 2707 786 2790 Reginaehradecii
808 2710 845 2773 in
869 2711 985 2774 Bohe-

152 2831 223 2894 mia
240 2831 298 2893 die
317 2834 367 2893 zo.
385 2827 464 2893 Oct.
491 2848 569 2909 1727
592 2840 707 2913 natus,
729 2832 888 2896 habitum
905 2854 932 2897 s.
950 2855 984 2917 p.

153 2954 342 3020 Benedicti
358 2953 551 3017 Bievnovii
567 2953 691 3036 induit,
708 2964 744 3017 et
762 2977 787 3019 1.
800 2955 887 3019 Maii
904 2962 984 3036 1748

152 3088 238 3139 vota
248 3075 432 3138 sollemnia
441 3076 566 3139 emisit.
575 3076 763 3140 Absolutis
774 3077 811 3140 in
822 3078 985 3143 instituto

154 3199 360 3262 monasterii
382 3198 508 3262 studiis
532 3208 607 3261 tum
630 3199 887 3282 philosophicis
910 3212 985 3265 tum

153 3320 366 3403 theologicis
382 3319 440 3382 die
454 3324 482 3382 6.
497 3318 576 3384 Oct.
594 3323 675 3399 1754
688 3323 878 3405 presbyter
893 3324 986 3386 ordi·

154 3453 259 3505 natus
275 3452 340 3506 est.
360 3441 580 3505 Professoris
596 3443 798 3526 theologiae
811 3465 937 3509 munus
950 3447 985 3511 in

155 3565 370 3629 monasterio
397 3567 551 3648 adeptus
579 3584 692 3648 eoque
721 3568 841 3648 plures
872 3589 985 3632 annos

155 3687 303 3771 egregio
319 3708 399 3750 cum
415 3707 584 3750 successu
599 3687 743 3751 functus
764 3688 882 3752 officia
902 3692 986 3753 sub·

154 3810 281 3893 prioris
292 3809 428 3892 Policii,
439 3811 566 3893 prioris
577 3809 770 3875 Bievnovii
779 3821 815 3876 et
824 3815 985 3896 collegae

155 3932 330 4016 praesidis
349 3932 531 3997 facultatis
547 3934 772 4017 theologicae
793 3934 829 3997 in
845 3934 996 4013 univer:

155 4055 261 4119 sitate
274 4055 440 4137 Pragena
456 4075 535 4118 cum
546 4055 653 4119 laude
665 4055 785 4138 subiit,
798 4058 911 4120 donec
924 4059 985 4119 de-

155 4177 277 4241 functo
308 4179 441 4240 abbate
472 4176 657 4260 Stephano
689 4179 735 4239 ad
767 4178 985 4242 abbatialem

156 4309 302 4364 evectus
314 4309 370 4362 est
384 4300 595 4383 dignitatem
608 4319 701 4362 anno
718 4303 808 4380 1786.
825 4301 985 4364 Tandem

155 4423 212 4486 die
229 4442 281 4486 21.
294 4421 374 4486 Oct.
392 4425 483 4503 1805,
500 4422 684 4505 professus
701 4433 737 4485 et
749 4424 918 4487 sacerdos
933 4423 985 4486 iu-

156 4545 296 4626 bilatus,
313 4545 373 4627 pia
388 4556 501 4609 morte
517 4546 700 4609 terrestria
717 4546 892 4629 deposuit.

240 4699 385 4784 Scripta
401 4702 601 4785 divulgavit
616 4703 719 4766 baec:

240 4863 263 4919 1.
285 4864 332 4919 De
349 4862 450 4920 officio
466 4864 593 4921 hominis
610 4883 683 4939 erga
696 4865 802 4922 Deum.
821 4865 985 4922 Tractatus

156 4964 470 5042 theologico-ethicus.
487 4968 555 5025 Vol.
569 4988 617 5025 un.
634 4975 677 5042 4⁰.
695 4988 723 5044 p.
738 4967 810 5026 262.
827 4967 985 5044 Augustae

155 5071 300 5128 Vindelic.
313 5087 400 5128 sumt.
412 5071 555 5129 Matthaei
567 5072 679 5148 Rieger
691 5073 877 5149 bibliopolae
894 5070 984 5146 1765.

240 5194 278 5250 ll.
287 5193 444 5252 Vindiciae
457 5194 574 5251 concilii
583 5213 699 5252 oecum.
710 5195 773 5274 VL,
784 5197 870 5270 queis
883 5196 986 5270 aequi·

154 5299 373 5355 100011011100
390 5317 535 5355 censurae
551 5297 705 5373 synodalis
721 5299 868 5355 adversus
881 5299 987 5355 Hono·

45 5413 50 5422 '
153 5403 228 5458 rium
241 5402 264 5459 l.
278 5403 312 5458 P.
325 5403 358 5460 P.
372 5402 567 5478 eiusdemque
582 5402 621 5458 ad
634 5400 773 5478 Sergium
786 5403 987 5478 patriarcham

1065 637 1124 695 ΟΡ.
1142 637 1288 713 epistolas
1309 638 1492 713 postliminio
1510 637 1707 694 vindicantur.
1731 637 1901 694 Praemissa

1066 741 1279 799 dissertatione
1295 739 1440 798 historica
1454 741 1492 797 de
1508 743 1626 816 origine
1643 742 1777 798 haeresis
1794 760 1899 799 mono·

1066 847 1245 904 thelitarum.
1271 846 1338 904 Vol.
1362 864 1410 903 un.
1436 843 1478 902 8⁰.
1505 864 1536 921 p.
1561 842 1634 919 484.
1663 846 1789 921 Pragae‚
1811 861 1899 905 sumt.

1067 951 1211 1007 Feliciani
1227 950 1384 1024 Mangoldt
1400 964 1430 1006 et
1447 950 1506 1006 filii.

1152 1073 1207 1129 III.
1224 1072 1377 1149 Apologia
1391 1072 1551 1146 singularis
1568 1073 1758 1130 orthodoxae
1775 1074 1901 1131 catholi-

1068 1196 1183 1252 caeque
1203 1177 1359 1234 doctrinae
1376 1176 1413 1233 de
1430 1176 1535 1232 morali
1559 1177 1687 1233 hominis
1712 1179 1898 1254 impotentia,

1067 1282 1141 1338 solis
1157 1295 1283 1338 naturae
1299 1283 1420 1338 vitiatae
1437 1279 1550 1337 viribus
1567 1281 1707 1337 seruandi
1729 1281 1825 1356 legem
1842 1283 1899 1339 Dei

1067 1385 1241 1442 naturalem.
1258 1385 1407 1442 Volumen
1423 1404 1471 1462 un.
1486 1381 1527 1441 80.
1545 1403 1574 1460 p.
1588 1384 1661 1456 326.
1679 1386 1804 1460 Pragae‚
1822 1386 1901 1442 litte·

1067 1491 1109 1546 ris
1125 1491 1279 1546 Francisci
1297 1487 1470 1545 Gerzabek.
1492 1487 1583 1562 1787.

1151 1653 1343 1729 Christen
1374 1665 1622 1728 Ambrosius
1651 1665 1894 1750 (Murensis),

1063 1784 1109 1844 ab
1126 1783 1261 1846 Ursem
1277 1783 1313 1846 in
1330 1783 1437 1846 Uran.
1454 1784 1643 1847 Helvetiae
1656 1785 1714 1847 die
1728 1791 1777 1848 25.
1787 1786 1894 1852 Febr.

1067 1908 1146 1968 1805
1160 1915 1275 1985 natus,
1288 1905 1471 1998 Lucernae
1484 1908 1610 1970 studiis
1623 1927 1769 1989 operam
1783 1909 1893 1974 dedit.

1063 2026 1232 2092 Ordinem
1245 2048 1272 2090 s.
1282 2027 1323 2090 B.
1336 2028 1519 2111 ingressus
1531 2031 1578 2091 ad
1591 2030 1797 2093 sollemnem
1811 2052 1893 2113 pro·
1956 2056 1962 2073 ·

1062 2149 1253 2213 sessionem
1277 2150 1453 2212 admissus
1474 2160 1529 2213 est
1550 2151 1608 2213 die
1637 2172 1661 2215 1.
1682 2150 1770 2213 Maii
1800 2155 1892 2216 1825.

1063 2272 1240 2336 Ascendit
1256 2274 1301 2334 ad
1315 2272 1552 2335 sacerdotium
1565 2273 1622 2336 die
1637 2277 1684 2336 15.
1696 2274 1791 2358 Aug.
1806 2279 1886 2355 1829

1064 2396 1184 2459 Antea
1215 2396 1461 2477 subparochus
1491 2395 1670 2457 Murensis
1701 2408 1737 2459 et
1771 2406 1900 2479 postea

1069 2521 1234 2597 1841-45
1252 2525 1371 2579 100101
1386 2517 1528 2599 collegii
1545 2514 1734 2581 Sarnensis
1750 2528 1897 2582 secutus

1065 2650 1121 2704 est
1141 2641 1308 2701 abbatem
1329 2638 1364 2700 in
1385 2658 1515 2701 novum
1539 2638 1754 2701 domicilium
1775 2638 1893 2703 Griesi

1066 2763 1267 2842 abeuntem,
1288 2760 1409 2842 ibique
1433 2779 1576 2822 munere
1598 2761 1839 2842 cooperatoris
1861 2771 1898 2823 et

1066 2884 1262 2966 subprioris
1278 2886 1370 2946 bene
1385 2882 1529 2945 iunctus
1545 2883 1761 2946 obdormivit
1778 2883 1813 2945 in
1825 2884 1898 2946 Do·

1066 3005 1161 3069 mino
1178 3006 1235 3069 die
1254 3025 1281 3084 7.
1297 3006 1371 3068 1011.
1393 3008 1483 3084 1854.

1153 3152 1278 3207 Praeter
1293 3149 1410 3225 aliquot
1422 3167 1579 3205 sermones
1592 3161 1695 3204 extant
1707 3151 1791 3204 varia
1803 3151 1898 3224 ipsius

1066 3260 1207 3331 poimata
1228 3256 1257 3310 in
1277 3253 1363 3310 sestis
1383 3250 1490 3309 diebus
1511 3250 1663 3320 abbatum,
1687 3254 1795 3327 partim
1818 3256 1898 3330 typis

1065 3356 1552 3429 Μ11101101111100111101832-39,
1571 3358 1680 3432 partim
1701 3374 1754 3413 ms.
1778 3359 1807 3412 in
1822 3355 1896 3414 bibl.

1065 3461 1270 3520 Muto-Gries.
1286 3461 1361 3518 Cod.
1384 3477 1408 3518 1.
1429 3459 1483 3534 783
1503 3476 1530 3517 2.
1553 3476 1622 3533 114.

1152 3626 1342 3703 Chvoian
1368 3638 1611 3702 Theodorus
1633 3642 1897 3722 (Emautinus

1064 3756 1475 3847 Montserratensis),
1503 3758 1683 3823 Bohemus
1710 3760 1897 3824 1110110111-

1065 3879 1192 3958 censis,
1219 3887 1324 3939 natus
1355 3883 1450 3960 1830,
1478 3880 1662 3962 professus
1694 3886 1789 3963 1862,
1817 3903 1897 3965 pre·

1066 4003 1189 4083 sbyter
1212 4000 1395 4064 ordinatus
1420 4007 1510 4084 1863,
1527 4004 1709 4086 professor
1727 4006 1896 4069 historiae

1065 4133 1101 4186 et
1113 4123 1366 4206 geographiae,
1379 4124 1523 4207 linguae
1533 4125 1749 4199 Bohemicae
1763 4138 1799 4190 et
1808 4125 1897 4189 Ger·

1065 4245 1225 4308 manicae
1246 4244 1281 4307 in
1305 4247 1494 4328 gymnasio
1515 4246 1897 4311 Benedictino-Emau-

1064 4367 1139 4430 tino
1150 4367 1360 4430 Klattoviae
1373 4369 1551 4450 emeritus
1565 4370 1756 4452 parochiae
1769 4370 1896 4432 Emau·

1065 4489 1162 4552 tinae
1179 4486 1376 4553 Tiebes'icii
1392 4491 1666 4556 administrator.

1151 4634 1249 4711 Typis
1266 4635 1358 4691 edidit
1374 4635 1462 4691 valde
1480 4636 1581 4692 utilem
1598 4634 1728 4692 libellum
1744 4635 1782 4692 de
1795 4633 1897 4694 verbis

1065 4737 1253 4796 Germanicis
1279 4738 1499 4814 inregularibus
1523 4738 1612 4796 modo
1637 4740 1895 4797 mnemotechnico

1065 4841 1255 4899 addiscendis
1277 4862 1343 4899 cum
1364 4845 1455 4901 variis
1477 4842 1618 4918 loquendi
1639 4843 1774 4900 formulis
1795 4844 1896 4918 lingua

1065 4948 1236 5016 Bohemica‚
1252 4946 1323 5004 bina
1339 4949 1397 5004 iam
1413 4951 1480 5005 vice
1496 4948 1619 5016 editum,
1636 4948 1753 5021 Pragae
1769 4950 1896 5025 proprio

1065 5064 1185 5128 sumptu
1205 5052 1295 5126 1879,
1313 5053 1363 5127 qui
1381 5051 1498 5109 libellus
1514 5070 1571 5127 pro
1587 5052 1700 5109 scholis
1720 5072 1787 5109 cum
1807 5051 1896 5109 laude

1066 5169 1112 5213 est
1128 5155 1352 5213 commendatus
1369 5170 1399 5213 01
1415 5158 1640 5232 inscriptionem
1656 5154 1762 5214 habet:

1152 5296 1305 5352 Ndmecka
1331 5296 1494 5353 casoslova
1523 5297 1740 5373 nepravidelna
1763 5316 1895 5354 mnemo-

1066 5400 1225 5476 technicky
1246 5399 1411 5478 uspoladal
1432 5419 1450 5456 a
1471 5400 1598 5458 11010νὶ111
1622 5402 1733 5477 opatlil
1749 5401 1896 5458 Theodor

1633 5503 1669 5551 61
