4178 6196
901 413 1183 498 ...396-

172 615 304 698 gorius,
322 612 585 687 administrator
600 611 635 673 in
653 612 907 694 temporalibus
921 631 1002 674 con·

172 739 318 801 stitutus
335 736 467 799 nullum
480 755 551 797 non
563 734 673 797 movit
685 734 850 817 lapidem,
868 746 906 797 ut
919 755 1000 797 con-

173 880 288 924 nexus
314 857 551 941 Raigradium
582 856 673 919 inter
700 868 735 919 et
762 858 1002 920 Bievnovium

173 1004 239 1066 per
255 985 442 1044 decursum
458 979 629 1061 temporis
646 980 852 1061 ceteroquin
869 1000 906 1042 re
923 980 1002 1062 ipsa

173 1106 401 1196 iampridem
422 1105 571 1184 solutuS,
596 1103 875 1185 disrumperetur
895 1114 1003 1184 atque

172 1229 421 1312 praepositura
432 1237 553 1288 nostra
563 1224 825 1306 suiiurisfacta,
836 1234 1004 1308 exempta

175 1363 210 1414 et
237 1351 349 1412 libera
378 1360 413 1412 et
440 1348 515 1410 iure
540 1347 721 1430 proprium
745 1347 812 1408 sibi
837 1349 1004 1410 abbatem

175 1473 330 1556 eligendi
348 1474 516 1534 decorata
532 1470 747 1532 authoritate
761 1489 928 1532 caesarea
946 1471 1005 1531 de-

176 1598 379 1659 clararetur.
415 1592 494 1674 Qua
525 1593 569 1654 de
602 1612 709 1654 causa
737 1593 857 1654 oblato
883 1592 1003 1654 libello

178 1717 340 1800 supplici,
357 1715 566 1779 necessariis
584 1715 802 1797 argumentis
820 1715 1003 1796 instruct0,

176 1860 379 1904 caesaream
392 1839 615 1901 maiestatem
628 1836 855 1898 Franciscum
868 1837 893 1900 I.
910 1836 1004 1917 ipse·

174 1975 247 2027 met
284 1961 479 2044 Gregorius
517 1960 683 2042 precibus
720 1979 913 2042 aggressus
950 1969 1004 2021 est

174 2099 247 2149 tam
263 2085 358 2147 felici
375 2094 516 2165 eventu,
530 2094 569 2144 ut
582 2081 858 2145 clementissima
871 2084 1004 2144 resolu-

175 2210 271 2272 tione
300 2208 336 2270 C.
362 2207 409 2270 R.
438 2207 510 2269 dto.
532 2205 694 2268 Viennae
723 2226 772 2267 22.
793 2204 897 2267 Mart.
925 2208 1003 2266 1813

175 2330 427 2394 monasterium
450 2331 496 2391 ab
519 2329 611 2390 omni
633 2347 727 2390 nexu
752 2347 831 2390 cum
847 2328 1005 2389 Breuno-

175 2453 357 2516 viensibus
373 2452 522 2514 liberum
539 2451 780 2512 declararetur
796 2459 831 2512 et
847 2450 882 2511 in
895 2451 1005 2511 abba·

175 2576 260 2639 tiam
278 2575 497 2638 eveheretur.
521 2573 642 2653 Atque
655 2572 715 2653 ita,
731 2570 907 2652 quodiam
925 2576 1003 2633 11183

176 2710 211 2761 et
224 2703 302 2776 1743
317 2706 493 2759 tentatum
508 2704 593 2774 erat,
607 2695 719 2757 libera
732 2695 902 2756 abbatum
915 2695 1006 2756 elec-

176 2821 272 2883 tione
298 2819 565 2882 administrator
587 2816 857 2899 Nigrofanensis
882 2816 1005 2898 Augu-

176 2944 289 3006 stinus
305 2943 421 3023 Koch,
443 2942 548 3003 homo
572 2940 653 3021 pius
672 2949 707 3001 et
724 2940 885 3021 devotus,
910 2959 1006 3001 scru-

176 3065 264 3127 tinio
281 3065 325 3126 de
343 3084 385 3125 ea
406 3083 444 3125 re
465 3067 512 3125 18.
529 3061 616 3124 Maii
637 3067 715 3124 1813
733 3061 855 3124 habito
872 3062 1005 3144 primus

174 3187 214 3250 fit
236 3186 512 3269 Raigradiensis
537 3187 660 3246 abbas
691 3182 887 3266 Gregorius
910 3183 1007 3264 prior

175 3328 272 3391 vero,
296 3328 426 3390 parens
449 3307 665 3387 effectorque
688 3325 802 3368 novae
827 3306 1004 3386 abbatiae,

176 3431 232 3493 cui
245 3431 436 3512 episcopus
450 3449 564 3510 aeque
578 3428 839 3511 acgubernium
854 3447 1004 3490 summo-

175 3573 261 3635 pere
282 3552 463 3632 favebant,
486 3572 549 3634 spe
571 3550 665 3614 omni
688 3552 914 3633 praelaturae
935 3550 1006 3613 fru-

175 3683 318 3754 stratuS,
337 3675 371 3736 11
389 3694 493 3754 quem
510 3674 630 3736 tritum
647 3674 747 3735 illud:
767 3675 896 3755 ,semel
910 3673 1006 3755 prior

176 3817 354 3877 nunquam
372 3796 504 3858 abbas“
523 3796 711 3859 veritatem
725 3806 926 3859 assecutum
941 3805 1005 3863 est.

175 3930 362 3982 vacantem
388 3919 518 3980 exinde
545 3918 748 4000 parochiam
771 3917 1006 4000 Nigrofanen-

175 4061 250 4103 sem
267 4040 425 4121 suscepit
442 4040 766 4120 administrandam,
789 4060 901 4120 usque
923 4042 1006 4101 dum

175 4163 341 4245 precibus
357 4162 498 4224 abbatis
515 4161 710 4243 Augustini
727 4171 924 4223 commotus
941 4180 1005 4223 nec

176 4306 246 4348 non
262 4286 440 4348 adnuente
454 4285 624 4366 episcopo
634 4284 810 4346 Brunensi
826 4284 890 4364 ,de
904 4284 1005 4365 quo“,

176 4417 215 4470 ut
238 4408 371 4489 scribit,
398 4427 487 4488 ,non
513 4408 588 4469 sine
614 4406 845 4469 fundamento
871 4407 1006 4488 sperari

176 4531 270 4612 licet,
284 4532 437 4593 eundem
450 4529 557 4593 officii
570 4531 624 4592 sui
637 4530 808 4612 partibuS,
827 4531 925 4593 cuius
937 4531 1006 4592 iam

177 4654 408 4733 comprobata
431 4653 642 4714 documenta
665 4653 827 4734 dederat,
849 4672 915 4734 pro
935 4672 1006 4713 ma-

176 4774 241 4837 iori
256 4773 325 4836 Dei
343 4773 467 4855 gloria,
485 4793 575 4837 mon.
592 4774 719 4856 Raigr.
737 4787 772 4837 et
790 4773 1006 4856 reipublicae

176 4896 393 4958 incremento
411 4915 457 4957 ex
474 4915 554 4957 asse
570 4896 854 4977 responsurum“,
871 4896 949 4957 loco
966 4895 1005 4956 P.

177 5018 278 5080 Pauli
297 5019 437 5081 31111.
459 5021 537 5095 1814
556 5019 713 5080 secunda
729 5019 807 5080 vice
829 5018 1007 5100 prioratus

177 5139 332 5201 officium
362 5151 470 5220 atque
501 5160 590 5202 onus
622 5160 687 5202 nec
715 5160 785 5202 non
816 5139 1006 5220 parochiae

176 5261 450 5343 Raigradiensis
472 5261 788 5325 administrationis
808 5270 929 5342 partes
951 5280 1007 5322 51-

178 5384 302 5466 scepit,
320 5393 355 5445 et
374 5404 443 5465 qua
459 5385 541 5446 talis
558 5389 636 5446 1815
653 5384 710 5446 die
723 5406 753 5464 4.
764 5384 852 5464 Apr.
868 5403 937 5464 qua
950 5383 1007 5445 die

1082 611 1212 676 festum
1225 634 1252 677 5.
1266 615 1454 678 Benedicti
1470 615 1681 678 translatum
1695 617 1921 679 celebratum

1082 734 1159 817 fuit,
1176 736 1238 798 vix
1254 757 1323 799 non
1339 738 1430 801 inter
1447 738 1617 800 convivas
1634 738 1829 820 apoplexia
1842 750 1921 802 tac·

1083 868 1151 938 tus,
1161 859 1217 921 die
1227 859 1609 942 sequentifatiscessit,
1620 860 1673 923 vir
1682 862 1727 923 de
1736 871 1920 924 monaste·

1083 981 1135 1042 rio
1152 981 1285 1062 optime
1300 983 1523 1065 111011111115,
1545 983 1645 1046 cuius
1669 984 1788 1066 imago
1811 983 1919 1046 seriei

1083 1104 1369 1193 praepositorum
1392 1105 1525 1167 inserta
1544 1105 1730 1186 hucusque
1753 1104 1791 1168 in
1813 1126 1920 1188 prae·

1084 1224 1198 1288 latura
1221 1226 1447 1307 conspicitur.
1470 1226 1539 1290 Die
1562 1248 1590 1307 7.
1608 1228 1696 1310 Apr.
1717 1249 1784 1310 per
1805 1231 1919 1291 abba·

1084 1359 1157 1410 tem
1173 1348 1545 1413 Vetero·Brunensem
1568 1351 1805 1414 Benedictum
1820 1351 1920 1414 Eder

1085 1489 1214 1551 corpus
1225 1470 1394 1552 defuncti,
1407 1491 1537 1554 magno
1549 1473 1674 1554 populi
1687 1482 1723 1535 et
1735 1472 1821 1537 cleri
1835 1495 1918 1536 con·

1085 1613 1189 1655 cursu
1206 1595 1410 1676 sepulturae
1426 1595 1594 1657 traditum
1611 1596 1646 1657 in
1659 1597 1876 1659 coemeterio
1889 1618 1915 1661 s.

1085 1714 1207 1778 Crucis
1221 1716 1420 1798 Raigradii.
1438 1716 1633 1799 Gregorius
1647 1716 1835 1800 Sazavsky
1851 1739 1913 1782 no·

1083 1848 1156 1900 ster
1171 1858 1217 1900 10.
1227 1839 1313 1902 Maii
1327 1843 1404 1901 1813
1420 1840 1511 1902 inter
1523 1840 1709 1921 primarios
1722 1861 1815 1903 anno
1832 1846 1909 1904 1811

1084 1970 1225 2023 erectae
1242 1980 1333 2023 caes.
1351 1981 1424 2044 reg.
1442 1961 1624 2024 societatis
1642 1964 1687 2024 ad
1700 1982 1913 2044 promoven·

1087 2084 1167 2145 dam
1181 2103 1253 2145 rem
1266 2084 1452 2166 agrariam,
1467 2085 1650 2147 scientiam
1664 2086 1865 2148 naturalem
1881 2094 1916 2149 et

1085 2205 1267 2268 historiam
1290 2206 1473 2268 Morauiae
1498 2217 1553 2269 est
1579 2220 1783 2290 susceptuS,
1807 2217 1915 2291 atque

1085 2330 1230 2391 brevem
1243 2328 1338 2390 vitae
1352 2329 1427 2391 eius
1440 2330 1745 2392 adumbrationem
1758 2331 1795 2392 in
1807 2350 1916 2412 opere

1085 2452 1131 2511 ab
1155 2451 1263 2512 Henr.
1282 2451 1413 2513 Czikan
1438 2470 1529 2513 1110
1556 2456 1633 2523 1812
1652 2451 1796 2515 Brunae
1820 2453 1917 2536 typis

1086 2573 1181 2635 edito
1210 2575 1276 2635 sub
1304 2573 1422 2635 titulo:
1453 2574 1541 2656 ,Die
1568 2575 1745 2636 lebenden
1769 2573 1916 2638 Schrift-

1086 2697 1205 2757 steller
1221 2695 1408 2758 Mahrens“
1434 2696 1637 2777 (scriptores
1659 2696 1719 2776 qui
1735 2697 1862 2760 vivunt
1883 2698 1916 2758 in

1085 2818 1259 2899 Morauia)
1269 2819 1443 2881 benevole
1452 2821 1573 2900 lector,
1584 2819 1612 2880 si
1625 2820 1726 2881 lubet
1734 2819 1914 2901 inspicias.

1173 2958 1341 3041 Syllabus
1359 2960 1511 3022 omnium
1528 2979 1674 3041 operum
1691 2959 1731 3023 P.
1749 2957 1915 3043 Gregorii

1087 3080 1289 3162 Sazavsky:

1299 3256 1335 3337 a)
1353 3255 1382 3316 T
1385 3255 1466 3336 ypis
1483 3255 1704 3336 prodierunt:

1172 3400 1194 3455 1.
1212 3399 1398 3455 Griindliche
1410 3399 1603 3471 Anneisung,
1620 3397 1827 3455 Nadelbaume
1839 3400 1914 3455 nach

1086 3505 1140 3560 der
1167 3504 1433 3578 mathematischen
1457 3504 1642 3576 Richtigkeit
1669 3523 1703 3558 zu
1731 3502 1913 3560 berechnen.

1087 3607 1346 3682 Herausgegeben
1369 3627 1428 3664 101
1446 3608 1483 3667 G.
1501 3607 1532 3663 S.
1551 3608 1685 3663 Localen
1703 3609 1731 3662 in
1749 3608 1913 3664 Domaiov.

1086 3713 1140 3770 Als
1167 3715 1213 3769 ein
1230 3713 1359 3787 Anhang
1382 3732 1418 3768 zu
1439 3712 1505 3768 dem
1528 3731 1585 3767 neu
1608 3711 1793 3768 erfundenen
1809 3713 1915 3769 81111-

1087 3837 1212 3874 messer.
1234 3813 1309 3893 (1.1.
1332 3817 1492 3873 instructio
1514 3817 1551 3872 de
1573 3819 1690 3872 ratione
1707 3816 1916 3873 mathematica

1086 3921 1213 3978 arbores
1230 3921 1309 3977 soliis
1328 3923 1459 3996 pinnatis
1476 3918 1669 3999 dimetiendi.)
1691 3922 1819 3988 Brunae,
1837 3923 1915 3997 typis

1086 4026 1292 4094 Siedlerianis,
1322 4027 1351 4080 in
1380 4027 1592 4081 commissione
1616 4024 1743 4098 Georgii
1768 4024 1867 4086 Gastl.
1891 4045 1913 4081 5.
2000 4046 2003 4051 ·

1086 4150 1173 4187 1110.
1199 4130 1240 4186 8⁰.
1266 4129 1283 4186 8
1307 4129 1358 4185 101.
1384 4130 1416 4184 11
1441 4144 1544 4185 nostra
1565 4126 1637 4184 bibl.
1662 4127 1719 4184 sub
1744 4129 1797 4183 81.
1821 4142 1914 4201 3113.

1087 4235 1172 4310 Sign.
1191 4235 1226 4290 R.
1244 4253 1270 4289 e.
1288 4248 1339 4305 31.
1357 4235 1412 4290 No.
1432 4249 1481 4289 22.

1172 4340 1209 4396 II.
1234 4338 1406 4395 Unterricht
1431 4337 1506 4394 iiber
1526 4337 1583 4393 den
1601 4337 1764 4394 Gebrauch
1786 4338 1840 4393 des
1856 4355 1915 4394 von

1086 4444 1125 4500 G.
1147 4443 1178 4499 S.
1203 4443 1338 4499 Localen
1362 4462 1397 4497 zu
1422 4443 1577 4498 Domalor
1603 4440 1786 4497 ersundenen
1810 4442 1916 4497 81111-

1087 4568 1227 4605 messere.
1253 4545 1281 4625 (i.
1303 4566 1329 4604 1.
1351 4548 1512 4604 instructio
1534 4547 1571 4602 de
1592 4566 1647 4602 usu
1669 4548 1857 4603 instrumenti
1879 4544 1915 4602 ad

1086 4652 1282 4710 dimetiendas
1299 4650 1448 4730 arbores.)
1466 4653 1593 4719 Brunae‚
1605 4651 1695 4724 1807.
1706 4652 1789 4707 Ioan.
1800 4651 1915 4724 Georg.

1086 4758 1183 4815 Gastl.
1207 4757 1247 4814 8⁰.
1276 4772 1309 4829 13
1328 4778 1357 4833 p.
1381 4758 1454 4813 Cum
1472 4773 1490 4829 4
1508 4757 1576 4811 1111.
1602 4757 1634 4811 11
1651 4769 1755 4812 nostra
1771 4754 1843 4813 bibl.
1860 4754 1915 4812 sub

1086 4864 1162 4919 Msn.
1181 4861 1273 4935 5654.
1299 4864 1385 4918 Misc.
1418 4863 1534 4918 Horum
1559 4879 1684 4936 operum
1707 4863 1914 4916 recensionem

1088 4970 1222 5044 reperies
1243 4970 1272 5023 in
1290 4967 1494 5043 ephemeride:
1519 4965 1787 5037 „Vaterlandische
1803 4965 1915 5020 Blatter

1088 5073 1133 5129 siir
1146 5072 1203 5129 den
1217 5071 1489 5128 dsterreichischen
1499 5073 1718 5126 Kaiserstaat.“
1730 5071 1806 5125 Nou.
1827 5067 1913 5126 1808.

1114 5192 1148 5233 12
1190 5219 1196 5232 .

1088 5194 1106 5250 4
1167 5196 1226 5337 1iii.
1243 5280 1323 5337 Vidit
1340 5277 1501 5346 Abraham,
1519 5281 1547 5334 11
1565 5285 1643 5351 50⁰¹⁰
1655 5278 1744 5334 natali
1762 5279 1794 5335 P.
1811 5278 1914 5352 Augu·

1087 5387 1156 5442 stini
1168 5387 1256 5442 Koch
1270 5385 1340 5442 Ben.
1354 5385 1456 5460 Raigr.
1474 5385 1568 5439 curati
1581 5382 1811 5458 Nigrosanensis
1823 5401 1842 5438 a
1854 5383 1914 5439 suis
