4178 6196
921 447 1202 517 -520-

190 643 442 716 compararunt
465 652 647 695 numerum
664 643 772 713 atque
785 630 1020 713 prof.Woln>'¹

190 758 276 820 viris
297 757 453 837 optimae
475 755 602 825 famae,
624 754 675 816 uti
696 754 822 815 baroni
842 753 1020 834 Hormayr

191 890 227 942 et
254 879 347 961 patri
375 877 591 960 philologiae
620 876 775 938 slavicae
802 875 1020 956 Dobrovskv'r

190 1013 311 1065 notum
325 1010 361 1063 et
373 999 583 1062 familiarem
595 999 723 1061 fecere.
741 997 857 1078 Quum
871 997 905 1060 in
918 1017 1020 1079 prae-

188 1124 401 1188 lectionibus
417 1122 490 1184 suis
505 1121 682 1183 historicis
695 1129 885 1201 angustum
899 1130 935 1183 et
947 1139 1020 1182 mo·

187 1248 316 1309 lestum
334 1245 384 1307 illi
402 1255 497 1307 esset
521 1244 573 1305 uti
592 1242 691 1304 libris
715 1242 947 1324 praescriptis
968 1251 1019 1304 at-

189 1389 257 1450 que
281 1368 377 1431 acies
401 1365 536 1448 ingenii
558 1365 612 1427 sui
632 1366 696 1426 hos
720 1384 791 1426 non
816 1365 1020 1426 commodos

187 1486 902 1572 perspiceret,praelectionespropriasin
912 1505 1018 1548 unum

187 1613 356 1674 collectas
372 1631 435 1673 seu
451 1611 579 1672 librum
601 1611 645 1671 de
664 1608 811 1672 historia
827 1607 1018 1670 universali

188 1734 388 1814 (Lehrbuch
406 1734 469 1794 der
483 1732 720 1813 allgemeinen
729 1729 1016 1812 Weltgeschich-

185 1857 250 1936 te),
271 1854 450 1935 Viennae,
478 1859 575 1936 1830,
599 1852 698 1935 typis
722 1851 844 1913 edidit.
880 1850 1016 1912 Eodem

185 1998 278 2040 anno
309 1977 498 2039 maximam
527 1974 711 2037 Moraviae
743 1982 882 2055 partem
914 1992 1016 2054 pera-

184 2099 318 2182 gravit,
350 2099 481 2179 ubique
509 2098 666 2159 locorum
694 2098 739 2158 ad
767 2116 891 2177 opera,
923 2115 1016 2176 quae

184 2225 348 2303 parabat,
370 2221 496 2282 silvam
512 2240 627 2282 rerum
644 2220 769 2281 sedula
792 2238 898 2280 manu
922 2237 1015 2280 com·

183 2362 313 2424 parans
328 2352 435 2423 atque
445 2342 613 2404 continua
626 2341 774 2403 fontium
784 2341 1015 2424 indagatione

182 2465 412 2547 epistolarum
429 2484 543 2545 aeque
564 2484 605 2525 ac
626 2464 799 2526 sermonis
815 2463 1015 2545 praesentis

181 2606 344 2648 connexu
366 2607 445 2648 cum
462 2586 548 2648 viris
568 2587 763 2667 praeclaris
783 2585 1014 2667 historiogra-

180 2709 270 2790 phis,
287 2709 496 2790 Hormayer,
520 2708 640 2788 Knoll,
662 2708 787 2770 Bocek
804 2728 846 2770 ac
862 2707 1014 2769 Richter

181 2839 247 2893 etc.
275 2831 418 2892 modum
441 2830 574 2911 optime
602 2839 831 2911 perspectum
856 2830 1013 2890 habebat

180 2971 250 3034 quo
267 2952 425 3042 collectis
442 2950 611 3033 uteretur,
628 2953 750 3031 sicque
767 2951 868 3012 annis
889 2955 1013 3012 1835-

184 3079 262 3152 1842
292 3093 383 3156 opus
416 3074 504 3157 „Die
532 3073 836 3155 Markgrafschaft
863 3073 1011 3135 lllahren

1105 631 1257 691 vendam
1271 628 1456 692 scientiam
1468 629 1693 710 antiquitatis
1701 631 1859 694 Hafniae
1868 642 1937 696 etc.

1100 752 1141 813 In
1158 751 1331 815 electione
1353 751 1495 814 abbatis
1517 772 1609 815 anno
1634 758 1713 816 1832
1738 756 1935 817 secundum

1099 875 1227 936 meruit
1242 875 1358 937 locum
1367 874 1502 955 Wolny
1520 875 1611 937 inter
1623 877 1836 939 candidatos
1850 898 1934 958 qua-

1101 1006 1191 1078 tuor,
1213 996 1307 1058 votis
1328 996 1398 1078 ipsi
1421 995 1711 1078 suffragantibus
1736 996 1826 1060 Cum
1850 1018 1933 1061 vero

1099 1117 1318 1181 labefactata
1337 1119 1516 1180 laboraret
1532 1118 1747 1201 valetudine,
1770 1120 1841 1183 iam
1863 1120 1933 1202 pri-

1101 1241 1181 1302 dem
1198 1241 1311 1321 petiit,
1328 1253 1367 1302 ut
1383 1241 1452 1303 sibi
1469 1242 1613 1304 daretur
1629 1242 1808 1305 absolutio
1823 1263 1844 1305 a
1856 1244 1932 1324 phi·

1099 1362 1232 1443 lologia
1261 1363 1437 1443 docenda,
1466 1363 1523 1425 cui
1553 1363 1667 1425 minus
1699 1363 1865 1446 favebat,
1896 1375 1932 1428 et

1099 1483 1261 1563 quamvis
1282 1484 1430 1564 proinde
1452 1504 1582 1546 novum
1605 1484 1796 1549 accidisset
1812 1506 1931 1549 mona·

1099 1604 1209 1667 sterio
1225 1606 1480 1687 Raigradiensi
1505 1626 1594 1669 onus
1616 1609 1842 1671 sustentandi
1861 1618 1930 1672 ter-

1098 1726 1185 1788 tium
1202 1728 1344 1789 Brunae
1358 1728 1607 1811 professorem,
1620 1730 1714 1794 votis
1724 1740 1846 1793 tamen
1858 1731 1930 1794 fac·

1098 1859 1171 1911 tum
1188 1849 1316 1913 fuisset
1332 1852 1419 1913 satis
1431 1852 1497 1914 viri
1512 1853 1653 1916 omnino
1666 1853 1881 1916 meritissimi
1895 1865 1929 1916 et

1097 1991 1205 2053 opere
1223 1973 1370 2055 insignis
1387 1985 1422 2037 et
1439 1995 1504 2057 pro
1517 1975 1633 2056 patria
1650 1977 1926 2059 occupatissimi,

1097 2094 1127 2155 si
1142 2095 1326 2158 individua
1342 2097 1470 2159 idonea
1486 2097 1685 2161 adfuissent
1697 2118 1764 2180 pro
1777 2100 1927 2181 disposi-

1096 2216 1201 2281 tione.
1226 2218 1266 2279 In
1282 2219 1375 2281 hunc
1391 2218 1496 2282 finem
1518 2221 1587 2283 iam
1604 2240 1697 2283 anno
1718 2226 1798 2284 1838
1816 2223 1926 2285 1).Ιᾶ-

1096 2341 1206 2401 cobus
1225 2338 1421 2403 Schneider
1441 2361 1480 2404 se
1502 2363 1566 2423 pro
1588 2344 1757 2406 cathedra
1778 2345 1926 2424 philolo·

1095 2460 1177 2543 giae
1195 2463 1437 2544 praeparavit,
1457 2484 1503 2526 ex
1521 2485 1634 2546 eaque
1652 2466 1758 2527 etiam
1775 2485 1925 2528 examen

1095 2582 1129 2643 in
1152 2583 1383 2647 universitate
1407 2587 1539 2648 subivit
1557 2588 1723 2650 eminenti
1745 2607 1826 2650 cum
1847 2609 1924 2671 pro·

1093 2724 1230 2786 gressu.
1266 2707 1337 2769 Ast
1364 2707 1555 2788 impeditus
1582 2709 1804 2791 infirmitate,
1833 2731 1922 2792 quae

1093 2828 1348 2908 occupationes
1379 2830 1571 2892 litterarias
1602 2832 1853 2914 dissuadebat,
1884 2833 1922 2896 P.

1093 2947 1288 3031 Gregorius
1301 2972 1390 3014 onus
1404 2950 1511 3014 officii
1524 2955 1617 3016 ultra
1630 2955 1806 3017 sustinere
1819 2974 1923 3038 coge·

1091 3072 1207 3151 batur,
1232 3074 1344 3135 donec
1369 3074 1469 3135 Beda
1492 3075 1624 3156 Dudlk,
1652 3085 1736 3138 tunc
1764 3078 1921 3156 clericus,

179 3196 477 3279 topographisch,
505 3196 703 3259 statistisch
727 3197 799 3258 und
823 3196 1011 3257 historisch
1050 3186 1052 3279 l
1093 3193 1210 3254 studia
1237 3195 1440 3277 theologica
1468 3196 1677 3269 absolverit;
1706 3200 1802 3278 quod
1831 3220 1921 3262 anno

178 3318 416 3400 geschildert“
442 3279 571 3381 ortum0
582 3329 645 3381 est.
674 3319 715 3381 ln
739 3320 863 3398 hocce,
888 3318 922 3380 in
946 3339 1011 3379 sex

178 3452 294 3502 tomos
312 3443 506 3503 secundum
529 3461 594 3503 sex
618 3450 702 3503 tunc
724 3441 921 3503 existentes
945 3441 1010 3503 cir-

178 3563 275 3623 culos
290 3563 480 3624 distributo
499 3582 618 3644 opere,
629 3563 794 3625 dedicato
807 3562 1010 3625 Maecenati

178 3702 252 3762 suo,
270 3703 435 3764 supremo
453 3685 685 3746 cancellariae
699 3704 888 3746 caesareae
905 3704 1008 3765 prae·

176 3804 282 3884 fect0,
300 3805 458 3866 Antonio
479 3806 508 3866 F
510 3806 682 3868 riederico
704 3806 824 3868 comiti
845 3806 1009 3869 Mittrov-

177 3927 255 4009 sky,
263 3937 465 3989 accuratam
475 3927 927 3990 marchionatusMoraviae
937 3938 1008 3990 stu·

176 4049 244 4111 diis
261 4059 503 4129 comparatam
517 4048 702 4110 scientiam
714 4049 916 4111 historicam
929 4052 1007 4111 luce

176 4169 305 4234 clarius
333 4169 468 4250 Wolny'
492 4170 663 4242 ostendit;
687 4171 833 4233 meritus
858 4171 1006 4250 proinde

176 4293 261 4373 iure,
283 4303 322 4355 ut
338 4293 445 4354 variis
463 4292 696 4355 societatibus
713 4292 928 4355 eruditorum
946 4293 1007 4354 ad-

175 4425 427 4477 numeraretur.
464 4413 523 4477 Sic
544 4415 613 4476 iam
630 4434 723 4477 anno
744 4418 822 4476 1822
841 4414 1007 4477 Calendis

175 4536 310 4617 Aprilis
326 4537 419 4598 inter
434 4536 621 4618 primarios
634 4557 726 4599 caes
736 4557 810 4620 reg.
825 4538 1006 4600 societatis

174 4659 438 4739 promovendae
455 4658 506 4719 rei
519 4659 681 4740 agrariae
695 4669 749 4723 est
758 4660 928 4740 adscitus,
942 4680 1007 4741 per

174 4781 350 4842 celebrem
379 4777 502 4842 Chmel
532 4800 751 4862 magnopere
783 4784 1005 4844 commenda-

172 4914 245 4972 tus;
269 4903 382 4980 adzo.
401 4904 488 4982 Apr.
511 4907 591 4979 1840
606 4901 646 4964 fit
662 4905 855 4966 membrum
876 4907 922 4966 ad
943 4906 1004 4967 ho-

173 5043 276 5085 nores
301 5043 370 5085 soc.
397 5023 508 5085 musei
533 5023 672 5104 patriae
695 5045 760 5106 per
784 5026 1002 5108 Bohemiam,

172 5145 298 5206 eodem
326 5151 354 5207 8.
383 5145 469 5207 Maii
497 5148 692 5208 membrum
720 5150 1003 5229 correspondens

172 5285 243 5328 soc.
261 5266 451 5329 historicae
468 5269 503 5330 in
516 5269 759 5332 marchionatu
773 5271 1001 5333 Brandobur-

171 5387 286 5469 gensi,
304 5394 355 5451 31.
373 5387 453 5453 Oct.
475 5394 556 5469 1844
572 5410 643 5455 soc.
660 5393 782 5474 regiae
799 5394 846 5455 ad
862 5412 1000 5474 promo-

1096 3319 1177 3393 1840
1193 3316 1334 3396 accidit,
1356 3327 1392 3378 et
1413 3317 1506 3379 illico
1527 3318 1649 3380 Dudlk
1673 3322 1753 3382 loco
1777 3322 1817 3383 P.
1836 3321 1921 3385 Gre-

1090 3437 1182 3519 gorii
1206 3440 1410 3501 cathedram
1435 3440 1686 3523 philologicam
1714 3445 1920 3506 conscendit

1092 3580 1161 3640 qua
1178 3562 1350 3641 supplens
1366 3562 1565 3642 provisorio
1588 3564 1692 3624 modo
1716 3584 1783 3645 pro
1803 3565 1919 3629 futuro

1090 3702 1183 3744 anno
1200 3683 1414 3746 scholastico
1436 3688 1526 3762 1841.
1551 3685 1590 3750 P.
1605 3684 1801 3769 Gregorius
1818 3691 1918 3751 abso-

1089 3774 1184 3867 lutus
1200 3806 1373 3868 hactenus
1389 3826 1410 3868 a
1429 3807 1635 3888 professura
1651 3809 1868 3892 philologiae
1885 3824 1919 3873 et

1089 3938 1273 3990 reservata
1296 3928 1364 3990 sibi
1390 3929 1465 3990 sola
1481 3930 1628 3992 historia
1644 3931 1838 3994 universali
1859 3934 1918 3995 do·

1090 4051 1213 4118 canda,
1230 4050 1311 4130 plus
1327 4051 1475 4132 perinde
1494 4063 1621 4114 nactus
1637 4063 1692 4115 est
1708 4052 1771 4116 otii
1788 4055 1822 4117 in
1840 4075 1920 4117 con·

1089 4171 1265 4234 cinnanda
1282 4183 1319 4235 et
1335 4174 1575 4236 elucubranda
1593 4177 1832 4258 topographia
1844 4177 1919 4239 Mo·

1088 4295 1219 4357 raviae.
1244 4294 1309 4357 Est
1325 4306 1444 4357 autem
1462 4315 1552 4377 opus
1568 4298 1645 4377 hoc,
1663 4298 1707 4359 de
1725 4318 1795 4378 quo
1812 4318 1919 4381 supra

1086 4417 1156 4479 iam
1175 4416 1338 4498 diximus,
1356 4418 1497 4480 omnino
1514 4418 1664 4501 insigne,
1681 4429 1833 4502 vastum,
1851 4423 1919 4504 pri-

1088 4559 1192 4619 mum,
1217 4542 1312 4620 quod
1332 4542 1514 4621 hucusque
1538 4551 1639 4603 extat
1655 4541 1690 4604 in
1706 4541 1868 4604 Moravia
1884 4544 1918 4604 in

1086 4663 1153 4723 hoc
1169 4681 1301 4744 genere
1316 4664 1540 4744 completum,
1554 4682 1633 4725 cum
1647 4665 1766 4744 quoad
1779 4674 1917 4746 partem

1086 4783 1290 4846 historicam
1303 4784 1395 4846 ultra
1409 4804 1494 4863 7ooo
1507 4785 1751 4868 instrumenta,
1770 4805 1917 4866 quorum

1085 4907 1237 4988 plurima
1264 4905 1446 4987 incognita
1473 4916 1509 4967 et
1540 4915 1711 4988 excerpta
1741 4926 1760 4968 e
1788 4908 1917 4970 tabulis

1085 5028 1282 5110 Moraviae,
1307 5047 1456 5108 quorum
1482 5048 1544 5089 200
1564 5028 1624 5090 fol.
1649 5049 1754 5091 nemo
1778 5029 1917 5092 histori-

1084 5170 1204 5212 corum
1220 5152 1402 5230 hucusque
1424 5170 1529 5211 manu
1546 5159 1619 5211 tam
1641 5150 1786 5212 assidua
1810 5161 1847 5213 et
1866 5151 1916 5212 vi-

1083 5272 1145 5354 gili
1161 5272 1322 5353 revolvit,
1347 5271 1480 5352 publici
1503 5271 1651 5352 perinde
1674 5271 1759 5334 iuris
1780 5271 1914 5334 fecerit.

1082 5395 1270 5457 Innumera
1290 5413 1432 5476 quoque
1454 5393 1696 5474 manuscripta
1716 5395 1867 5458 collecta
1882 5395 1915 5456 ei
