4178 6196
905 424 1188 492 -128-

175 625 291 709 pictis,
308 625 419 689 sacris
435 625 542 688 etiam
559 624 728 707 reliquiis,
750 633 787 687 et
807 628 903 706 quod
923 644 1005 707 pro·

175 749 267 812 fanis
282 749 483 812 hominibus
498 748 611 810 maius
624 747 737 811 videri
750 748 827 810 vult
843 747 1005 810 omnibus

175 872 262 953 istis,
277 871 339 934 vix
355 872 495 934 Vienna
511 872 557 933 ad
573 870 693 933 divum
709 869 868 933 Blasium
887 889 1006 933 rever-

175 1015 268 1077 sum,
296 992 518 1056 amicissimis
545 993 673 1055 litteris
696 992 752 1054 bis
777 992 926 1075 dignata
950 1001 1006 1054 est

174 1118 358 1179 honorare.
389 1115 499 1177 Filius
515 1113 651 1177 Mariae
668 1113 859 1176 Therasiae
876 1113 1006 1194 primo·

175 1238 328 1322 genitus,
352 1237 544 1317 imperator
567 1236 741 1317 losephus
762 1235 816 1316 IL,
843 1234 911 1298 etsi
934 1253 1006 1297 mo-

176 1361 298 1423 nachis
314 1360 455 1422 minime
473 1359 616 1440 amicuS,
637 1366 766 1440 tamen,
790 1377 869 1419 cum
890 1375 1006 1419 sermo

174 1482 359 1545 incidisset
376 1482 420 1543 de
438 1482 569 1543 abbate
585 1499 613 1544 s.
630 1478 752 1561 Blasii,
774 1478 892 1541 dicere
909 1478 1007 1540 audi·

175 1614 233 1668 tus
254 1614 323 1667 est:
347 1603 483 1684 Optare
503 1623 552 1684 se,
575 1612 615 1665 ut
635 1601 708 1664 suis
729 1601 764 1663 in
783 1601 904 1684 regnis
921 1600 1006 1663 mul-

175 1736 232 1790 tos
248 1746 432 1790 numerare
445 1735 569 1808 posset
582 1726 733 1787 abbates
745 1724 849 1787 huius
865 1723 1006 1786 similes,

176 1836 280 1911 Alter
299 1869 452 1931 magnae
474 1847 666 1910 Theresiae
688 1844 791 1928 filius,
815 1845 1008 1927 imperator

174 1971 378 2053 Leopoldus
390 1971 435 2035 ΙΙ.
448 1973 640 2033 adeuntem
653 1978 689 2031 et
698 1968 872 2030 instanter
880 1986 1008 2049 rogare

175 2113 310 2175 ausum,
332 2112 376 2154 ne
391 2091 599 2154 Iansenistis
621 2099 657 2152 et
677 2088 909 2151 novatoribus
924 2087 1009 2149 faci-

174 2216 244 2278 lem
253 2235 373 2276 aurem
383 2213 682 2295 praeberet,haud
692 2230 800 2293 aegre
808 2209 901 2272 ferre
910 2208 1009 2272 visus

176 2346 240 2418 est,
266 2336 359 2398 serio
382 2335 574 2417 pollicitus,
599 2354 637 2397 se
659 2333 709 2414 id,
735 2333 766 2395 si
786 2351 877 2414 opus
901 2340 1007 2412 esset,

175 2459 250 2521 fore
277 2468 500 2521 testaturum.
528 2456 622 2539 Quid
648 2456 782 2536 mirum,
802 2455 896 2537 quod
916 2454 1007 2515 hanc

175 2580 321 2662 reginae
339 2581 374 2642 in
393 2582 560 2642 abbatem
579 2577 876 2641 existimationem
899 2576 1006 2638 etiam

174 2704 264 2785 regii
281 2703 430 2767 ministri
447 2714 483 2765 et
499 2703 601 2764 aulae
622 2720 788 2784 proceres
803 2700 1006 2762 habebant?

176 2825 273 2906 Quos
296 2825 389 2889 inter
411 2826 545 2906 primus
569 2843 755 2905 supremus
780 2821 1005 2884 consiliorum

175 2947 334 3011 minister
364 2948 531 3028 princeps
562 2944 719 3008 Kaunitz
751 2946 795 3005 de
825 2943 1006 3024 Rietberg

174 3071 344 3133 abbatem
360 3090 502 3152 semper
517 3067 771 3149 benignissime
794 3065 946 3147 excepit,
969 3072 1005 3126 ct

176 3194 354 3273 quondam
378 3193 413 3256 in
434 3192 524 3254 atrio
548 3191 693 3273 reginae
714 3188 806 3250 inter
827 3188 930 3270 primi
951 3207 1006 3249 or·

176 3315 267 3378 dinis
276 3315 455 3380 ministros
466 3312 701 3396 exspectanti,
711 3330 795 3374 mox
804 3331 845 3373 ac
854 3312 1004 3392 viderat,

175 3437 288 3500 amice
300 3457 489 3500 occurrens
501 3437 632 3498 blande
645 3435 818 3497 allocutus
832 3443 900 3496 est:
920 3433 1005 3518 „Ec-

176 3579 217 3622 ce
232 3559 346 3621 virum
368 3560 468 3621 iuxta
484 3578 545 3620 cor
560 3549 705 3620 meu‘m.“
731 3557 766 3618 Is
790 3556 876 3639 ipse,
899 3574 1003 3638 quem

176 3683 337 3744 extranei
354 3682 523 3745 Austriae
539 3681 726 3744 Nestorem
747 3680 929 3761 appellare
949 3697 1005 3739 so-

175 3805 307 3887 lebant,
324 3805 446 3867 abbati
460 3815 615 3885 ectypon
627 3823 728 3865 suum
741 3803 787 3864 ad
799 3802 919 3864 vivum
932 3798 1006 3862 aeri

175 3927 324 3990 incisum
340 3926 544 4008 transmisit,
565 3925 731 4005 apposita
746 3921 939 3986 honorifica
956 3921 1006 3982 in·

175 4049 382 4132 scriptione;
408 4058 443 4110 et
466 4049 563 4110 nullo
588 4067 658 4110 non
680 4056 840 4128 tempore
864 4065 903 4108 se
926 4064 1005 4106 coe-

170 4172 268 4236 nobii
289 4191 315 4234 s.
337 4170 448 4233 Blasii
472 4180 660 4251 patronum
685 4167 851 4231 ostendit.
875 4167 1002 4228 Parem

173 4295 247 4357 fere
271 4292 462 4356 amicitiam
486 4291 610 4353 abbati
634 4290 795 4352 exhibuit
819 4308 937 4351 comes
958 4289 1003 4350 de

173 4416 381 4478 Bliimichen
397 4432 583 4493 supremus
600 4413 702 4474 aulae
718 4410 950 4473 cancellarius
967 4420 1002 4472 et

172 4539 211 4602 L.
224 4537 265 4602 B.
279 4538 324 4599 de
336 4533 565 4598 Bartenstein
576 4545 661 4597 tunc
674 4533 867 4615 imperialis
883 4534 1003 4597 iudicii

172 4660 277 4722 aulici
290 4659 526 4740 vicepraeses,
540 4658 576 4719 in
588 4656 718 4719 scholis
731 4656 908 4719 Blasianis
920 4657 1002 4719 olim

173 4784 354 4846 educatus.
374 4781 500 4844 Plures
516 4782 632 4844 adhuc
648 4780 737 4842 alios
758 4780 861 4842 aulae
881 4800 1002 4843 caesa-

171 4925 255 4969 reae
286 4906 463 4968 ministros
494 4914 530 4967 et
561 4903 790 4986 collegiorum
820 4904 1002 4985 praesides

172 5027 316 5108 publica
328 5027 500 5090 litteraria
512 5026 617 5108 fama,
631 5026 806 5089 modestia
818 5035 855 5088 et
867 5045 1000 5089 morum

173 5149 340 5211 comitate
358 5149 426 5211 sibi
447 5159 482 5211 et
502 5149 717 5212 monasterio
739 5149 909 5211 devinxit.
933 5148 1001 5211 Lu-

172 5271 319 5333 dovicus
346 5271 528 5354 Eugenius
556 5272 741 5354 princeps,
772 5282 900 5353 postea
927 5273 1000 5333 dux

171 5391 483 5474 Wsrrtembergiae
503 5393 708 5475 religiosam
725 5402 761 5455 et
778 5404 913 5456 arctam
935 5411 1001 5474 per

1085 627 1258 709 epistulas
1275 647 1353 689 cum
1370 629 1502 689 abbate
1519 624 1674 688 Martino
1691 624 1783 688 fovit
1799 623 1919 687 amici-

1084 749 1180 831 tiam,
1197 760 1233 813 et
1249 753 1292 812 de
1309 750 1384 812 eius
1401 749 1500 812 obitu
1517 770 1538 811 a
1553 766 1759 811 successore
1785 748 1918 809 abbate
1975 784 1985 800 .

1084 872 1252 936 Mauritio
1283 873 1412 935 certior
1437 872 1568 953 factuS,
1599 870 1712 933 doluit
1738 870 1917 951 rescripta

1085 997 1240 1078 epistula
1252 994 1459 1058 defunctum
1475 994 1662 1076 appellans
1678 992 1774 1054 orbis
1787 992 1918 1054 eruditi

1084 1117 1381 1201 fulgentissimum
1398 1118 1525 1199 lumen,
1547 1127 1582 1179 et
1603 1114 1776 1178 ecclesiae
1794 1113 1918 1176 defen-

1085 1258 1201 1302 sorem
1216 1238 1525 1301 ferventissimum.
1543 1237 1598 1299 Ex
1615 1236 1737 1299 ordine
1750 1236 1918 1307 ecclesia·

1085 1362 1175 1425 stico
1205 1380 1340 1443 paucos
1371 1370 1509 1423 tantum
1540 1359 1684 1421 Martini
1714 1358 1849 1420 amicos
1881 1366 1917 1419 et

1085 1484 1253 1565 fautores,
1274 1484 1338 1545 sed
1358 1502 1515 1545 summae
1537 1480 1723 1563 dignitatis
1743 1479 1839 1541 viros
1858 1479 1918 1542 vel

1086 1607 1288 1669 nominasse
1305 1604 1468 1668 sufficiet.
1492 1605 1575 1684 Ipse
1600 1602 1729 1666 Christi
1755 1603 1791 1665 in
1813 1601 1918 1665 terris

1086 1729 1248 1810 vicarius,
1262 1747 1419 1791 summus
1428 1725 1685 1808 pontifexPius
1694 1724 1756 1788 VI.
1766 1725 1919 1786 eundem

1088 1872 1134 1914 ex
1153 1852 1256 1934 nigra
1278 1851 1369 1913 silva
1384 1850 1560 1912 Viennam
1583 1850 1629 1911 ad
1654 1868 1693 1910 se
1716 1846 1920 1910 venientem

1087 1983 1236 2054 paterne
1257 1982 1293 2036 et
1309 1972 1420 2035 amice
1442 1971 1595 2053 excepit,
1621 1971 1731 2033 multa
1756 1989 1836 2032 cum
1859 1968 1920 2030 illo

1088 2098 1133 2158 de
1158 2095 1378 2157 restituenda
1404 2092 1642 2156 sacerdotium
1671 2091 1763 2154 inter
1792 2099 1828 2152 et
1857 2089 1920 2151 im·

1088 2218 1225 2300 perium
1245 2215 1436 2280 concordia
1456 2213 1641 2276 conferens
1665 2212 1821 2293 consilia,
1844 2212 1919 2292 ple-

1086 2360 1233 2421 rumque
1250 2349 1369 2401 autem
1385 2336 1583 2418 pertinacia
1599 2333 1919 2398 contradicentium

1086 2462 1182 2525 elisa.
1207 2461 1354 2542 Aliquot
1377 2459 1478 2522 annis
1501 2467 1583 2539 post
1607 2477 1672 2538 per
1695 2455 1918 2519 reverendis-

1085 2584 1161 2647 sim.
1187 2583 1277 2645 dom.
1306 2580 1495 2661 Chaleppi,
1516 2589 1615 2642 rotae
1641 2579 1829 2640 Romanae
1857 2598 1918 2640 au-

1086 2707 1245 2786 ditorem,
1267 2696 1459 2766 Maitinum
1481 2704 1649 2764 abbatem
1670 2710 1836 2783 rogatum
1855 2719 1918 2762 vo·

1084 2829 1159 2910 luit,
1176 2838 1215 2891 ut
1230 2847 1294 2890 suo
1310 2826 1450 2888 nomine
1473 2834 1509 2887 et
1530 2826 1717 2907 delegatus
1737 2821 1917 2904 pontificis

1085 2951 1232 3014 dissidia
1254 2949 1347 3012 inter
1367 2947 1563 3029 principem
1586 2948 1753 3009 abbatem
1776 2944 1917 3027 Campi-

1085 3077 1278 3137 donensem
1297 3081 1334 3134 et
1354 3071 1430 3134 eius
1451 3070 1576 3132 ducale
1601 3068 1793 3151 capitulum
1819 3087 1917 3129 com·

1084 3205 1234 3277 poneret
1254 3204 1290 3256 et
1310 3213 1435 3275 pacem
1456 3192 1678 3264 restitueret;
1700 3189 1863 3272 quamvis
1881 3189 1917 3251 in

1084 3318 1220 3382 deliciis
1239 3316 1433 3396 habuisset,
1457 3313 1658 3376 sanctitatis
1683 3332 1769 3375 suae
1790 3313 1916 3374 volun·

1084 3441 1150 3505 tati
1167 3443 1424 3520 obtemperare,
1440 3437 1510 3499 iam
1523 3456 1593 3498 non
1606 3444 1757 3516 poterat,
1771 3435 1850 3496 Deo
1866 3433 1917 3494 in-

1083 3563 1185 3626 terim
1213 3562 1438 3643 disponente,
1466 3570 1505 3621 ut
1533 3558 1698 3640 princeps
1726 3554 1916 3635 Campido-

1084 3685 1203 3747 nensis
1221 3682 1353 3745 vomitu
1371 3681 1503 3744 cruoris
1520 3689 1703 3762 correptus
1720 3678 1776 3741 die
1794 3681 1823 3739 8.
1840 3678 1917 3739 Au-

1084 3807 1180 3890 gusti
1203 3805 1360 3867 eiusdem
1382 3804 1463 3865 anni
1480 3803 1576 3864 vitae
1600 3822 1687 3864 suae
1712 3811 1747 3863 et
1772 3819 1915 3862 suorum

1086 3927 1238 4010 querelis
1265 3926 1370 3988 finem
1396 3925 1541 3987 faceret.
1576 3925 1672 3986 Inter
1698 3934 1915 4005 purpuratos

1084 4048 1282 4112 numeravit
1302 4047 1435 4109 amicos
1451 4045 1667 4108 cardinalem
1685 4045 1849 4107 comitem
1871 4045 1915 4107 de

1083 4171 1242 4253 Migazzi,
1256 4168 1562 4250 archiepiscopum
1574 4168 1824 4248 Viennensem,
1839 4186 1915 4229 car-

1083 4294 1235 4357 dinalem
1255 4291 1482 4355 Franciscum
1504 4293 1548 4353 de
1571 4292 1681 4372 Rodt,
1704 4290 1912 4371 episcopum

1082 4415 1390 4479 Constantiensem
1422 4424 1457 4476 et
1484 4413 1700 4476 cardinalem
1730 4410 1912 4492 Garampi.

1081 4538 1223 4600 Elector
1239 4536 1392 4616 denique
1408 4544 1444 4597 et
1457 4534 1747 4615 archiepiscopus
1760 4533 1913 4615 Mogun·

1081 4659 1175 4721 tinus
1191 4658 1220 4720 F
1222 4658 1308 4722 ried.
1329 4660 1375 4719 ab
1396 4657 1519 4720 Erthal
1540 4656 1762 4718 amicissimis
1784 4655 1912 4718 litteris

1080 4782 1249 4843 abbatem
1265 4801 1335 4842 non
1352 4781 1462 4842 semel
1478 4779 1656 4860 salutavit,
1678 4778 1831 4840 amicum
1852 4779 1915 4840 ad·

1080 4906 1222 4966 modum
1248 4903 1416 4966 dilectum
1439 4902 1635 4984 appellans,
1662 4900 1851 4982 aliquoties
1876 4911 1914 4963 ut

1080 5025 1305 5108 Moguntium
1322 5026 1367 5087 ad
1385 5045 1423 5086 se
1440 5024 1588 5105 veniret,
1610 5023 1809 5086 humaniter
1826 5023 1914 5086 invi-

1079 5158 1202 5211 tatum.
1227 5148 1342 5229 Quam
1358 5149 1478 5229 plures
1491 5147 1579 5208 alios
1597 5166 1643 5208 cx
1662 5146 1912 5227 cardinalibus,

1081 5270 1260 5352 episcopis
1277 5281 1312 5332 et
1326 5270 1459 5333 clericis
1473 5269 1616 5332 minoris
1630 5268 1815 5351 dignitatis
1833 5288 1912 5331 cum

1080 5393 1159 5473 ipso
1176 5393 1352 5456 amicitiae
1375 5402 1411 5455 et
1433 5391 1615 5454 charitatis
1631 5391 1781 5453 vinculis
1801 5390 1913 5453 fuisse
