4178 6196
900 464 947 473 -
1005 444 1072 512 391

171 646 233 688 tate
250 632 412 688 Viennensi
428 649 485 706 pro
504 632 601 706 prima
625 630 797 704 theologiae
814 630 915 686 laurea
932 648 1005 686 con·
1043 631 1047 696 1
1084 628 1297 690 venerabilis
1314 639 1436 710 partes
1453 629 1624 692 sacristae
1644 629 1785 691 maioris
1802 629 1914 690 Brau-

172 736 329 811 sequenda
345 754 423 791 anno
441 734 546 791 salutis
563 747 653 808 1757.
671 735 777 789 artium
792 731 958 790 liberalium
975 749 1006 791 et
1084 770 1151 812 nae
1168 751 1314 832 explere
1332 751 1474 833 satagit,

172 841 382 918 philosophiae
414 841 557 914 magister
592 837 828 915 propugnandae
859 840 1002 914 suscepit.

171 947 305 1004 Viennae
331 945 482 1001 Austriae.
518 944 565 999 Ex
593 942 794 1019 typographia
821 943 1004 1000 Kaliwodia-

174 1072 221 1108 na.
247 1051 311 1107 Fol.

259 1162 371 1235 Ruth
406 1171 614 1252 Jeremias
644 1171 852 1234 Henricus
884 1173 945 1253 (de
976 1190 1003 1232 s.

170 1292 312 1355 Monte
344 1291 611 1370 Pannoniae),
643 1289 678 1352 in
707 1289 888 1353 Szobotist
915 1307 1003 1350 com.

172 1414 261 1476 Nitr.
279 1414 336 1475 (110
354 1417 405 1474 30.
423 1411 502 1475 Oct.
525 1415 603 1474 1805
623 1419 737 1491 natus,
762 1429 788 1472 s,
806 1409 929 1472 habitu
947 1409 1004 1471 die

176 1541 222 1599 15.
251 1541 326 1598 Oct.
349 1540 424 1596 1821
453 1535 607 1614 indutus,
632 1543 717 1595 vota
740 1533 925 1595 sollemnia
947 1530 1004 1594 die

176 1679 223 1737 17.
237 1659 299 1722 Iul.
317 1661 396 1736 1827
419 1656 536 1718 emisit
553 1668 589 1718 et
605 1655 776 1718 absolutis
792 1655 828 1717 in
845 1674 871 1718 s.
885 1663 1004 1716 monte

171 1802 199 1842 s.
221 1779 425 1862 theologiae
441 1777 568 1841 studiis
587 1778 643 1840 die
662 1799 712 1841 21.
731 1777 809 1841 Oct.
828 1782 907 1856 18²9
924 1796 1005 1858 pre·

173 1905 298 1986 sbyter
307 1903 492 1966 ordinatus
502 1911 566 1964 est.
589 1899 1005 1979 1829-3ostudiisvaca·

171 2028 238 2107 vit,
264 2026 392 2088 deinde
416 2042 502 2086 vero
526 2022 691 2103 Sopronii
716 2026 893 2102 1830—39,
915 2021 1004 2102 Tyr-

171 2149 299 2212 naviae
319 2151 496 2228 1831)-50,
512 2156 588 2208 tum
604 2147 720 2208 denuo
738 2142 902 2225 Sopronii
923 2145 1003 2204 1850

171 2275 299 2350 -1870
313 2268 430 2331 officio
444 2267 657 2349 professoris
670 2266 825 2328 maxima
838 2283 915 2326 cum
929 2264 1003 2324 lau-

171 2394 373 2457 defunctus
389 2401 453 2453 est.
476 2394 642 2470 1876-78
656 2389 848 2470 spiritualis
861 2387 1002 2466 ibidem,

171 2520 238 2581 hoc
255 2535 347 2579 anno
361 2515 418 2576 die
432 2519 483 2578 31.
496 2512 583 2576 Dec.
597 2532 676 2575 cum
690 2529 824 2573 summo
838 2492 1002 2588 omnium,

172 2640 233 2722 qui
246 2659 325 2702 eum
338 2646 521 2718 noverant,
539 2636 670 2715 dolore,
684 2632 877 2715 apoplexia
886 2640 1004 2695 tactus

171 2763 246 2825 vita
263 2761 379 2823 cessit.

259 2883 323 2945 Vir
337 2881 527 2964 singularis
541 2878 749 2942 eruditionis
765 2898 807 2940 ac
821 2875 1004 2938 doctrinae
1018 2949 1020 2952 g

172 3008 257 3071 nihil
273 3015 416 3089 praeter
432 3007 522 3067 hanc
539 3001 826 3065 dissertationem
845 2999 1004 3081 scripsit:

260 3131 461 3205 Wichtigkeit
478 3130 535 3185 und
548 3127 700 3201 Richtung
716 3127 771 3183 des
783 3125 938 3183 Studiums
955 3132 1005 3181 ro-

173 3239 302 3295 mischer
319 3235 486 3293 Klassiker.
510 3233 538 3310 (i.
556 3254 582 3290 e.
601 3234 712 3302 Quanti
729 3233 870 3288 momenti
886 3233 925 3287 sit
941 3243 1004 3312 stu·

173 3345 252 3400 dium
270 3345 452 3419 scriptorum
470 3341 673 3396 Romanorum
690 3351 719 3393 et
736 3356 796 3412 quo
814 3336 903 3393 modo
921 3337 1005 3391 insti·

173 3447 294 3526 tuatur.)
318 3448 352 3503 In
370 3465 474 3523 progr.
492 3464 592 3520 gymn.
611 3442 743 3519 Sopron.
766 3441 942 3515 1850-51.
960 3447 1003 3512 40.

173 3574 201 3630 1)·
219 3568 314 3626 3-5·

258 3678 442 3756 Riiiic'ka
484 3691 767 3772 Hieronymus
806 3689 1004 3774 (Bienno-

172 3810 604 3892 veno-Braunensis),
629 3830 650 3871 a
671 3809 798 3891 Tynist
822 3810 910 3872 Boh.
934 3808 1004 3872 Na-

173 3945 230 3996 tus
249 3939 298 3997 28.
314 3934 386 3995 Ian.
409 3953 488 4011 1794
506 3951 642 3993 sacram
661 3931 732 3994 divi
747 3932 934 3995 Benedicti
951 3952 1004 3995 re-

173 4057 293 4139 gulam
326 4055 383 4116 die
420 4074 465 4116 10.
494 4055 580 4116 Dec.
614 4057 693 4116 1815
725 4054 908 4136 professus
940 4062 1005 4118 est.

174 4179 371 4259 Presbyter
392 4197 438 4253 14.
456 4176 559 4237 Febr.
582 4180 659 4255 1817
686 4177 869 4240 ordinatus
886 4178 1006 4259 plures

173 4319 238 4382 per
259 4318 371 4361 annos
396 4297 550 4361 officium
574 4299 734 4381 magistri
759 4299 793 4362 in
818 4298 1005 4382 gymnasio

173 4421 373 4484 Braunensi
407 4420 591 4493 sustinuit;
629 4432 813 4503 promotus
846 4421 927 4484 dein
960 4422 1006 4484 ad

173 4565 300 4607 munus
317 4544 445 4625 prioris
463 4544 497 4605 in
514 4543 729 4607 monasterio
747 4543 1005 4607 Braunaviensi

173 4666 329 4729 officium
346 4666 448 4728 simul
471 4666 624 4728 obtinuit
639 4666 916 4749 historiographi
934 4685 1006 4728 mo·

174 4789 331 4853 nasterii.
363 4791 423 4851 Ab
442 4790 680 4852 illustrissimo
704 4790 875 4872 episcopo
893 4789 1006 4872 Regi-

174 4912 453 4974 naehradecensi
470 4913 597 4975 notarii
611 4913 826 4996 episcopalis
843 4924 879 4975 et
894 4913 1006 4976 consi-

174 5035 265 5096 liarii
289 5034 489 5097 consistorii
515 5035 730 5116 episcopalis
755 5036 931 5118 dignitate
957 5035 1007 5097 in-

175 5157 329 5240 signitus
346 5177 411 5238 per
427 5158 703 5221 misericordiam
720 5159 787 5221 Dei
813 5179 906 5221 anno
927 5163 1005 5222 1865

1170 874 1249 936 Res
1269 875 1563 937 monasteriorum
1586 893 1717 956 magna
1740 893 1819 935 cum
1839 873 1915 934 dili-

1084 997 1206 1079 gentia
1223 1005 1401 1060 scrutatus
1418 997 1575 1079 scripsit:

1171 1142 1193 1197 1.
1219 1142 1392 1198 Chronicon
1414 1141 1509 1198 breve
1527 1143 1752 1198 Bievnoviense
1773 1153 1803 1196 et
1822 1140 1914 1194 Brau-

1085 1264 1187 1302 nense.
1226 1243 1398 1323 (Appendix
1429 1246 1559 1321 catalogi
1593 1247 1803 1321 religiosorum
1835 1262 1914 1300 anno

1089 1348 1191 1428 1845.)
1216 1352 1332 1426 Pragae
1349 1354 1429 1428 typis
1447 1352 1505 1408 Th.
1523 1351 1552 1406 T
1555 1351 1639 1409 abor.
1662 1350 1704 1408 8⁰.
1722 1349 1762 1422 38
1780 1368 1809 1425 p.

1172 1473 1208 1529 11.
1227 1472 1411 1530 Geschichte
1429 1474 1483 1530 des
1499 1471 1914 1530 80101110110111111018101-

1084 1596 1144 1634 nov
1161 1578 1219 1633 und
1236 1579 1383 1634 Braunau.
1411 1575 1439 1654 (i.
1461 1597 1487 1635 0.
1508 1579 1682 1635 Monasterii
1700 1578 1914 1633 Bievnoveno·

1085 1684 1267 1740 Braunensis
1284 1681 1431 1761 historia.)
1454 1684 1537 1775 Nach
1556 1683 1719 1740 Urkunden
1736 1682 1794 1737 und
1811 1680 1914 1737 Hand·

1085 1786 1238 1844 schriften.
1263 1788 1318 1843 Me.
1340 1787 1407 1843 Vol.
1429 1802 1454 1843 1.
1472 1788 1536 1843 Fol.
1555 1785 1612 1842 661
1634 1806 1662 1862 p.

1157 1911 1222 1987 ill.
1263 1910 1473 1968 Gedenkbuch
1510 1910 1564 1966 des
1604 1906 1913 1965 Benedictinerstiftes

1084 2017 1222 2071 Braunau
1261 2018 1313 2071 mit
1354 2015 1647 2088 Beriicksichtigung
1685 2013 1738 2069 des
1773 2011 1913 2069 Urstistes

1084 2122 1225 2177 Bievnor
1241 2120 1299 2176 und
1316 2120 1370 2176 der
1386 2119 1559 2176 demselben
1576 2117 1755 2175 einverleibt
1777 2134 1914 2191 gewese-

1083 2244 1140 2282 nen
1156 2226 1280 2282 Filialen
1297 2226 1439 2300 Raigern‚
1466 2225 1549 2282 Polie
1565 2224 1625 2280 und
1642 2223 1815 2280 Wahlstatt.
1840 2218 1869 2297 (1.
1888 2239 1913 2276 0.

1082 2328 1367 2386 Libermemorialis
1381 2327 1584 2406 praelatorum
1598 2329 1849 2384 monasteriorum
1859 2344 1915 2381 nec

1084 2453 1143 2490 101
1164 2434 1290 2490 siliarum
1309 2434 1453 2507 Raigrad‚
1475 2434 1558 2490 Polie
1580 2446 1609 2489 et
1626 2427 1829 2507 Wahlstadii.)
1853 2429 1914 2485 An·

1083 2539 1186 2614 gelegt
1208 2539 1296 2610 1840.
1319 2539 1466 2595 Volumen
1480 2536 1679 2612 praegrande.
1701 2537 1726 2592 F
1728 2536 1767 2591 ol.
1790 2549 1869 2606 1454
1885 2552 1913 2608 p.

1171 2676 1417 2758 Manuscripta
1442 2676 1679 2736 adservantur
1706 2673 1740 2735 in
1769 2670 1914 2734 abbatia

1086 2798 1354 2861 Braunaviensi.

1171 2949 1399 3022 Ruzsicska
1437 2960 1615 3022 Ioannes
1656 2957 1755 3040 Nep.
1795 2957 1914 3018 Nico·
1947 2928 1949 2934 Ι

1086 3079 1178 3140 laus
1196 3079 1258 3159 (de
1276 3098 1302 3141 s,
1320 3077 1459 3140 Monte
1476 3076 1743 3157 Pannoniae),
1762 3095 1815 3139 aa.
1829 3076 1863 3138 il.
1878 3085 1913 3136 et

1085 3200 1332 3283 philosophiae
1349 3219 1413 3262 nec
1428 3220 1495 3262 non
1512 3219 1557 3261 ss.
1572 3199 1775 3280 theologiae
1789 3199 1913 3259 doctor

1086 3322 1306 3405 collegiatus,
1323 3321 1504 3384 facultatis
1520 3320 1745 3403 theologicae
1762 3320 1798 3382 in
1813 3320 1914 3402 regia

1085 3444 1311 3507 scientiarum
1329 3443 1560 3506 universitate
1570 3441 1777 3525 Hungarica
1790 3441 1914 3504 emeri-

1084 3579 1141 3630 tus
1160 3569 1325 3647 decanuS,
1349 3567 1385 3628 in
1410 3566 1633 3628 examinibus
1656 3565 1825 3647 rigorosis
1849 3583 1914 3646 pro

1085 3691 1278 3753 obtinendo
1295 3690 1409 3772 gradu
1427 3690 1632 3751 doctoratus
1654 3688 1740 3750 iuris
1754 3687 1914 3750 canonici

1085 3812 1300 3895 episcopalis
1321 3811 1553 3893 examinator,
1577 3830 1605 3876 s.
1625 3811 1720 3873 sedis
1746 3810 1915 3873 consisto·

1084 3936 1181 3998 riaIis
1205 3933 1495 3997 archiabbatialis
1520 3941 1556 3996 et
1579 3932 1754 3996 dioecesis
1771 3932 1914 4016 Eperie-

1085 4058 1213 4121 siensis
1230 4060 1410 4130 adsessor;
1436 4058 1471 4119 in
1488 4057 1676 4119 Turzovka
1701 4075 1789 4119 com.
1806 4055 1914 4117 Tren·

1087 4182 1181 4244 esen.
1199 4181 1233 4242 in
1251 4180 1435 4262 Hungaria
1462 4181 1518 4242 die
1546 4200 1592 4257 14.
1610 4179 1673 4241 111.
1695 4183 1769 4238 1811
1800 4188 1913 4257 natus,

1086 4305 1144 4366 die
1165 4310 1210 4367 ro.
1229 4302 1308 4366 Oct.
1327 4308 1407 4365 1820
1424 4321 1450 4366 s,
1464 4302 1589 4364 habitu
1606 4301 1759 4378 indutus,
1777 4299 1915 4362 emissis

1086 4429 1143 4489 die
1165 4448 1211 4489 10.
1229 4429 1313 4488 Dec.
1337 4431 1415 4489 1832
1438 4424 1531 4486 votis
1555 4423 1784 4485 sollemnibus
1801 4433 1837 4484 et
1854 4423 1915 4484 ab·
2024 4448 2026 4453 ·

1086 4549 1210 4611 solutis
1227 4549 1352 4611 studiis
1369 4545 1580 4628 theologicis
1597 4544 1654 4606 die
1669 4549 1697 4606 8.
1711 4544 1817 4608 Mart.
1835 4548 1914 4607 1835

1085 4673 1276 4754 presbyter
1286 4671 1467 4733 ordinatus
1481 4680 1544 4747 est.
1566 4667 1653 4731 Cum
1666 4668 1712 4729 ab
1725 4687 1818 4730 anno
1836 4671 1915 4744 1834

1086 4798 1211 4872 —1837
1238 4794 1399 4855 Viennae
1424 4793 1457 4854 in
1481 4791 1643 4854 instituto
1669 4791 1713 4853 de
1739 4811 1766 4854 s
1791 4790 1915 4872 Augu-

1086 4917 1179 4979 stino
1196 4917 1376 4979 nominato
1395 4915 1520 4977 studiis
1544 4913 1755 4995 theologicis
1773 4932 1837 4993 pro
1855 4914 1916 4974 ob-

1087 5039 1232 5101 tinendo
1241 5039 1356 5120 gradu
1371 5039 1577 5099 doctoratus
1589 5056 1733 5118 operam
1747 5036 1915 5116 dedisset,

1087 5181 1179 5223 anno
1193 5166 1359 5240 1837—38
1373 5161 1408 5223 in
1422 5181 1448 5222 s.
1458 5168 1577 5222 monte
1590 5179 1734 5222 munere
1749 5160 1916 5222 caerimo-

176 5289 262 5341 vota
279 5300 343 5342 sua
360 5291 441 5362 post
459 5282 716 5363 quinquaginta
733 5302 759 5345 s.
776 5282 1007 5364 professionis
1047 5237 1050 5325 1
1087 5284 1187 5346 niarii
1200 5285 1246 5346 111.
1257 5283 1389 5346 domini
1402 5281 1642 5346 archiabbatis
1656 5292 1691 5345 et
1704 5281 1915 5364 professoris

175 5422 286 5464 annos
311 5404 507 5485 renovavit,
537 5414 572 5466 et
600 5404 705 5466 hodie
730 5424 871 5487 quoque
895 5425 1006 5469 senex
1046 5335 1050 5474 1
1087 5406 1286 5489 linguarum
1304 5405 1537 5487 orientalium,
1559 5409 1724 5468 1838-53
1740 5404 1916 5488 professo-
