4178 6196
947 416 1299 509 *30⁶-,

1082 615 1085 627 Ι

212 627 287 678 tum
310 614 424 678 induit
450 615 487 678 in
513 616 728 680 monasterio
752 637 780 682 s.
804 617 983 680 Lamberti
1008 616 1043 679 in

214 737 335 822 Styria
360 741 408 801 15.
425 736 527 819 Sept.
550 743 640 821 1715,
664 739 726 802 ubi
749 739 847 803 vovit
871 739 1045 803 stabilita·

213 871 284 923 tem
303 880 352 940 27·
365 861 452 923 Dec.
470 867 562 939 1710.
579 861 767 925 Absolutis
779 861 906 925 studiis
919 862 953 924 in
966 861 1045 944 ipso

213 983 428 1047 monasterio
454 1003 518 1046 suo
544 993 581 1047 et
604 984 795 1047 celebratis
815 984 980 1067 primitiis
1004 985 1046 1066 (2.

214 1105 293 1171 Oct.
309 1108 400 1188 1718)
414 1106 530 1170 factus
541 1117 597 1171 est
606 1107 755 1171 sacrista
765 1120 800 1170 et
809 1126 955 1189 praeses
964 1127 1046 1169 con-

1124 612 1283 700 Aridam,
1305 618 1448 682 natione
1464 618 1688 699 Maronitam,
1711 627 1795 682 tunc
1817 627 1960 700 tempo-

1124 739 1171 802 ris
1187 740 1301 803 virum
1317 761 1447 824 magna
1464 741 1662 805 eruditione
1677 739 1872 824 florentem,
1895 741 1958 824 qui

1125 864 1279 927 docebat
1294 863 1451 946 linguam
1467 864 1670 944 Arabicam,
1687 883 1726 927 se
1739 862 1899 945 contulit,
1916 872 1959 925 ut

1126 985 1318 1048 reconditis
1339 986 1466 1049 litteris
1482 1006 1521 1049 se
1537 986 1720 1050 imbueret.
1744 985 1852 1048 Anno
1872 989 1956 1047 1812

1126 1109 1283 1190 suscepit
1300 1120 1336 1171 et
1352 1128 1478 1171 munus
1494 1108 1710 1190 explanandi
1726 1127 1753 1172 s.
1768 1107 1879 1170 libros
1894 1125 1959 1169 ve-

214 1229 463 1312 gregationum
489 1230 534 1291 ad
559 1249 585 1292 s.
603 1229 845 1309 Lambertum,
870 1231 1046 1312 parochus
1084 1220 1087 1336 ι
1126 1231 1211 1293 teris
1220 1230 1374 1293 foederis
1389 1242 1425 1293 et
1439 1230 1589 1294 docendi
1602 1230 1743 1312 linguas
1752 1228 1958 1311 orientaleS,

213 1351 248 1414 in
269 1351 474 1415 Edlschrott
497 1355 705 1434 (1732-37),
729 1372 874 1434 praeses
898 1371 1045 1434 congre·
1129 1358 1207 1416 1813
1226 1352 1516 1415 bibliothecarius
1533 1362 1569 1416 et
1585 1351 1801 1415 archivarius
1821 1351 1959 1422 factus;

213 1473 396 1555 gationum
406 1476 441 1538 in
450 1474 555 1537 Cellis
565 1475 605 1536 B.
615 1475 668 1556 V.,
679 1476 855 1557 parochus
863 1474 898 1536 in
909 1473 1045 1537 Scheif-
1129 1479 1296 1553 1814—18
1310 1473 1467 1539 Graecos
1483 1475 1675 1558 scriptores
1689 1476 1723 1538 in
1737 1475 1959 1558 philosophi-

213 1595 502 1678 linghqss-so),
512 1598 651 1658 demum
661 1597 889 1659 concionator
898 1605 1045 1659 etoeco-

213 1737 338 1781 nomus
362 1719 407 1780 ad
429 1716 546 1781 Cellas
568 1718 609 1780 B.
623 1719 681 1801 V.,
707 1718 767 1781 ubi
791 1718 880 1781 obiit
904 1739 933 1796 9.
957 1716 1044 1781 Dec.

219 1846 298 1920 1769
315 1841 499 1922 professus
516 1854 551 1905 et
567 1844 735 1905 sacerdos
752 1841 919 1905 iubilaris

301 1963 439 2026 Edidit:

301 2092 323 2148 l.
350 2090 460 2148 Preces
486 2090 647 2148 familiares
675 2094 703 2147 in
731 2110 816 2147 usum
841 2090 1045 2165 quotidianum
1068 2109 1072 2115 ·

554 2002 583 2047 ‘u

215 2201 383 2260 sacerdotis
400 2199 544 2273 religiosi.
569 2195 687 2271 Styrae‚
706 2197 787 2278 typis
804 2194 947 2269 Gregorii
962 2195 1045 2250 Men·

215 2305 311 2363 hardt.
333 2317 422 2377 1752.
441 2301 482 2359 8⁰.
500 2317 540 2375 99
550 2322 580 2378 p.
598 2299 735 2356 Libellus
748 2300 870 2375 saepius
886 2300 1046 2373 reimpres·

216 2429 267 2466 sus
284 2422 340 2475 est,
358 2409 428 2482 quia
441 2392 628 2462 Lambertini
645 2405 799 2479 hucusque
816 2422 853 2459 eo
870 2415 1001 2458 utuntur.

300 2515 337 2570 ll.
363 2510 564 2568 Auserlesene
584 2508 723 2564 Andacht
745 2507 797 2564 auf
817 2507 874 2563 den
896 2505 1045 2562 Geburts-

216 2619 290 2677 oder
303 2619 487 2689 Namenstag
501 2616 584 2670 eines
594 2612 683 2687 jeden
692 2612 864 2681 Menschen,
877 2609 1045 2668 bestehend

217 2726 246 2780 in
261 2725 345 2780 einer
362 2721 491 2794 Tagzeit
507 2718 566 2774 und
583 2718 711 2774 Litanei.
737 2713 765 2793 (i.
787 2735 813 2772 e.
835 2715 958 2772 Selecta
982 2717 1044 2790 pie·

216 2829 285 2885 tatis
302 2826 446 2883 exercitia
467 2826 496 2880 in
516 2822 564 2879 die
585 2822 674 2878 natali
695 2835 725 2877 et
741 2821 928 2877 onomastico
945 2821 1044 2876 cuius·

215 2935 261 2989 vis
277 2926 427 3008 hominis.)
451 2926 570 3002 Steyer,
592 2926 741 3000 gedruckt
756 2924 804 2982 bei
821 2924 945 2999 Gregor
961 2924 1043 2980 Men·

215 3037 312 3094 hardt.
335 3042 394 3092 12⁰.

301 3181 480 3255 Muchar
499 3179 549 3252 de
568 3177 675 3251 Bied
695 3186 736 3250 et
753 3177 958 3272 Rangfeld
977 3189 1044 3250 Α]-

215 3315 359 3375 bertus
383 3306 727 3392 (Admontensis),
752 3316 856 3368 natus
882 3326 931 3366 22.
953 3305 1042 3367 Nov.

220 3439 300 3514 1786
322 3433 356 3495 in
378 3431 511 3514 oppido
528 3427 701 3492 Tirolensi
717 3428 823 3491 Lienz
844 3440 961 3510 patre,
983 3427 1043 3509 qui

216 3567 292 3620 erat
309 3576 337 3617 c.
349 3575 375 3618 r.
388 3553 576 3617 fundorum
589 3551 810 3634 publicorum
822 3551 1043 3615 administra·

217 3690 282 3758 tor,
296 3677 427 3739 ibidem
441 3674 571 3736 scholis
584 3672 808 3736 inferioribus
822 3674 968 3756 egregie
982 3676 1043 3735 ab·

215 3799 340 3863 solutis
366 3796 554 3859 Graecium
580 3796 615 3857 in
640 3794 747 3858 Stiria
772 3796 898 3858 missus
929 3806 984 3858 est
1008 3795 1043 3856 in

216 3919 440 4006 philosophia
457 3917 688 3990 erudiendus3
714 3938 804 3999 quae
826 3917 943 3980 studia
965 3937 1044 3980 cum

1126 1619 1167 1662 co
1184 1598 1346 1662 instituto
1363 1599 1567 1661 monasterii
1589 1599 1894 1680 interpretabatur
1910 1598 1960 1661 si·

1125 1723 1267 1804 mulque
1284 1721 1487 1802 parochiam
1503 1721 1710 1791 Hallensem
1725 1720 1880 1783 vicarius
1902 1739 1960 1783 re·

1124 1846 1235 1927 gebat
1247 1845 1293 1906 ad
1312 1847 1406 1915 1823;
1423 1862 1487 1924 per
1500 1863 1589 1924 quos
1602 1843 1766 1906 undecim
1779 1862 1892 1906 annos
1904 1842 1960 1905 in·

1125 1976 1269 2047 gentem
1279 1967 1570 2045 membranarum,
1583 1964 1834 2046 chronicorum,
1843 1964 1959 2047 scrip-

1126 2098 1240 2150 torum
1260 2086 1519 2182 multitudinem
1535 2087 1737 2169 colligebat,
1754 2097 1961 2169 perscruta·

1126 2212 1244 2289 batur,
1270 2211 1502 2290 excerpebat,
1531 2229 1601 2290 qua
1624 2209 1773 2272 materia
1795 2218 1962 2285 uteretur

1126 2332 1195 2394 illis
1222 2331 1321 2393 libris
1345 2330 1569 2392 historiarum
1594 2328 1722 2393 Stiriae
1746 2331 1960 2410 scribendis,

1127 2455 1255 2536 quibus
1268 2455 1428 2534 Ioannes,
1442 2452 1614 2514 archidux
1627 2450 1768 2534 Stiriae,
1784 2453 1843 2515 ille
1855 2452 1959 2516 Mae·

1126 2598 1232 2641 cenas
1256 2577 1407 2639 virorum
1434 2578 1635 2656 doctorum,
1661 2576 1728 2638 iam
1753 2596 1845 2639 anno
1874 2582 1957 2639 1812

1126 2699 1320 2782 praemium
1336 2709 1581 2780 proposuerat.
1607 2699 1712 2760 Anno
1739 2703 1816 2761 1823
1843 2697 1960 2761 Grae·

1126 2823 1217 2886 cium
1234 2832 1383 2884 vocatus
1400 2820 1581 2902 professor
1597 2822 1768 2901 supplens
1783 2819 1958 2882 librorum

1125 2965 1303 3008 sacrorum
1336 2943 1468 3006 veteris
1499 2942 1671 3016 foederis;
1704 2962 1774 3025 quo
1809 2962 1957 3006 munere

1129 3073 1205 3131 1825
1219 3067 1375 3148 dimisso,
1386 3067 1421 3129 in
1432 3066 1680 3148 philosophica
1692 3065 1864 3129 facultate
1878 3066 1957 3149 phi-

1123 3191 1290 3273 lologiam
1307 3200 1342 3252 et
1359 3189 1599 3269 aestheticam,
1622 3188 1777 3252 doctoris
1797 3187 1956 3270 philoso-

1124 3312 1228 3394 phiae
1245 3311 1420 3394 dignitate
1433 3320 1568 3392 auctuS,
1581 3312 1744 3391 docebat,
1761 3310 1889 3373 decani
1902 3320 1956 3374 at-

1124 3453 1192 3517 que
1213 3433 1361 3496 rectoris
1382 3432 1624 3495 universitatis
1645 3430 1859 3494 Graecensrs
1881 3452 1956 3495 mu·
2001 3401 2008 3414 ⁸

1125 3577 1209 3619 nere
1225 3555 1368 3618 functus
1384 3573 1498 3636 usque
1514 3556 1559 3616 ad
1576 3554 1711 3616 obitum
1729 3557 1809 3632 1849
1824 3558 1852 3616 6.
1867 3555 1955 3636 Iun,

1123 3677 1214 3742 febri
1230 3696 1382 3740 nervosa
1399 3684 1592 3757 correptus
1619 3675 1691 3756 Ille,
1715 3674 1770 3738 cui
1791 3684 1845 3738 tot
1866 3686 1956 3738 tam-

1125 3821 1193 3882 que
1225 3799 1396 3882 gravibus
1428 3806 1602 3879 occupato
1633 3796 1786 3879 publicis
1816 3796 1955 3877 officiis,

1125 3923 1317 4006 quidquam
1333 3920 1503 4002 temporis
1519 3919 1644 4001 reliqui
1660 3918 1781 4000 fuisse,
1798 3918 1860 3980 vix
1881 3939 1955 3982 cre-

216 4062 381 4107 emensus
394 4052 489 4104 esset
502 4039 656 4102 maxima
668 4059 747 4102 cum
759 4041 874 4120 laude,
889 4040 1044 4102 Admon-
1083 4074 1086 4145 p
1125 4045 1275 4125 dideris,
1304 4043 1527 4106 nihilominus
1555 4041 1673 4135 munia
1701 4041 1837 4121 omnia,
1862 4061 1955 4124 quae

216 4167 308 4231 tensi
321 4163 535 4228 monasterio
545 4162 856 4225 Benedictinorum
871 4173 1045 4244 exceptus
1084 4168 1086 4244 l
1126 4178 1208 4232 sunt
1224 4167 1308 4248 eius,
1333 4167 1393 4247 qui
1418 4175 1474 4227 est
1495 4186 1516 4226 a
1536 4164 1684 4227 secretis
1705 4162 1889 4226 societatis
1905 4164 1955 4226 hi-

216 4313 237 4353 a
250 4288 451 4354 Gotthardo
465 4289 606 4368 abbate,
620 4284 746 4348 illustri
758 4286 954 4348 litterarum
970 4284 1044 4347 fau·
1084 4277 1086 4336 l
1126 4290 1256 4353 storiae
1270 4288 1410 4369 Stiriae,
1427 4288 1588 4368 privatae
1601 4286 1661 4367 rei,
1678 4296 1842 4348 strenuus
1858 4285 1956 4348 subi·

216 4423 303 4493 tore,
326 4430 418 4473 anno
444 4413 523 4470 1808
545 4407 602 4470 die
624 4412 670 4469 16.
688 4405 766 4470 Oct.
787 4406 1045 4489 professionem
1085 4414 1087 4436 ¹
1126 4415 1189 4474 bat
1205 4430 1320 4493 neque
1337 4412 1461 4473 deerat
1477 4408 1528 4491 iis,
1551 4408 1611 4491 qui
1631 4408 1857 4470 consulentes
1875 4427 1955 4471 eum

217 4533 334 4597 emisit
349 4532 565 4595 sollemnem.
587 4528 659 4592 Ubi
673 4549 751 4592 cum
768 4528 979 4610 theologicis
995 4528 1046 4590 di·
1086 4617 1088 4648 Ι
1127 4533 1283 4596 adibant.
1309 4533 1390 4614 Ipse
1408 4551 1487 4594 cum
1503 4529 1734 4612 Wartingero
1756 4528 1955 4592 archivario

217 4656 375 4738 sciplinis
384 4654 419 4716 in
430 4652 552 4734 primis
564 4651 693 4733 linguis
705 4649 936 4712 orientalibus
945 4670 1047 4731 prae·
1086 4696 1088 4727 ;
1127 4664 1250 4717 auctor
1271 4653 1452 4716 societatis
1472 4651 1662 4715 historicae
1679 4649 1808 4714 Stiriae
1826 4649 1956 4713 consti·

217 4779 357 4860 cipuam
378 4797 522 4858 operam
543 4776 713 4854 navabat,
735 4782 808 4835 tum
832 4772 972 4856 linguas
993 4793 1046 4835 re·
1087 4768 1088 4785 ¹
1126 4776 1281 4839 tuendae
1305 4786 1360 4837 est
1382 4775 1583 4854 habendus,
1612 4781 1648 4836 et
1675 4771 1821 4835 consilio
1847 4781 1884 4835 et
1907 4792 1954 4835 re.

218 4900 393 4963 centiores
406 4898 576 4980 Italicam,
590 4896 911 4979 Franco-gallicam
925 4907 960 4958 et
973 4896 1046 4958 An·
1086 4888 1089 5011 ,²
1127 4898 1201 4960 lam
1218 4917 1304 4960 vero
1326 4917 1477 4980 magnae
1499 4895 1706 4959 eruditionis
1730 4905 1765 4956 et
1789 4892 1882 4955 acris
1906 4892 1956 4956 in-

217 5021 348 5105 glicam
364 5022 536 5084 discebat.
558 5020 752 5103 Presbyter
764 5029 909 5082 ornatus
926 5039 951 5081 1.
968 5016 1046 5082 Oct.
1127 5019 1224 5102 genii
1241 5019 1392 5101 plurima
1407 5027 1544 5080 restant
1560 5017 1725 5100 exempla
1741 5016 1776 5078 in
1792 5015 1956 5079 omnibus

222 5147 302 5221 1809
320 5144 399 5206 Deo
415 5141 648 5224 omnipotenti
666 5142 814 5223 primam
837 5140 966 5203 obtulit
986 5142 1047 5203 ho·
1087 5151 1089 5237 ζ
1127 5141 1203 5204 eius
1218 5114 1444 5203 historiarum
1459 5138 1568 5220 libris,
1591 5136 1652 5219 qui
1668 5147 1853 5217 testantur,
1876 5158 1956 5201 eum

218 5264 331 5327 stiam.
345 5264 415 5326 Pro
424 5263 507 5344 acri,
518 5282 588 5344 quo
598 5274 684 5344 erat,
693 5262 889 5325 litterarum
896 5261 1046 5344 fervore,
1128 5261 1291 5325 omnibus
1307 5261 1442 5324 artibus
1457 5260 1666 5323 instructum
1682 5258 1803 5340 fuisse,
1827 5259 1956 5341 quibus

219 5405 288 5449 non
301 5392 489 5448 contentus
502 5383 1047 5467 scientiavulgari,Viennamad
1085 5340 1088 5448 l
1126 5381 1356 5468 perficiuntur
1380 5401 1504 5464 opera,
1528 5401 1620 5463 quae
1650 5391 1803 5443 aetatem
1828 5380 1954 5444 ferunt.
