4178 6196
890 497 932 504 —
978 458 1104 521 LXXI
1151 497 1192 504 —

168 689 329 770 amplexi
352 689 584 770 presbyteros
609 686 765 749 iuniores
782 686 1041 767 Vindobonam,
1059 686 1224 768 Pragam,
1242 685 1441 765 Graecium,
1461 685 1711 767 Oenipontum,
1728 686 1912 748 Pestinum

170 829 353 907 miserunt,
379 840 417 889 ut
439 826 568 890 litteris
592 826 680 888 satis
704 825 837 888 exculti
860 825 1005 906 publica
1029 826 1063 887 in
1088 825 1239 887 docendi
1270 844 1413 887 munere
1441 826 1654 888 auctoritate
1684 825 1910 888 munirentur.

171 967 370 1051 Gymnasia
401 985 522 1028 eorum
555 965 737 1046 complura
768 973 829 1025 aut
857 964 998 1026 sublata
1027 975 1125 1044 sunt,
1158 974 1196 1026 ut
1227 964 1539 1045 Iudenburgense,
1575 974 1636 1027 aut
1667 964 1702 1026 in
1733 964 1912 1046 publicam

171 1105 516 1169 administrationem
547 1103 730 1183 abierunt,
764 1112 804 1165 ut
832 1100 1064 1183 Graeciense,
1097 1100 1389 1185 Salisburgense,
1421 1102 1734 1185 Clagenfurtense;
1769 1115 1914 1168 exstant

170 1244 399 1329 gymnasium
430 1242 618 1308 Scotorum
650 1241 996 1322 Vindobonensium,
1029 1240 1252 1323 Mellicense,
1285 1240 1599 1324 Seitenstettense,
1635 1242 1910 1325 Cremifanense,

173 1384 397 1465 Meranense,
408 1384 627 1463 Braunense,
641 1381 856 1460 laurinense,
871 1378 1121 1462 Soproniense,
1136 1378 1393 1463 strigoniense,
1404 1380 1603 1464 Ginsiense,
1614 1381 1910 1464 Comaromiense,

171 1524 353 1605 Papense;
377 1522 566 1604 gymnasia
590 1520 756 1583 inferiora
780 1529 862 1583 sunt
885 1519 1080 1601 Admontii,
1105 1538 1131 1583 S.
1149 1520 1331 1590 Lamberti
1354 1521 1389 1582 in
1413 1518 1532 1600 Stiria,
1556 1541 1583 1582 s
1601 1520 1705 1583 Pauli
1729 1520 1764 1583 in
1788 1520 1910 1584 Carin-

172 1663 258 1725 thia.
294 1661 334 1723 In
358 1660 487 1724 ceteris
510 1657 734 1722 monasteriis
751 1659 861 1740 pueri,
884 1659 943 1741 qui
961 1669 1087 1721 cantus
1103 1679 1212 1722 causa
1228 1661 1378 1738 aluntur,
1399 1659 1513 1741 prima
1535 1660 1711 1743 gymnasii
1735 1661 1910 1723 elementa

174 1803 357 1863 docentur.
394 1798 459 1864 Sat
474 1799 573 1861 multi
590 1807 673 1861 sunt
689 1798 924 1878 Benedictini,
943 1798 1002 1879 qui
1019 1798 1054 1860 in
1070 1798 1362 1861 universitatibus
1379 1807 1441 1861 aut
1456 1799 1491 1860 in
1508 1819 1698 1882 puerorum
1714 1798 1911 1861 seminariis

174 1939 450 2021 episcopalibus
476 1949 514 2000 ut
537 1938 572 2001 in
597 1937 814 2000 Borromaeo
839 1935 1047 2019 Salisburgi,
1073 1937 1225 1999 docendi
1248 1956 1392 2000 munere
1415 1937 1621 2020 funguntur.

307 2078 382 2141 Nec
406 2096 477 2139 non
501 2097 565 2139 eae
589 2078 744 2157 scholae,
769 2096 858 2157 quas
882 2087 1012 2138 vocant
1037 2077 1245 2158 populareS,
1276 2077 1520 2138 Benedictinis
1544 2096 1648 2139 curae
1671 2075 1824 2140 fuerunt.
1870 2079 1910 2140 In

173 2217 334 2298 plurimis
367 2217 460 2278 enirn
491 2214 715 2278 monasteriis
748 2216 926 2279 exstincto
958 2216 1249 2297 protestantismo
1280 2227 1424 2298 praeter
1455 2218 1595 2279 scholas
1623 2216 1770 2279 Latinas
1799 2216 1910 2280 fuisse

175 2365 316 2418 constat
339 2375 411 2436 eaS,
436 2354 472 2418 in
496 2355 624 2437 quibus
647 2354 808 2437 magistri
832 2354 912 2417 laici
936 2357 1099 2417 mercede
1128 2374 1147 2417 e
1176 2355 1399 2418 monasteriis
1428 2357 1545 2418 soluta
1572 2375 1702 2436 pueros
1731 2357 1910 2420 docerent.

175 2495 341 2559 Laetiore
369 2514 455 2557 vero
488 2514 655 2557 successu
687 2496 753 2556 hae
785 2495 928 2556 scholae
960 2493 1087 2556 florere
1118 2503 1313 2576 coeperunt
1336 2495 1449 2557 Maria
1474 2495 1644 2557 Theresia
1674 2495 1908 2577 imperatrice,

176 2654 282 2716 quam
305 2633 432 2697 merito
456 2653 576 2696 earum
599 2633 835 2695 fundatricem
859 2634 895 2695 in
920 2634 1068 2696 Austria
1092 2633 1322 2696 nominamus,
1369 2633 1468 2715 Quae
1492 2644 1531 2696 ut
1556 2636 1757 2716 exemplum
1782 2654 1911 2716 propo-

176 2785 288 2853 neret,
312 2793 382 2854 quo
406 2774 549 2835 scholae
573 2775 818 2855 conderentur,
841 2793 934 2836 anno
957 2794 1033 2853 1771
1061 2777 1106 2836 ad
1124 2795 1150 2837 s,
1168 2775 1297 2836 Annae
1314 2774 1551 2837 Vindobonae
1575 2776 1731 2837 scholam
1755 2776 1909 2838 instituit

175 2925 284 2994 atque
308 2913 478 2975 Ioannem
500 2913 678 2995 Ignatium
703 2915 746 2975 de
771 2913 953 2996 Felbiger,
983 2914 1226 2994 praepositum
1249 2913 1454 2976 monasterii
1479 2913 1698 2996 Saganensis
1722 2914 1757 2975 in
1781 2912 1910 2978 Silesia

177 3051 414 3132 Borussiensi,
430 3052 545 3115 virum
561 3053 802 3134 clarissimum,
820 3053 949 3116 accivit
966 3073 1116 3136 eumque
1132 3055 1306 3116 rationem
1322 3055 1520 3116 scholarum
1535 3054 1581 3114 ab
1598 3054 1676 3134 ipso
1693 3053 1909 3134 descriptam

176 3193 221 3253 ad
247 3189 412 3253 effectum
435 3164 613 3254 adducere
636 3191 748 3255 iussit.
783 3190 988 3256 Secundum
1013 3211 1090 3254 earn
1114 3194 1257 3254 scholae
1281 3202 1382 3254 erant
1405 3201 1466 3254 aut
1489 3191 1677 3274 primariae
1702 3202 1764 3253 aut
1787 3211 1910 3254 secun-

176 3330 297 3392 dariae
322 3331 473 3413 (Haupt-
489 3332 560 3393 und
577 3330 880 3413 Trivialschulen),
905 3352 1052 3413 quarum
1076 3333 1210 3394 alterae
1233 3333 1269 3394 in
1292 3333 1435 3414 oppidis
1459 3331 1609 3413 aliisque
1633 3331 1720 3394 locis
1743 3331 1909 3413 frequen-

177 3471 342 3552 tioribus,
367 3472 500 3534 alterae
523 3472 559 3533 in
583 3472 760 3553 parochiis
785 3473 1103 3534 constituebantur.

307 3609 542 3691 Benedictini,
567 3630 658 3691 quae
683 3613 726 3673 de
751 3614 857 3673 rebus
881 3611 1102 3674 scholasticis
1127 3612 1245 3674 edicta
1268 3622 1378 3692 erant,
1403 3612 1479 3673 sine
1496 3631 1594 3673 mora
1611 3620 1851 3692 exsequentes
1876 3611 1909 3672 in

174 3749 353 3830 parochiis
377 3757 413 3810 et
436 3749 649 3811 stationibus
673 3749 946 3831 parochialibus,
972 3769 1063 3831 quae
1087 3749 1309 3812 monasteriis
1334 3760 1434 3812 erant
1450 3749 1649 3831 adiunctae,
1674 3751 1782 3812 aedes
1808 3751 1909 3812 scho-

174 3888 286 3949 larum
309 3885 590 3950 aedificaverunt
613 3898 648 3951 et
671 3888 851 3971 magistris
874 3890 1073 3951 mercedem
1098 3890 1289 3952 solverunt.
1328 3889 1450 3970 Atque
1474 3891 1645 3952 abbatum
1668 3888 1818 3971 plurimi,
1845 3889 1907 3950 im-

175 4026 296 4106 primis
320 4026 563 4090 Ehrenbertus
621 4029 647 4091 I.
681 4027 956 4090 Cremifanensis
988 4028 1135 4109 eiusque
1168 4029 1371 4108 exemplum
1403 4027 1516 4090 secuti
1539 4027 1728 4090 Mathaeus
1752 4028 1911 4089 Admon-

176 4164 286 4226 tensis
304 4028 739 4245 (mm-Hm&

718 4139 1009 4230 MLambacensis
1027 4170 1276 4250 (1746-1794),
1300 4167 1457 4248 MauruS,
1475 4169 1646 4229 abbatum
1663 4165 1910 4230 Garstensium

176 4304 319 4366 ultimus
344 4306 597 4385 (1764—1786),
622 4305 791 4369 Urbanus
807 4306 851 4369 II.
868 4307 1087 4370 ilellicensis
1104 4310 1354 4388 (1763—1785),
1378 4306 1584 4370 Dominicus
1602 4306 1911 4371 Seitenstettensis

177 4444 434 4524 (1749—1777),
468 4443 624 4526 Magnus
658 4442 903 4508 Gottvicensis
940 4448 1203 4526 (1769—1783),
1239 4445 1315 4527 alii,
1352 4445 1468 4508 edicto
1503 4445 1739 4528 imperatricis
1773 4444 1910 4507 Mariae

178 4582 369 4645 Theresiae
394 4602 486 4645 anno
515 4587 596 4661 1780
619 4584 715 4647 edito
740 4584 1150 4648 clericosVindobonam
1167 4587 1212 4647 ad
1230 4605 1256 4647 s.
1271 4586 1399 4648 Annae
1423 4584 1602 4665 miserunt,
1627 4595 1665 4646 ut
1684 4583 1910 4665 Felbigerum

177 4722 219 4783 de
243 4732 320 4783 arte
344 4722 520 4785 educandi
543 4724 683 4786 scholas
706 4725 897 4787 habentem
922 4724 1096 4806 audirent,
1121 4745 1209 4806 quas
1233 4745 1313 4787 curn
1337 4725 1492 4804 aperiret
1508 4725 1561 4786 vir
1585 4723 1619 4785 in
1642 4725 1749 4785 rebus
1773 4722 1910 4784 schola-

177 4861 274 4924 sticis
299 4861 514 4924 clarissimus
538 4864 626 4927 haec
650 4863 762 4926 edidit
785 4867 912 4927 verba:
946 4863 1034 4945 „Die
1058 4863 1206 4927 Kliister
1229 4864 1390 4945 kdnnen,
1418 4882 1521 4925 wenn
1551 4862 1601 4924 sie
1625 4862 1771 4943 wollen,
1801 4863 1911 4923 durch

176 5001 297 5063 immer
320 4999 574 5064 fortdauernde
598 5002 897 5087 Ueberlieferung
921 5005 984 5066 der
1006 5013 1117 5086 guten
1134 5002 1357 5066 Grundsiitze
1381 5023 1426 5065 an
1450 5003 1507 5065 die
1532 5002 1778 5064 eintretenden
1795 5020 1910 5063 neuen

179 5138 324 5202 Glieder
348 5141 468 5202 solche
491 5160 561 5202 von
585 5140 800 5205 Geschlecht
823 5163 864 5205 zu
889 5140 1119 5224 Geschlecht,
1148 5144 1235 5205 oder
1258 5142 1428 5204 vielmehr
1451 5160 1522 5204 von
1546 5141 1660 5202 einem
1685 5139 1910 5222 Zeitpunkte,

176 5300 245 5342 von
270 5279 385 5343 einem
410 5280 671 5360 Jahrhunderte
696 5301 773 5343 zum
797 5283 931 5343 andern
955 5279 1198 5361 fortpflanzen.
1246 5278 1359 5343 Sollte
1389 5289 1482 5343 etwa
1509 5279 1572 5342 mit
1600 5281 1663 5341 der
1687 5279 1762 5342 Zeit
1790 5280 1847 5341 die
1871 5297 1910 5339 so

176 5422 334 5484 miihsam
357 5440 400 5483 zu
425 5419 561 5484 Stande
584 5423 780 5504 gebrachte
798 5419 1173 5504 Schulverbesserung
1190 5421 1223 5482 in
1241 5419 1378 5482 Verfall
1394 5419 1480 5480 oder
1497 5439 1562 5501 gar
1579 5418 1613 5481 in
1630 5415 1910 5502 Vergessenheit
