4178 6196
903 413 1184 501 ..403-

180 621 361 679 Gebrauche
378 621 426 677 fiir
441 622 499 678 den
515 622 688 680 Unterrieht
707 623 736 676 in
758 620 812 676 der
829 634 930 677 ersten
946 619 1003 676 und
1042 627 1045 705 ξ
1084 615 1215 677 ibidem
1236 614 1543 696 frequentaturu83
1565 611 1768 676 Crumlovio
1785 611 1918 676 Cremi-

178 729 302 783 zweiten
319 727 434 784 Classe.
460 723 489 804 (i.
511 746 537 784 e.
563 727 693 801 Etymol.
715 740 745 782 et
766 739 882 801 syntax.
904 727 1003 782 Latin.
1042 711 1045 790 l

177 831 214 887 ad
232 850 316 888 usum
333 830 518 910 applicatio.)
550 846 561 887 1
584 831 646 888 vol.
675 831 716 889 8⁰.
741 832 885 896 Viennae,
914 829 1004 902 1848,

176 935 256 1012 apud
272 936 322 992 Fr.
339 936 433 992 Beck.

265 1040 315 1096 IV.
333 1039 491 1096 Leitladen
506 1038 585 1096 beim
599 1041 790 1098 Unterrichte
807 1043 836 1096 in
852 1039 906 1096 der
921 1039 1006 1096 deut·

177 1145 269 1200 schen
296 1146 439 1201 Formen-
464 1145 523 1201 und
547 1144 703 1202 Satzlehre
732 1144 778 1201 fiir
805 1145 853 1201 die
880 1159 1006 1200 unteren

177 1249 307 1305 Klassen
329 1249 382 1305 der
403 1249 589 1324 Gymnasien
610 1250 668 1305 und
689 1250 898 1306 Realschulen.
922 1249 1005 1306 Nach

177 1353 234 1410 den
266 1368 410 1411 neuesten
441 1355 607 1411 deutschen
634 1354 886 1430 Sprachbiichern
916 1352 1005 1410 bear-

177 1457 280 1514 beitet.
298 1456 327 1535 (i.
345 1478 370 1516 e.
388 1458 490 1525 Liber,
509 1478 597 1534 quem
614 1461 700 1534 quasi
718 1458 824 1515 ducem
841 1472 1007 1534 sequantur

178 1565 206 1618 in
223 1563 360 1620 docenda
376 1565 478 1638 lingua
494 1561 668 1642 Germana.)
691 1579 701 1620 1
721 1564 782 1620 vol.
801 1564 844 1621 80.
860 1563 1004 1631 Viennae,

182 1669 272 1742 1840,
289 1668 369 1745 apud
384 1670 434 1726 Fr.
452 1669 544 1725 Beck.
568 1670 642 1726 Cum
659 1669 805 1745 complur.
823 1671 921 1725 iterat.
935 1668 1004 1725 edit.

144 1844 152 1861 ,
264 1791 299 1848 V.
310 1792 719 1867 Theoretisch-praktisches
731 1792 923 1848 lateinisches
935 1791 1005 1847 Ele·

177 1895 373 1953 mentarbuch
395 1896 441 1952 fiir
461 1896 508 1953 die
525 1911 605 1953 erste
622 1896 906 1971 Gymnasialclasse.
931 1893 960 1973 (i.
978 1916 1004 1952 e.

177 1999 281 2068 Liber,
306 2003 334 2055 in
358 2019 419 2075 quo
444 2001 562 2075 linguae
578 2002 706 2058 Latinae
730 2000 920 2057 fundamenta
945 2014 1005 2056 tra·

178 2103 307 2183 duntur.)
328 2105 415 2162 1101.
434 2104 475 2162 80.
493 2105 636 2171 Viennae,
655 2105 745 2178 1850,
757 2105 836 2182 apud
848 2106 898 2161 Fr.
913 2106 1003 2162 Beck.
1043 2158 1045 2183 Ι

178 2210 252 2266 Cum
270 2212 366 2264 iterat.
383 2211 516 2285 quinque
532 2209 602 2266 edit.
628 2210 687 2280 Qui
704 2209 780 2267 liber
795 2230 813 2266 a
825 2211 857 2266 P.
872 2211 1004 2266 Henrico

178 2314 351 2379 Mascheck,
375 2313 453 2390 pros.
479 2316 507 2369 in
530 2316 688 2389 gymnasio
712 2314 749 2370 ad
771 2313 881 2371 Scotos
906 2314 1004 2372 denuo

178 2416 351 2473 elaboratus
375 2418 473 2474 editus
497 2431 543 2474 est
563 2419 706 2486 Viennae,
736 2419 826 2491 1871,
852 2418 932 2494 apud
955 2420 1003 2475 Fr.

85 2556 89 2564 .
178 2521 269 2578 Beck.

163 2674 168 2686 .
264 2627 314 2683 Vl.
343 2627 552 2683 Lateinisches
575 2627 671 2683 Lese·
696 2627 754 2683 und
781 2626 1004 2702 Uebungsbuch

178 2730 224 2787 fiir
247 2731 295 2787 die
318 2734 423 2787 zweite
448 2731 731 2806 Gymnasialclasse.
763 2732 818 2788 Als
840 2731 1006 2807 Vortibung

177 2855 229 2891 zur
244 2835 376 2892 Lecttire
393 2835 447 2891 des
464 2835 623 2892 Cornelius
638 2837 743 2911 Nepos
761 2837 837 2892 nach
849 2836 1006 2892 Putsche's

177 2940 276 2997 latein.
294 2940 482 2997 Grammatik
498 2940 647 3015 geordnet
661 2941 720 2997 und
735 2940 913 2999 bearbeitet.
931 2939 959 3020 (i.
980 2960 1005 2997 e.

177 3045 280 3113 Liber,
297 3064 357 3120 quo
374 3047 458 3121 pueri
476 3048 669 3102 instituuntur
689 3045 727 3102 ad
748 3046 905 3103 lectionem
922 3047 1005 3102 Lati-

177 3148 266 3229 nam.)
295 3166 304 3206 1
326 3150 385 3208 vol.
410 3150 451 3207 8⁰.
469 3147 615 3217 Viennae,
638 3150 728 3224 1851,
751 3152 829 3228 apud
846 3153 896 3207 Fr.
913 3152 1004 3208 Beck.

177 3255 251 3312 Cum
269 3258 365 3312 iterat.
383 3272 402 3328 4
420 3257 489 3313 11111.
513 3256 571 3313 Hic
596 3254 672 3312 liber
695 3275 713 3312 a
737 3258 768 3313 P.
791 3257 925 3313 Henrico
941 3257 1005 3312 Ma·

177 3361 289 3417 scheck
298 3360 396 3417 denuo
405 3359 580 3417 elaboratus
590 3359 688 3416 editus
699 3374 745 3416 est
755 3361 898 3427 Viennae,
914 3360 1004 3433 1873,

177 3464 256 3540 apud
272 3466 320 3520 Fr.
339 3465 433 3522 Beck.

264 3570 327 3626 Vll.
342 3570 534 3625 Lateinische
547 3568 820 3643 Schulgrammatik
837 3569 882 3625 fiir
899 3571 947 3626 die
964 3585 1004 3637 2.,

176 3686 205 3744 3.
236 3672 293 3728 und
321 3690 350 3744 4.
376 3673 481 3729 Classe
505 3674 558 3729 des
583 3674 893 3748 Untergymnasiums.
923 3673 952 3753 (i.
977 3694 1002 3731 e.

175 3776 378 3834 Grammatica
394 3778 502 3833 Latina
523 3796 579 3853 pro
598 3794 625 3834 2.
644 3793 673 3850 3.
692 3794 721 3835 et
738 3796 767 3851 4.
786 3779 873 3836 class.
891 3777 1004 3859 gymn.)

179 3896 189 3938 1
210 3883 269 3938 vol.
288 3881 329 3938 80.
346 3883 491 3950 Viennae,
514 3881 603 3955 1854,
622 3883 702 3958 apud
718 3884 767 3938 Fr.
786 3884 877 3941 Beck.

261 4005 340 4061 Vlll.
365 4003 557 4062 L'ateinische
583 4004 773 4061 Grammatik
801 4006 847 4062 1111
870 4006 1003 4081 Gymna-

174 4112 247 4166 sien.
269 4108 298 4188 (i.
316 4129 341 4165 e.
364 4109 568 4167 Grammatica
583 4111 692 4166 Latina
708 4112 737 4165 in
754 4130 839 4166 usum
856 4109 1003 4190 gymnas.)

179 4215 269 4271 1vol.
294 4216 335 4273 80.
358 4216 501 4282 Viennae,
523 4213 613 4288 1858,
638 4214 717 4290 apud
741 4215 789 4270 Fr.
812 4214 903 4271 Beck.
929 4215 1002 4272 Cum

173 4318 296 4395 subseq.
315 4336 331 4376 2
350 4319 420 4377 edit.

260 4425 312 4480 IX.
336 4426 526 4501 Conscripsit
549 4425 585 4480 ad
607 4443 791 4500 programm.
809 4443 944 4499 gymnas.
966 4425 1002 4480 ad

174 4527 285 4585 Scotos
308 4547 364 4604 pro
388 4548 466 4585 anno
494 4529 589 4602 1855:
614 4529 844 4602 Bemerkungen
866 4529 940 4586 iiber
955 4529 1003 4586 die

173 4634 496 4710 Hauptdeclinationen
509 4634 562 4689 der
574 4634 728 4690 Lateiner.
742 4630 771 4711 (i.
782 4652 808 4689 e.
820 4633 1002 4690 Dissertatio

172 4739 209 4796 de
225 4738 474 4795 declinationibus
490 4741 663 4814 praecipuis
680 4739 799 4812 linguae
816 4739 884 4794 Lat.

259 4885 508 4959 Schirmann
539 4896 808 4959 Coelestinus
843 4895 1002 4980 (Cremi-

171 5014 383 5095 fanensis),
397 5026 502 5077 antea
511 5015 672 5098 Alexius,
683 5015 1001 5079 AustriacusWel·

172 5137 295 5217 sensis,
313 5138 369 5199 die
391 5159 437 5216 17.
451 5137 516 5200 Iul.
534 5138 616 5201 anni
633 5157 714 5217 1724
731 5149 845 5220 natus,
863 5140 1000 5201 decimo

172 5259 300 5321 aetatis
309 5279 401 5321 anno
411 5259 648 5323 Crumlovium
663 5260 699 5322 in
710 5260 882 5323 Bohemia
895 5261 999 5323 situm

172 5381 346 5442 deductus
360 5391 423 5461 est,
440 5381 666 5464 gymnasium
679 5391 819 5463 patrum
834 5403 904 5445 soc.
918 5382 999 5445 Iesu
1038 5451 1041 5464 Ι

1084 736 1203 799 fanum
1220 735 1328 817 venit,
1350 735 1537 818 poeticam,
1559 735 1782 816 rhetoricam,
1804 735 1917 818 philo·

1085 858 1246 941 sophiam
1256 860 1582 939 comprehensurus.
1601 856 1740 920 Exacto
1752 856 1915 920 tirocinio

1086 1003 1136 1059 24.
1154 981 1242 1061 Apr.
1264 985 1342 1060 1743
1359 979 1523 1063 religioni
1540 999 1668 1042 nomen
1685 980 1785 1042 dedit
1802 990 1840 1042 et
1854 981 1915 1042 ab·

1043 1132 1046 1189 7
1086 1104 1211 1167 solutis
1220 1102 1421 1186 Salisburgi
1434 1102 1645 1185 theologicis
1657 1102 1786 1165 studiis
1799 1121 1914 1165 sacer·

1086 1227 1150 1288 dos
1166 1225 1283 1288 factus
1306 1235 1361 1288 est
1381 1225 1439 1287 die
1460 1246 1485 1287 1.
1502 1225 1591 1287 Nou.
1613 1227 1703 1303 1748.
1727 1223 1915 1287 Professor

1085 1347 1356 1430 grammaticae,
1388 1358 1598 1431 syntaxeos,
1629 1349 1676 1409 ab
1707 1367 1801 1410 anno
1834 1351 1911 1426 1752

1086 1469 1333 1552 philosophiae
1361 1471 1555 1533 secundum
1574 1468 1698 1532 Wolfii
1720 1480 1915 1552 praecepta

1085 1591 1283 1674 professor,
1322 1592 1460 1655 deinde·
1481 1591 1663 1674 professor
1693 1591 1914 1674 theologiae:

1087 1716 1217 1798 ,decus
1234 1728 1270 1777 et
1286 1725 1530 1778 ornamentum
1547 1714 1773 1777 academiae“
1790 1714 1914 1796 appel·

1084 1837 1177 1899 latus
1185 1863 1192 1911 ;
1220 1842 1384 1916 1704-72
1403 1837 1508 1919 prior,
1529 1838 1575 1898 ab
1596 1855 1689 1898 anno
1709 1856 1788 1915 1772
1812 1816 1915 1918 41111οὲ

1085 1960 1171 2021 chus
1187 1959 1222 2021 in
1239 1958 1437 2031 Thalheim;
1463 1962 1542 2037 1778
1564 1958 1718 2020 director
1732 1957 1915 2021 facultatis

1084 2079 1351 2163 philosophicae
1367 2079 1564 2143 Linciensis
1588 2089 1624 2142 et
1643 2079 1814 2142 librorum
1836 2099 1914 2143 cen·

1085 2222 1144 2264 sor
1159 2223 1223 2283 per
1239 2203 1362 2264 decem
1379 2221 1491 2264 annos
1507 2203 1573 2263 hoc
1590 2220 1734 2264 munere
1755 2201 1913 2277 functus;

1089 2329 1167 2404 1787
1186 2324 1450 2386 administrator
1465 2325 1660 2386 decanatus
1674 2321 1915 2387 Gmundensis

1086 2457 1121 2508 et
1145 2467 1188 2509 rr.
1215 2446 1414 2509 consistorii
1438 2446 1677 2527 consiliariuS,
1701 2447 1810 2528 paulo
1834 2458 1915 2529 post

1086 2571 1243 2632 decanus
1255 2569 1538 2632 Thalheimensis
1550 2568 1638 2631 obiit
1654 2575 1706 2633 31.
1719 2569 1806 2632 Maii
1823 2575 1913 2649 1793·

1173 2716 1392 2799 Conscripsit
1408 2719 1576 2800 typisque
1593 2718 1774 2801 vulgavit:

1172 2872 1195 2927 l.
1211 2872 1383 2927 Positiones
1399 2889 1436 2927 111
1454 2872 1475 2927 1.
1494 2885 1524 2927 et
1539 2871 1575 2927 11.
1594 2885 1680 2947 parte
1695 2873 1913 2929 institutionum

1086 2975 1236 3051 physices.
1262 2977 1317 3031 His
1341 2975 1460 3032 additus
1483 2991 1530 3032 est
1551 2990 1733 3052 conspectus
1750 2980 1839 3034 trium
1854 2958 1915 3053 pri·

1086 3099 1199 3136 marum
1216 3083 1411 3156 positionum.
1429 3079 1547 3156 Styrae,
1570 3080 1660 3154 1756.
1678 3088 1721 3154 4⁰.
1738 3080 1779 3154 46
1797 3101 1827 3159 p.

1174 3211 1210 3266 ll.
1228 3211 1275 3267 De
1292 3211 1401 3268 mundo
1418 3215 1542 3287 optimo,
1560 3210 1700 3278 libertati,
1718 3214 1874 3288 potentiae
1886 3224 1914 3267 et

1086 3317 1251 3391 sapientiae
1268 3316 1326 3372 Dei
1345 3318 1629 3373 convenientissimo
1650 3317 1824 3373 dissertatio
1846 3335 1913 3372 aca-

1086 3419 1210 3476 demica.
1227 3419 1346 3495 Styrae,
1369 3419 1459 3494 1756,
1477 3428 1519 3494 40.
1537 3424 1603 3477 mai.
1627 3419 1686 3477 160
1702 3441 1731 3497 p.

1172 3574 1365 3636 Praeterea
1389 3573 1509 3639 variae
1536 3574 1733 3656 positiones
1759 3575 1914 3657 philoso-

1084 3695 1228 3778 phicae,
1259 3696 1344 3757 item
1376 3695 1598 3778 theologicae
1630 3695 1665 3758 in
1698 3697 1912 3760 academicis

1084 3817 1384 3899 disputationibus
1412 3819 1458 3879 ab
1489 3819 1613 3881 eodem
1641 3820 1850 3901 propositae
1877 3829 1913 3882 et

1083 3941 1180 4022 typis
1197 3940 1429 4023 Styrensibus
1446 3941 1615 4024 vulgatae
1633 3952 1734 4005 sunt:

1170 4104 1221 4160 111.
1247 4103 1473 4160 Blucidationes
1498 4106 1527 4159 in
1551 4105 1754 4160 institutiones
1779 4105 1913 4183 philoso-

1083 4208 1172 4283 phiae
1189 4209 1360 4265 Wolfianae
1377 4208 1563 4265 theoreticae
1580 4223 1610 4265 et
1626 4211 1789 4284 practicae.
1806 4211 1884 4268 Met

1170 4340 1220 4397 IV.
1238 4340 1320 4396 Varii
1337 4339 1374 4396 de
1392 4341 1458 4397 Deo
1476 4359 1545 4407 unu,
1569 4339 1606 4396 de
1622 4340 1690 4397 Deo
1707 4343 1796 4409 trino,
1812 4341 1850 4398 de
1866 4361 1913 4399 sa·

1084 4447 1258 4510 eramentis,
1286 4444 1323 4501 de
1350 4442 1474 4519 gratias
1492 4446 1529 4501 de
1555 4444 1672 4502 actibus
1696 4446 1832 4503 humanis
1856 4460 1912 4503 etc.

1084 4564 1229 4606 tractatus
1246 4549 1422 4623 theologici.
1440 4551 1497 4606 Ms.

1168 4672 1204 4729 V.
1237 4672 1463 4746 Chronologica
1495 4672 1643 4729 ecclesiae
1671 4673 1911 4730 Thalheimensis

1082 4777 1217 4832 historia.
1234 4776 1289 4832 Ms.

1167 4913 1360 4975 Praeterea
1376 4932 1419 4974 eo
1435 4911 1599 4994 praeside
1614 4913 1683 4975 hae
1700 4913 1911 4995 disputatio-

1081 5054 1144 5098 nes
1159 5036 1195 5098 in
1212 5034 1395 5098 academia
1412 5035 1584 5097 nobilium
1600 5035 1744 5098 habitae
1760 5045 1860 5098 sunt:

1166 5180 1217 5236 Vl.
1240 5179 1443 5249 Quaestiones
1464 5192 1494 5234 et
1515 5180 1683 5254 positiones
1708 5197 1745 5235 111
1767 5179 1910 5254 prolego-

1081 5286 1174 5340 menis
1201 5284 1427 5359 philosophiae,
1456 5284 1554 5357 logica
1582 5296 1611 5339 et
1638 5284 1814 5356 ontologica
1844 5296 1902 5339 etc.

1080 5385 1199 5462 Styrae,
1216 5387 1384 5444 Menhardt.
1406 5402 1462 5461 175
1467 5402 1496 5461 5.
1514 5394 1556 5460 40.
1574 5386 1592 5444 8
1610 5407 1639 5463 p.
