4178 6196
920 485 961 492 ——
1008 448 1133 510 XVIII
1181 486 1221 494 -

198 695 224 736 s.
251 674 440 736 Benedicti
464 672 498 734 in
522 685 617 737 terra
641 693 706 735 sua
728 672 955 754 profecerint,
979 674 1074 734 haud
1094 674 1263 754 ignorans
1284 676 1498 738 monasterio
1521 675 1766 740 Ostrovicensi
1791 700 1852 757 999
1873 680 1939 741 cir-

197 813 285 877 citer
309 815 344 877 in
367 815 482 876 insula
505 814 710 876 Moldaviae
739 813 933 876 constituto
964 813 1099 876 incolas
1127 832 1173 874 ex
1202 814 1540 877 Ababa-Inferiore
1572 815 1718 896 accivit,
1751 817 1811 897 qui
1835 818 1937 879 Lam-

197 955 299 1015 berto
323 954 454 1015 abbate
480 954 569 1015 duce
593 954 659 1015 hoc
683 953 877 1015 secundum
894 953 1028 1015 ordinis
1045 952 1260 1015 domicilium
1276 973 1369 1015 anno
1391 974 1472 1016 1000
1488 954 1628 1017 circiter
1647 957 1884 1036 possederunt
1902 960 1935 1036 ¹).

326 1092 436 1154 Aliud
460 1112 601 1173 999999
626 1091 839 1153 domicilium
863 1091 1026 1153 monachi
1044 1089 1246 1154 Germanici
1263 1092 1487 1154 Kladrubiae
1511 1113 1625 1174 prope
1648 1094 1740 1156 Mies
1764 1096 1936 1176 oppidum

197 1239 402 1293 montanum
433 1230 500 1292 sibi
531 1229 695 1292 fixerunt.
734 1230 788 1291 Ibi
820 1228 1087 1311 Suatoplukius,
1119 1233 1192 1293 dux
1221 1231 1425 1312 Bohemiae,
1461 1252 1554 1294 anno
1590 1238 1670 1295 1108
1706 1232 1938 1296 fundamenta

197 1368 331 1431 iecerat
364 1367 568 1430 monasterii
597 1387 623 1429 5.
648 1367 796 1430 Nicolao
828 1367 993 1431 dedicati.
1037 1367 1259 1449 Quamquam
1290 1370 1358 1432 hoc
1389 1371 1540 1450 primum
1571 1372 1753 1434 monachis
1778 1373 1936 1435 Btevno-

197 1507 381 1569 viensibus
406 1506 621 1569 destinatum
646 1516 732 1587 erat,
757 1516 876 1568 tamen
900 1527 921 1567 a
945 1506 1145 1568 Wladislao
1169 1506 1196 1568 I.
1221 1505 1449 1588 Suatoplukii
1472 1528 1693 1589 successore,
1728 1509 1788 1590 qui
1816 1509 1938 1571 aedifi·

198 1645 290 1707 cium
314 1645 518 1707 incohatum
541 1643 759 1726 perficiebat,
791 1644 973 1706 monachis
1007 1665 1053 1707 ex
1083 1645 1297 1708 monasterio
1327 1645 1565 1709 Zwiefaltensi
1596 1647 1734 1709 vocatis
1766 1648 1935 1710 traditum

199 1794 270 1861 est,
309 1782 368 1863 qui
398 1782 454 1843 bis
490 1783 525 1843 in
559 1782 712 1862 patriam
747 1783 880 1845 reversi
921 1787 1001 1844 1180
1039 1785 1193 1863 demum,
1230 1804 1308 1846 cum
1344 1785 1450 1847 tertio
1490 1785 1734 1866 advenissent,
1773 1805 1936 1866 perman·

198 1930 321 1983 serunt
336 1924 370 2002 ²).

328 2061 403 2121 Iam
427 2079 512 2121 vero
537 2072 699 2139 tempora
722 2059 927 2122 turbulenta
956 2059 1180 2140 ingruebant.
1221 2040 1418 2122 Btetislaus
1442 2060 1468 2121 I.
1501 2063 1740 2141 (1037—1055)
1773 2074 1938 2123 strenuus

198 2198 391 2260 Bohemiae
416 2201 499 2278 dux,
524 2197 705 2265 civitatem
730 2218 829 2259 suam
854 2200 900 2260 ab
924 2198 1071 2279 imperio
1097 2197 1354 2260 Germanorum
1379 2199 1560 2260 vindicare
1590 2203 1794 2264 conabatur.
1834 2200 1937 2280 Quod

198 2337 364 2400 facillime
393 2337 650 2399 introducenda
677 2337 822 2419 liturgia
846 2336 989 2400 Slavica
1020 2357 1100 2400 sese
1133 2337 1276 2418 assequi
1306 2357 1414 2418 posse
1446 2338 1639 2401 arbitratus
1671 2346 1735 2401 est.
1780 2339 1840 2399 Ad
1869 2339 1936 2399 hoc

198 2476 451 2538 monasterium
474 2477 519 2538 ad
544 2474 738 2539 Saczavam
763 2476 940 2557 deligitur.
979 2477 1175 2556 Postquam
1199 2495 1270 2537 as.
1296 2475 1471 2555 Procopio
1501 2477 1722 2556 impetravit,
1754 2487 1793 2539 ut
1823 2477 1936 2557 digni-

199 2622 308 2675 tatem
322 2615 538 2675 abbatialem
555 2614 589 2675 in
607 2614 822 2676 monasterio
839 2635 860 2675 a
877 2634 916 2676 se
932 2616 1011 2696 ipso
1029 2615 1172 2676 condito
1189 2614 1396 2694 susciperet,
1411 2634 1456 2675 ex
1471 2614 1654 2676 Ruthenia
1681 2619 1760 2692 1939
1781 2613 1936 2676 Graeco-

199 2752 353 2814 slavicos
377 2753 568 2814 monachos
593 2752 768 2832 evocavit,
793 2753 852 2833 qui
876 2772 978 2813 sacra
1001 2752 1070 2813 ritu
1093 2750 1312 2814 Graecorum
1336 2762 1371 2813 et
1394 2751 1517 2834 lingua
1541 2751 1685 2816 Slavica
1710 2764 1934 2834 peragerent.

198 2890 285 2953 Mox
309 2899 428 2952 tamen
451 2890 633 2952 monachis
656 2890 816 2971 pristinis
839 2910 923 2970 spes
946 2889 1117 2952 beatioris
1146 2891 1279 2952 saeculi
1309 2889 1464 2952 adfulsit.
1503 2889 1590 2953 Cum
1622 2891 1715 2953 enim
1740 2891 1936 2953 Bretislaus

199 3031 244 3090 ab
276 3029 430 3092 Henrico
458 3029 520 3092 III.
553 3028 809 3092 Germanorum
836 3029 1051 3110 imperatore
1084 3051 1160 3106 1041
1196 3031 1358 3093 devictus
1390 3040 1503 3110 esset,
1536 3031 1641 3092 etiarn
1671 3051 1764 3092 nova
1797 3030 1936 3093 colonia

199 3170 446 3232 auctoritatem
468 3169 625 3251 perdidit
648 3177 684 3230 et
708 3167 837 3231 Graeci
861 3169 1022 3231 monachi
1048 3170 1224 3231 Bretislao
1248 3178 1387 3231 mortuo
1412 3189 1433 3230 a
1457 3188 1663 3231 successore
1687 3168 1934 3250 Spythinewio

199 3307 457 3369 emonasterio
481 3310 656 3369 excedere
680 3307 767 3369 iussi
790 3316 882 3369 sunt.
926 3311 1006 3369 1050
1034 3307 1196 3369 monachi
1225 3307 1343 3369 Latini
1375 3307 1440 3367 sub
1470 3306 1667 3368 Diethardo
1696 3308 1842 3385 abbate,
1876 3307 1936 3387 qui

199 3453 305 3507 antea
328 3446 555 3526 praepositus
579 3446 855 3508 Bievnoviensis
878 3444 1005 3524 fuerat,
1029 3444 1211 3506 redierunt
1225 3448 1259 3523 3).

328 3584 442 3647 Paulo
465 3594 548 3665 post
571 3584 786 3647 liberalitate
809 3583 1009 3666 principum
1034 3584 1141 3646 etiam
1166 3603 1259 3646 nova
1283 3582 1497 3646 monasteria
1520 3581 1708 3644 aedificata
1732 3593 1823 3644 sunt.

327 3721 383 3783 Ita
413 3721 612 3784 Btetislaus
640 3722 666 3784 I.
702 3742 784 3799 1040
811 3721 952 3784 circiter
982 3721 1265 3802 praeposituram
1297 3741 1323 3784 5.
1355 3721 1498 3782 Ioannis
1530 3720 1717 3802 Baptistae
1750 3723 1816 3782 sub
1847 3740 1936 3800 rupe

199 3859 357 3922 condidit
389 3868 425 3921 et
455 3859 635 3922 monachis
668 3859 982 3922 Ostrovicensibus
1013 3859 1177 3932 tradidit;
1213 3868 1339 3941 postea
1372 3859 1419 3919 ad
1453 3858 1634 3921 abbatiam
1671 3870 1798 3920 evecta
1834 3869 1888 3919 est
1903 3860 1935 3937 4).

199 3997 367 4062 Similiter
384 3997 470 4062 Otto
487 3998 654 4061 Bretislai
671 3999 696 4061 I.
721 3998 822 4080 filius,
847 4019 926 4061 cum
942 3999 1104 4062 Moravia
1129 4011 1337 4081 expugnata
1362 3998 1530 4080 princeps
1547 3995 1794 4059 Olomucensis
1820 3996 1937 4057 factus

200 4146 305 4217 esset,
331 4134 488 4199 Gradicii
513 4137 714 4218 (Hradisch)
739 4138 774 4199 in
798 4139 945 4200 castello
976 4158 1040 4200 suo
1069 4158 1183 4220 prope
1208 4137 1429 4200 Olomucium
1460 4142 1539 4215 1078
1571 4135 1823 4198 monasterium
1857 4154 1937 4196 con-

200 4275 323 4358 stituit,
349 4276 405 4338 cui
429 4294 475 4337 ex
498 4277 644 4338 abbatia
665 4277 922 4339 Brevnoviensi
946 4277 1080 4339 incolas
1103 4277 1296 4339 advocavit
1309 4279 1344 4356 5).
1376 4275 1492 4337 Etiam
1517 4293 1625 4354 supra
1649 4274 1774 4334 cellam
1799 4273 1937 4335 Nicolai

200 4414 367 4477 eremitae
390 4434 503 4495 prope
521 4413 760 4495 Opatovicum
790 4418 869 4477 1086
894 4416 1147 4478 monasterium
1171 4436 1197 4478 S.
1215 4415 1405 4477 Laurentio
1430 4413 1633 4476 dedicatum
1657 4420 1876 4474 exstructum
1902 4420 1937 4473 et

200 4552 381 4614 monachis
398 4551 671 4615 Cassinensibus
695 4553 865 4616 traditum
890 4564 945 4616 est
960 4553 995 4617 Ο).
1036 4553 1166 4616 Paucis
1190 4555 1291 4615 annis
1315 4563 1397 4634 post
1415 4553 1522 4632 (1998)
1539 4550 1791 4614 Leitomischlii
1808 4569 1937 4611 novum

331 4823 352 4904 ¹)
376 4824 466 4880 Frind
491 4824 509 4880 l.
535 4844 560 4880 c.
585 4825 607 4879 1.

331 4935 353 5016 2)
378 4938 468 5013 ΚῦρΙ,
494 4938 551 4993 Die
576 4937 770 5011 herzogliche
794 4937 1107 4994 Benedictiner·Abtei
1135 4937 1278 4992 Kladrau.
1351 4942 1358 4954 ’

330 5046 354 5127 3)
377 5049 453 5106 Vide
477 5049 568 5106 Frind
593 5051 611 5106 1.
637 5070 662 5105 9.
687 5051 709 5105 Ι.

331 5159 353 5238 4)
378 5161 468 5217 Frind
493 5162 510 5218 l.
536 5184 562 5218 c.

332 5271 354 5350 5)
379 5273 490 5339 Duum,
516 5275 658 5347 Raigerm
684 5274 704 5329 l.

331 5380 354 5462 6)
378 5384 525 5449 89991191,
550 5386 772 5461 'l‘opographie
796 5405 855 5440 von
879 5387 1022 5441 99119199.
