4178 6196
943 456 1199 523 „14-

202 638 467 703 administrator
482 639 672 721 parochiae
693 639 729 700 in
749 657 776 701 s.
793 649 922 722 monte,
948 643 1027 701 1803

201 763 248 824 1111
269 766 348 823 1808
369 761 549 842 professor
568 761 653 823 iuris
673 772 710 824 et
729 761 896 824 historiae
917 764 1029 824 eccle-

201 884 367 947 siasticae
388 883 527 966 laurini,
553 888 721 945 1808-10
746 883 938 965 spiritualis
964 883 1029 945 ibi·

202 1008 293 1089 dem,
315 1011 482 1085 1810-14
502 1007 663 1088 superior
683 1008 807 1068 domus
828 1006 863 1068 in
884 1005 1029 1068 abbatia

201 1130 242 1194 B.
264 1129 312 1192 M.
334 1130 376 1192 V.
399 1131 443 1192 de
462 1128 628 1212 Diimblk,
652 1150 699 1193 ex
722 1149 764 1192 eo
787 1130 904 1191 denuo
928 1127 1029 1208 spiri-

201 1253 307 1317 tualis
328 1252 467 1334 Iaurini,
490 1252 551 1315 ubi
572 1252 629 1314 die
652 1262 701 1331 20.
722 1251 825 1314 Μ1111.
852 1255 930 1313 1815
955 1249 1030 1311 vita

202 1375 319 1438 cessit.
344 1373 508 1457 Scripsit:

289 1493 504 1568 Compendium
522 1493 664 1548 historiae
680 1491 828 1549 ecclesiae
841 1491 1029 1558 christianae,

202 1596 241 1655 ab
260 1597 297 1653 Α.
319 1598 355 1654 R.
376 1616 411 1654 ac
433 1598 477 1653 Cl.
495 1598 526 1653 P.
543 1597 702 1653 Valentino
719 1595 872 1652 Barbarits
893 1594 931 1650 O.
948 1593 980 1650 S.
997 1596 1030 1650 B.

202 1703 240 1758 de
263 1720 288 1758 s.
313 1703 416 1758 Monte
438 1702 624 1769 Pannoniae,
649 1721 673 1757 s.
698 1700 871 1774 theologiae
895 1699 1030 1765 doctore,

202 1808 345 1863 historiae
362 1806 587 1863 ecclesiasticae
604 1819 634 1861 et
650 1806 864 1861 institutionum
882 1803 1031 1876 theologi·

203 1930 305 1968 carum
318 1910 493 1986 professore
504 1910 674 1978 deductum,
688 1911 812 1986 propria
825 1927 913 1965 manu
926 1926 1031 1963 exara·

203 2030 263 2072 tum
281 2030 311 2072 01
327 2015 511 2091 praelectum
528 2015 645 2071 clericis
659 2014 697 2070 O.
711 2013 743 2070 S.
757 2015 790 2070 B.
808 2010 888 2069 1806
905 2025 935 2068 et
952 2010 1030 2069 1808

203 2122 322 2177 laurini.
343 2128 386 2194 4⁰.
403 2120 465 2193 408
483 2140 512 2195 p.
533 2122 589 2176 Ms.
607 2119 735 2176 Adserv.
753 2121 781 2174 in
797 2117 869 2174 bibl.
886 2120 914 2173 in
931 2128 1032 2172 monte

204 2244 303 2281 sacro.

291 2335 473 2433 Barbely
510 2346 705 2410 Astricus
741 2348 801 2427 (de
832 2364 858 2406 5.
891 2342 1031 2405 Monte

202 2463 465 2546 Pannoniae),
490 2464 526 2526 in
549 2465 640 2527 Tata
666 2483 752 2526 com.
778 2462 972 2526 Comarom.
996 2462 1029 2522 in

203 2585 389 2669 Hungaria
419 2585 475 2649 die
508 2607 558 2648 21.
587 2586 660 2648 Iun.
695 2590 775 2665 1796
806 2596 928 2666 natuS,
967 2583 1025 2646 die

205 2714 256 2772 28.
268 2707 347 2772 Oct.
362 2712 439 2772 1813
456 2728 481 2771 S.
495 2708 618 2771 habitu
635 2709 788 2791 1011111115,
806 2708 863 2770 1110
876 2713 926 2770 31.
937 2708 1031 2790 Aug.

208 2836 287 2910 1817
302 2840 386 2894 vota
402 2832 585 2895 sollemnia
602 2831 727 2895 emisit.
744 2831 804 2892 Ab
817 2851 848 2894 a.
866 2835 1034 2909 1817—20

203 2953 430 3037 Comaromii,
462 2960 632 3018 1820-21
660 2953 791 3017 Iaurini
814 2950 931 3015 officio
955 2971 1034 3033 pro-

202 3052 348 3141 fessoris
363 3077 515 3159 functus,
536 3078 650 3139 redux
670 3076 706 3137 in
726 3096 752 3138 s.
773 3086 929 3138 montem
953 3079 1030 3136 1821

204 3203 250 3264 ad
272 3205 351 3278 1814
375 3219 401 3262 s.
425 3199 628 3281 theologiae
649 3198 775 3260 studiis
793 3198 946 3280 vacavit,
967 3199 1034 3260 hoc

204 3343 291 3386 vero
304 3341 396 3385 anno
409 3321 466 3383 die
477 3327 526 3383 20.
537 3319 636 3402 Sept.
650 3322 840 3404 presbyter
852 3321 1035 3384 ordinatus

205 3454 269 3507 est.
291 3447 459 3521 1814-30
479 3441 660 3523 professor
678 3442 855 3525 gymnasii
872 3432 1034 3505 Gihsien-

206 3567 264 3649 sis,
284 3571 448 3629 1830-32
466 3567 500 3627 in
518 3585 544 3628 5.
557 3577 677 3628 monte
694 3565 956 3628 administrator
971 3584 1035 3645 pa·

205 3688 357 3769 rochiae,
380 3691 545 3750 1832-38
563 3689 656 3749 idern
673 3683 844 3769 simulque
861 3686 1034 3768 subprior,

210 3815 379 3890 1888-80
395 3810 557 3892 provisor
569 3812 694 3873 domus
706 3810 846 3891 ibidem,
868 3814 1030 3887 1830-41

206 3934 469 3998 administrator
490 3933 679 4013 parochiae
699 3932 734 3994 in
750 3932 841 4013 Lazi,
868 3935 1035 4009 1841-44

205 4055 496 4120 bibliothecarius
513 4063 549 4116 et
562 4064 771 4136 cooperator
785 4055 820 4117 in
833 4054 978 4116 abbatia
991 4055 1036 4115 de

207 4180 357 4263 Tihany,
379 4183 544 4257 1844-47
563 4179 725 4259 provisor
741 4180 865 4241 domus
879 4187 914 4240 et
926 4177 1036 4240 admi-

207 4303 374 4365 nistrator
390 4301 579 4382 parochiae
596 4301 630 4363 in
647 4300 792 4363 abbatia
808 4302 853 4362 de
869 4301 1036 4383 Bakony-

206 4426 276 4507 bel,
308 4429 474 4504 1847-40
502 4422 767 4485 administrator
793 4421 984 4503 parochiae
1000 4421 1036 4484 in

206 4547 307 4629 Fuss,
335 4566 404 4628 quo
425 4565 518 4608 anno
541 4545 598 4607 die
623 4567 669 4608 12.
687 4545 762 4608 Iun.
779 4545 838 4626 pie
859 4544 895 4607 in
916 4544 1037 4607 Domi·

207 4690 253 4733 no
271 4666 493 4732 obdormivit.
517 4665 682 4749 Scripsit:

294 4788 317 4843 l.
339 4788 472 4843 Diarium
494 4783 654 4860 parochiae
675 4782 778 4859 oppidi
800 4782 1037 4841 Sunt-Martem

207 4891 234 4947 A
250 4907 274 4947 1.
285 4890 370 4967 Sept.
383 4892 452 4946 anni
470 4888 545 4961 1831
563 4887 708 4962 usquead
722 4903 769 4960 13.
779 4888 857 4963 Aug.
871 4891 940 4945 anni
957 4888 1037 4963 1838

208 5009 401 5052 connotatum
412 5008 442 5050 et
454 4995 575 5050 ductum
586 4991 624 5049 ab
635 4992 756 5051 Astrico
766 4991 894 5068 Barbely
905 4994 1039 5069 parocho

208 5113 239 5155 et
251 5097 419 5174 subpriore.
434 5104 476 5154 2⁰.
494 5112 552 5170 140
564 5117 594 5173 p.
608 5097 665 5153 Ms.
674 5096 802 5154 Adserv.
816 5099 844 5153 10
856 5095 1041 5154 bibliotheca

208 5206 238 5260 in
253 5217 355 5259 monte
371 5221 469 5260 sacro.

295 5306 332 5363 lI.
350 5307 439 5381 Eggy
452 5325 577 5381 magyar
589 5305 728 5363 111111100ῑί
746 5306 924 5362 lexikonhoz
937 5302 1040 5362 0111111-

209 5413 313 5469 51111011
338 5410 464 5467 1111011111
486 5409 607 5466 1111111011.
636 5406 665 5488 (1.
685 5430 713 5467 0.
734 5409 890 5480 Quaedam
908 5410 946 5466 ad
967 5410 1039 5466 leri·

1109 663 1166 701 con
1178 643 1352 700 historicum
1366 641 1628 721 componendum.)
1644 641 1808 715 Mellycket
1820 640 1942 716 eggybe

1108 747 1297 823 gynjtogetni
1311 746 1431 803 kezdett
1440 744 1569 821 Rarbe'ly
1579 746 1709 813 Asztrilc,
1720 764 1839 821 pannon
1852 746 1942 820 hegyi

1107 872 1149 910 sz.
1167 851 1331 909 Martonnil
1347 865 1486 907 nevezett
1499 847 1544 906 Fd
1557 850 1775 907 Monostornak
1792 870 1833 907 sz.
1846 851 1942 905 Bene-

1108 957 1166 1013 11011
1187 956 1280 1012 rendli
1301 955 1460 1029 aldoza'trja,
1484 957 1556 1011 mint
1573 955 1702 1029 Tihanyi
1719 953 1941 1028 kdnyvtarnok,

1113 1061 1203 1134 1843.
1220 1058 1326 1117 1111100.
1346 1066 1387 1116 2⁰.
1404 1074 1467 1130 520
1484 1079 1513 1134 p.
1530 1060 1587 1116 Ms.
1604 1060 1722 1115 adserv.
1743 1057 1812 1115 ibid.

1193 1243 1417 1315 Baumann
1439 1251 1660 1314 Michaelis
1686 1250 1942 1337 (Scotensis),

1111 1369 1329 1452 Veszprimii,
1343 1368 1377 1431 10
1390 1367 1600 1450 Hungariae
1617 1368 1760 1450 oppido,
1777 1368 1812 1430 in
1828 1370 1943 1431 lucem

1110 1493 1226 1556 editus
1239 1492 1296 1554 die
1311 1511 1338 1570 7.
1352 1490 1415 1553 Iul.
1433 1509 1524 1573 1792,
1544 1489 1675 1552 ibidem
1694 1492 1807 1553 bonas
1823 1491 1943 1554 literas

1111 1614 1243 1678 didicit.
1267 1614 1490 1676 Adolescens
1510 1611 1661 1693 primum
1677 1612 1768 1674 inter
1783 1613 1943 1674 alumnos

1110 1736 1287 1799 seminarii
1316 1735 1530 1817 episcopalis
1558 1745 1747 1815 susceptus
1773 1754 1851 1797 cum
1875 1743 1943 1797 ter-

1110 1859 1197 1922 tium
1221 1858 1328 1920 studii
1352 1855 1544 1939 theologici
1563 1875 1704 1918 cursum
1719 1855 1943 1937 absolvisset,

1111 1980 1257 2043 illustris
1285 1980 1466 2061 cujusdam
1496 1978 1563 2040 viri
1593 1977 1791 2059 patrocinio
1821 1978 1943 2039 abbati

1111 2105 1156 2167 ad
1184 2101 1312 2167 Scotos
1339 2101 1605 2164 commendatus
1627 2100 1751 2163 habitu
1778 2099 1943 2162 benedic·

1112 2225 1185 2288 tino
1210 2225 1354 2288 indutus
1378 2233 1433 2287 est
1457 2223 1514 2286 die
1543 2244 1591 2301 14.
1613 2221 1691 2287 Oct.
1718 2226 1808 2284 1815.
1840 2221 1944 2284 Votis

1112 2367 1197 2410 vero
1218 2347 1436 2409 sollemniter
1455 2345 1591 2408 emissis
1615 2345 1672 2408 die
1697 2349 1726 2406 5.
1748 2342 1826 2407 001.
1852 2349 1943 2426 1817,

1113 2469 1169 2530 1110
1187 2472 1215 2531 8.
1232 2468 1319 2531 Dec.
1342 2469 1499 2550 ejusdem
1524 2468 1606 2529 anni
1632 2465 1805 2547 primitias
1829 2485 1944 2529 sacer·

1112 2591 1198 2653 dotii
1224 2591 1427 2652 celebravit.
1466 2589 1554 2651 Mox
1580 2589 1677 2651 vices
1703 2588 1945 2669 cooperatoris

1112 2712 1230 2774 subire
1244 2712 1362 2794 jussus
1385 2711 1491 2774 estin
1508 2709 1762 2792 Gaunersdorf,
1787 2711 1868 2773 inde
1886 2730 1943 2772 co-

1113 2844 1337 2917 operatorem
1353 2839 1428 2917 egit
1444 2836 1490 2897 ad
1507 2854 1533 2895 s.
1548 2834 1673 2896 Afram
1689 2835 1725 2896 in
1738 2833 1950 2916 Eggendorf

1112 2959 1148 3021 in
1162 2959 1255 3020 valle
1272 2966 1410 3038 septem
1426 2976 1548 3020 annos,
1566 2957 1691 3019 Mense
1703 2956 1767 3018 Iul.
1784 2961 1943 3034 1824110-

1114 3092 1215 3143 catus
1227 3081 1262 3143 in
1277 3080 1492 3161 suburbium,
1507 3080 1563 3142 cui
1575 3099 1702 3142 nomen
1714 3078 1848 3160 Campo
1861 3076 1946 3142 Sco-

1114 3214 1238 3284 torum,
1249 3222 1313 3282 per
1324 3202 1533 3265 decennium
1545 3201 1580 3263 in
1592 3220 1779 3264 numeroso
1790 3200 1947 3262 fidelium

1114 3344 1244 3408 grege,
1275 3334 1401 3406 utpote
1427 3325 1575 3406 triginta
1602 3324 1710 3386 millia
1737 3325 1947 3405 excedente,

1114 3450 1260 3512 multum
1283 3448 1415 3510 laboris
1441 3458 1550 3529 atque
1574 3466 1705 3528 operae
1728 3447 1763 3509 in
1787 3445 1948 3508 erudien-

1115 3574 1180 3635 dos
1205 3572 1477 3633 catechumenos
1502 3571 1743 3650 populumque
1768 3567 1948 3649 evangeli-

1114 3695 1263 3755 zandum
1294 3691 1491 3772 insumpsit.
1527 3690 1633 3752 Anno
1666 3693 1745 3766 1834
1773 3688 1948 3769 parochus

1115 3816 1230 3879 factus
1255 3827 1309 3877 est
1336 3815 1487 3895 primum
1514 3813 1549 3875 in
1573 3810 1837 3894 Waltzendorf,
1867 3815 1946 3873 1838

1115 3939 1150 4001 10
1172 3935 1505 4019 Kleinengersdorf,
1530 3936 1671 3996 demum
1699 3938 1775 4012 1841
1802 3933 1948 3995 10111111-

1115 4060 1275 4141 tinsdorf,
1302 4059 1363 4122 ubi
1386 4068 1535 4140 praeter
1561 4057 1674 4119 fatum
1701 4065 1757 4118 est
1779 4064 1946 4118 mortuus.

1115 4184 1279 4247 Amicum
1303 4182 1395 4244 enim
1418 4181 1562 4262 publico
1584 4198 1729 4242 munere
1749 4178 1784 4241 in
1804 4177 1947 4240 Hohen-

1116 4304 1351 4387 ruppersdorf
1378 4304 1587 4386 fungentem
1621 4301 1808 4375 inviserat;
1853 4301 1948 4363 unde

1117 4448 1196 4491 cum
1211 4445 1364 4506 vespere
1381 4427 1523 4488 domum
1543 4424 1636 4486 viam
1658 4433 1831 4504 carperet,
1852 4421 1947 4483 haud

1117 4550 1240 4633 procul
1260 4547 1496 4629 hospitalibus
1517 4545 1620 4609 tectis
1637 4546 1798 4625 sclopeto
1823 4563 1870 4606 ex
1895 4543 1946 4605 in-

1117 4672 1215 4735 sidiis
1230 4670 1352 4732 lethali
1363 4670 1511 4731 vulnere
1525 4667 1688 4730 adfectus
1701 4665 1946 4747 prosternitur.

1118 4794 1231 4876 Quem
1248 4792 1421 4874 sanguine
1443 4792 1645 4853 madentem
1667 4788 1787 4851 rustici
1804 4787 1948 4869 quidam

1118 4917 1382 4994 adolescentes,
1417 4913 1476 4994 qui
1503 4912 1594 4975 forte
1622 4928 1880 4992 supervenere,
1912 4908 1948 4969 in

1119 5038 1316 5122 proximam
1343 5038 1485 5098 domum
1515 5036 1721 5116 retulerunt,
1753 5031 1814 5094 ubi
1844 5029 1947 5092 mori-

1119 5164 1240 5225 bundo
1260 5170 1481 5223 sacramenta
1505 5141 1680 5239 excipere
1695 5154 1840 5218 coelesti
1861 5171 1947 5214 sane

1119 5282 1292 5347 beneficio
1307 5282 1419 5356 licuit;
1444 5281 1609 5345 continuo
1625 5299 1710 5342 vero
1729 5287 1848 5341 mente
1863 5275 1947 5339 alie·

1120 5414 1224 5468 natus
1251 5415 1334 5485 post
1358 5414 1509 5485 quatuor
1534 5403 1640 5465 horas
1663 5401 1755 5464 inter
1778 5401 1948 5462 immanes
