4178 6196
899 463 1178 532 „299-

169 647 266 729 fecit,
284 666 389 728 quam
405 656 443 710 ut
459 666 531 709 rem
544 646 750 710 monasterii
766 659 849 709 tunc
862 658 999 729 tempo·

169 771 219 834 ris
234 771 341 833 valde
362 769 526 832 miseram
546 769 617 833 cito
641 788 823 852 emergere
848 780 998 834 curaret.

171 892 328 957 Eminuit
336 894 402 954 hac
411 891 447 954 in
455 911 494 954 re
503 902 604 954 tanta
616 890 852 955 sollicitudine
865 891 1000 974 talique

172 1014 355 1096 industria,
379 1025 417 1077 ut
437 1034 530 1077 anno
552 1019 629 1077 1833
646 1013 769 1077 turrim
785 1015 999 1096 monasterii,

173 1157 264 1220 quae
280 1157 372 1200 anno
393 1140 483 1219 1820,
499 1136 645 1200 fulmine
657 1136 781 1218 petita,
798 1136 1001 1218 liquefactis

172 1258 355 1341 campanis
368 1279 389 1321 a
402 1278 537 1322 summo
550 1259 721 1340 usquead
734 1257 840 1321 imum
853 1268 1000 1341 perusta

172 1380 248 1462 fuit,
261 1380 401 1464 magnis
414 1380 614 1463 sumptibus
626 1379 830 1443 restitueret
847 1390 882 1443 et
900 1391 1001 1462 quat·

173 1514 253 1566 tuor
269 1503 371 1566 novis
387 1504 569 1585 campanis
590 1503 730 1584 ditaret,
754 1513 863 1584 atque
879 1504 925 1564 ad
942 1504 1002 1565 de·

172 1623 385 1687 flectendam
403 1624 639 1707 perniciosam
659 1623 816 1687 fulminis
832 1623 902 1686 vim
923 1643 1002 1705 per-

173 1746 279 1810 ticam
299 1744 451 1809 ferream
474 1747 623 1828 cuspide
645 1748 819 1810 deaurata
839 1747 928 1830 erigi
944 1766 1002 1810 cu-

173 1881 278 1934 raret.
294 1869 538 1953 Deflagratam
548 1869 654 1932 etiam
667 1871 808 1933 domum
818 1871 1003 1952 parochia·

173 1992 242 2054 lem
256 2011 334 2054 cum
348 1993 469 2055 schola
478 1993 512 2053 in
522 1991 687 2055 Ludweis
696 1991 852 2055 restituit
865 2003 901 2054 et
909 2013 1003 2056 com·

175 2114 277 2196 plura
301 2114 371 2176 alia
397 2114 434 2177 in
457 2113 645 2177 utilitatem
673 2115 879 2177 monasterii
907 2113 1002 2179 fecit.

174 2235 242 2299 Hic
259 2236 323 2318 vir,
347 2235 515 2298 memoria
533 2235 670 2318 dignus,
688 2234 745 2298 die
763 2256 812 2298 21.
830 2236 902 2298 Ian.
920 2236 1002 2299 anni

180 2363 258 2437 1842
277 2378 296 2420 e
313 2357 387 2420 vita
404 2358 577 2420 discessit.

262 2479 413 2562 Scripsit
429 2481 628 2562 sequentia:

261 2608 283 2663 1.
309 2606 485 2682 Epicedion.
511 2605 648 2663 Manibus
664 2607 832 2664 dedicatum
850 2608 1003 2664 Reveren-

174 2712 296 2778 dissimi,
310 2711 491 2767 Perillustris
505 2730 540 2768 ac
549 2711 732 2787 Amplissimi
745 2707 868 2769 Domini
881 2711 1001 2767 Domini

174 2815 326 2873 Bertholdi
352 2816 521 2891 Reisinger.
545 2814 674 2872 Abbatis
702 2817 875 2872 monasterii
900 2815 1003 2872 Alten-

174 2921 335 2996 burgensis
356 2920 532 2995 dignissimi,
555 2919 667 2976 Sacrae
688 2920 776 2976 Caes.
799 2920 875 2995 Reg.
893 2920 1002 2996 Apost.

174 3025 243 3100 Maj.
265 3024 434 3081 Consiliarii
459 3044 514 3081 nec
538 3044 597 3081 non
623 3026 748 3098 insignis
769 3025 857 3081 Caes·
881 3023 955 3081 Ord.
978 3043 1002 3080 s.

174 3129 323 3206 Leopoldi
337 3130 466 3204 Equitis.
486 3130 630 3195 Viennae,
645 3131 725 3204 typis
736 3128 856 3185 Antonii
867 3126 1001 3186 Strauss.

179 3233 267 3292 1820.
293 3234 358 3290 Fol.

261 3340 298 3397 ΙΙ.
312 3338 503 3396 Succinctum
520 3339 691 3395 Chronicon
705 3341 936 3415 praecipuorum
948 3337 1002 3394 do·

175 3465 238 3502 mus
254 3456 377 3501 nostrae
393 3442 423 3521 (i.
435 3441 734 3521 e.Altenburgensis)
751 3455 969 3500 momentorum
986 3461 1003 3498 e

173 3550 360 3606 documentis
376 3547 513 3604 tabularii
531 3550 625 3603 nostri
648 3560 832 3623 excerptum.
857 3547 1001 3613 Viennae,

174 3656 252 3729 typis
273 3653 520 3727 congregationis
534 3652 813 3708 Mechitharisticae.
842 3649 931 3725 1839.
958 3658 1000 3723 4⁰.

258 3818 405 3912 Meyer
429 3827 658 3891 Geroldus
681 3827 725 3890 II.
752 3827 1003 3909 (Princeps-

172 3947 262 4007 abb.
280 3944 499 4024 Murensis)
505 3916 530 4026 ,x
539 3945 574 4007 in
595 3947 708 4007 lucem
731 3946 847 4009 editus
864 3957 918 4010 est
934 3947 1002 4010 Lu·

173 4087 299 4130 cernae
317 4068 374 4130 die
396 4073 442 4131 13.
460 4067 545 4130 Maii
568 4088 658 4148 1729,
681 4069 775 4131 votis
791 4089 830 4132 se
845 4068 924 4131 Deo
941 4071 1002 4132 ob·

173 4191 253 4253 tulit
270 4191 327 4252 die
349 4212 395 4254 12.
413 4188 491 4252 Oct.
514 4195 604 4269 1746,
625 4191 783 4252 ordinem
799 4192 1002 4254 sacerdota-

172 4313 239 4375 lem
257 4312 398 4394 aecepit
412 4313 469 4374 die
483 4332 532 4374 20.
546 4311 633 4374 Maii
651 4316 740 4390 1752.
764 4312 910 4375 Relicto
925 4311 1002 4374 offi-

172 4433 227 4496 cio
236 4432 448 4516 professoris
461 4446 497 4496 et
507 4433 768 4497 bibliothecarii
778 4433 1002 4496 administra-

173 4555 224 4619 vit
248 4556 415 4639 egregius
440 4574 653 4619 oeconomus
678 4558 772 4618 bona
795 4556 1000 4618 monasterii

174 4677 209 4740 in
225 4677 431 4760 Dettingen.
456 4677 523 4739 Die
540 4697 624 4739 vero
645 4697 692 4756 ¹9·
710 4677 785 4739 Iun.
808 4682 887 4755 1770
909 4678 1003 4758 prin-

174 4818 259 4881 ceps
267 4802 382 4861 abbas
394 4801 529 4862 electus
540 4811 595 4862 est
606 4800 770 4880 rexitque
782 4800 874 4861 ultra
888 4803 928 4861 33
942 4820 1002 4861 an-

174 4941 247 4984 nos.
263 4921 383 4984 Vitam
395 4933 621 5003 praesentem
632 4922 759 4984 clausit
769 4922 826 4984 die
841 4942 887 4998 14.
897 4921 1001 4984 Febr.

181 5048 269 5107 1810.
293 5044 375 5123 Ipse
392 5044 572 5125 ingentem
593 5044 688 5106 illam
700 5043 870 5107 fabricam
884 5063 1003 5106 mona-

176 5165 273 5228 sterii
289 5165 496 5245 construxit,
514 5185 605 5246 quae
620 5166 811 5228 hodiedum
828 5166 1003 5247 conspici·

174 5301 246 5369 tur,
271 5288 443 5369 simulque
467 5290 643 5369 permulta
668 5289 811 5370 scripsit
836 5300 871 5350 et
895 5288 1001 5351 scribi

176 5411 321 5491 curavit,
348 5430 439 5491 quae
463 5432 553 5474 nunc
579 5412 613 5473 in
636 5411 767 5473 archiv.
785 5410 1002 5493 Argoviensi

1078 645 1283 726 retinentur,
1300 647 1352 711 uti
1365 667 1395 711 e.
1408 669 1460 732 gr.
1474 647 1677 729 Schodeler‚
1694 667 1810 710 rerum
1822 647 1907 710 Hel-

1079 768 1274 832 veticarum
1289 770 1447 852 historia,
1465 782 1501 834 et
1516 771 1615 833 varia
1631 789 1741 852 opera
1753 770 1793 832 P.
1806 769 1908 832 Mau-

1079 890 1150 954 ritii
1166 912 1235 954 van
1257 894 1320 955 der
1335 893 1436 957 Meet
1456 896 1500 956 de
1521 893 1744 957 monasteriis
1760 892 1909 958 Seckin-

1080 1033 1161 1096 gen,
1183 1015 1484 1079 Katharinenthal
1504 1027 1540 1080 et
1558 1019 1602 1079 de
1619 1016 1908 1100 congregationis

1080 1137 1290 1200 Helveticae
1314 1137 1398 1200 viris
1421 1138 1637 1201 inlustribus
1674 1140 1866 1203 Praeterea
1889 1158 1909 1200 e

1081 1259 1247 1322 thesauro
1286 1259 1493 1323 eruditionis
1533 1279 1619 1323 suae
1656 1262 1836 1342 complura
1873 1262 1909 1324 in

1082 1380 1225 1462 scriptis
1239 1380 1394 1462 reliquit:

1168 1506 1190 1561 I.
1205 1506 1339 1563 Litterae
1353 1506 1523 1574 familiares,
1534 1525 1610 1583 quas
1623 1506 1705 1564 dedit
1719 1509 1767 1564 vel
1779 1512 1908 1584 accepit.

1083 1609 1178 1682 4101.
1200 1629 1266 1667 cum
1288 1613 1358 1667 circ.
1385 1609 1448 1668 800
1464 1630 1492 1686 p.
1518 1613 1551 1667 ln
1574 1612 1686 1669 archiv.
1702 1612 1907 1671 Muto-Gnes.

1169 1715 1205 1770 ll.
1220 1713 1388 1791 Dispositio
1404 1715 1441 1772 ad
1458 1714 1702 1772 moribundorum
1719 1732 1908 1774 sacramenta

1084 1818 1289 1895 suscipienda;
1307 1834 1392 1876 actus
1406 1834 1436 1877 et
1449 1822 1592 1877 exercitia
1603 1820 1639 1876 ad
1651 1818 1770 1876 beatam
1783 1835 1907 1878 mortem

1084 1923 1215 1981 obeund.
1240 1922 1282 1980 8⁰.
1306 1923 1368 1996 306
1391 1944 1419 2000 p.
1445 1925 1478 1980 ln
1501 1923 1573 1982 bibl.
1595 1923 1808 1981 Muto-Gries.
1833 1925 1908 1982 eod.

1085 2043 1113 2084 2.
1175 2070 1181 2083 .

1130 2043 1222 2188 44lll.
1245 2132 1452 2201 Eruditiones,
1469 2133 1622 2200 historiae,
1640 2132 1768 2201 fabulae,
1790 2148 1909 2191 senten·

1084 2239 1152 2302 tiae,
1165 2236 1254 2303 dicta,
1269 2236 1356 2302 facta,
1371 2256 1459 2305 nova,
1474 2251 1588 2305 vetera,
1601 2239 1716 2306 iocosa,
1727 2240 1816 2307 seria,
1826 2242 1909 2306 mira,

1084 2341 1224 2408 inaudita,
1242 2339 1366 2410 urbana,
1379 2345 1501 2400 rustica.
1522 2342 1710 2400 Miscellania
1727 2361 1793 2400 cum
1811 2344 1910 2402 indice

1085 2449 1284 2503 materiarum.
1302 2453 1345 2519 4⁰.
1363 2446 1426 2520 406
1443 2467 1472 2523 p.
1490 2446 1564 2504 Ibid.
1583 2463 1611 2504 2.
1634 2446 1680 2504 18.

1171 2552 1220 2608 IV.
1237 2553 1472 2610 Exhortationes
1489 2551 1530 2608 80
1546 2550 1583 2608 ad
1600 2565 1779 2608 conventum
1792 2552 1910 2608 Muren-

1084 2674 1156 2722 sem,
1175 2657 1319 2713 moniales
1335 2657 1487 2713 Hermetis
1503 2655 1602 2723 villae,
1625 2654 1662 2711 ad
1679 2657 1819 2723 novitios,
1837 2674 1909 2713 neo·

1085 2759 1252 2836 professos,
1271 2776 1287 2816 2
1306 2761 1364 2817 vol.
1383 2766 1425 2832 4⁰.
1442 2774 1506 2833 570
1522 2779 1551 2836 p.
1570 2758 1645 2817 Ibid.
1664 2775 1692 2816 2.
1715 2775 1761 2833 19,
1780 2774 1829 2816 20.

1170 2865 1205 2920 V.
1230 2863 1392 2921 Sermones
1412 2865 1448 2920 ad
1470 2863 1612 2941 populum
1636 2866 1665 2920 in
1685 2863 1787 2938 lingua
1802 2883 1909 2920 verna·

1084 2970 1149 3025 cula
1172 2984 1222 3042 52.
1249 2967 1322 3026 Ibid.
1347 2969 1422 3026 cod.
1445 2985 1468 3025 1.
1491 2984 1559 3042 109.
1584 2970 1665 3025 Inter
1684 2970 1740 3026 hos
1761 2971 1910 3025 invenitur

1084 3092 1183 3131 sermo
1200 3076 1228 3129 in
1244 3077 1381 3150 primitiis
1399 3074 1499 3131 fratris
1515 3075 1560 3129 sui
1574 3073 1716 3130 Germani
1733 3087 1840 3150 postea
1856 3072 1909 3130 ab·

1082 3175 1161 3233 batis
1178 3177 1397 3234 Rhenoviensis
1413 3178 1556 3234 Bernardi
1574 3178 1626 3234 Ill.

1168 3323 1910 3416 MickLambertus(Scotensis),Vien·

1083 3472 1150 3514 nae
1166 3452 1201 3513 in
1217 3451 1364 3514 Austria
1382 3452 1438 3515 die
1456 3473 1506 3531 24.
1518 3453 1592 3515 Iun.
1607 3457 1685 3531 1763
1703 3464 1817 3536 natue,
1830 3473 1910 3515 cum

1082 3575 1139 3636 die
1157 3579 1206 3636 28.
1224 3572 1303 3637 Oct.
1325 3578 1406 3653 1780
1427 3575 1636 3638 adolescens
1656 3575 1910 3657 septemdecim

1083 3716 1253 3758 annorum
1270 3716 1296 3758 s.
1313 3696 1437 3758 habitu
1455 3707 1551 3759 esset
1566 3697 1721 3779 indutus,
1739 3697 1911 3761 absolutis

1083 3829 1332 3882 sacrosanctae
1348 3820 1549 3903 theologiae
1562 3821 1689 3882 studiis
1703 3822 1909 3883 catechetae

1082 3942 1117 4003 in
1133 3941 1302 4023 parochia
1319 3943 1522 4005 monasterii
1536 3963 1661 4005 munus
1674 3943 1791 4007 subiit.
1805 3943 1910 4006 Votis

1083 4084 1167 4127 vero
1194 4064 1412 4127 sollemniter
1439 4065 1652 4146 nuncupatis
1678 4066 1734 4127 die
1760 4085 1810 4143 29·
1834 4064 1909 4127 Iun.

1088 4192 1165 4266 1788
1176 4186 1377 4250 sacerdotio
1388 4186 1619 4269 inauguratus
1629 4196 1684 4248 est
1694 4186 1750 4248 die
1761 4185 1909 4267 15.Aug.

1087 4313 1176 4388 1788.
1191 4309 1303 4371 Paulo
1312 4318 1394 4391 post
1407 4318 1593 4390 neomysta
1606 4317 1817 4389 cooperator
1828 4307 1910 4368 mis-

1082 4450 1143 4494 sus
1152 4441 1207 4493 est
1220 4432 1264 4492 ad
1274 4430 1478 4512 parochiam
1485 4430 1526 4527 qin
1537 4429 1747 4513 Eggendorf
1756 4430 1792 4493 in
1806 4430 1909 4511 valle,

1082 4555 1175 4616 unde
1192 4573 1273 4615 mox
1291 4553 1326 4615 in
1339 4553 1590 4615 monasterium
1603 4553 1727 4634 redux,
1745 4552 1858 4615 curati
1874 4564 1910 4614 et

1083 4675 1341 4739 concionatoris
1356 4675 1519 4737 matutini
1536 4675 1772 4755 (1793-1800)
1794 4673 1910 4737 officio

1081 4797 1224 4860 functus
1247 4808 1310 4859 est.
1341 4798 1400 4859 Ad
1424 4801 1517 4879 quod
1541 4797 1744 4880 magisterio
1769 4817 1909 4880 quoque

1082 4919 1293 4982 novitiorum
1311 4930 1488 5000 suscept0,
1512 4920 1704 4983 cumidem
1726 4920 1910 4983 conciona-

1083 5053 1138 5104 tor
1154 5041 1374 5104 dominicalis
1390 5061 1538 5105 necnon
1552 5041 1726 5105 festivalis
1739 5052 1775 5104 et
1787 5043 1911 5105 biblio·

1083 5165 1261 5228 thecarius
1279 5170 1360 5228 1800
1372 5165 1582 5248 designatus
1596 5175 1701 5247 esset,
1714 5175 1835 5247 partes
1849 5184 1910 5227 eas

1083 5289 1230 5371 egregie
1252 5288 1418 5351 sustinuit
1438 5307 1677 5370 magnamque
1702 5308 1747 5351 ex
1771 5288 1814 5351 iis
1837 5309 1910 5351 mu-

1084 5410 1227 5473 neribus
1243 5410 1383 5472 laudem
1400 5409 1530 5473 retulit.
1552 5410 1660 5473 Anno
1680 5413 1760 5487 1804
1776 5410 1910 5492 primus

1649 5515 1700 5575 38·
