4178 6196
906 469 1162 539 „5,-

162 655 274 719 Natus
291 665 348 719 est
364 661 395 719 ὁ.
411 656 500 737 Apr.
522 660 614 739 1843,
631 669 768 721 vestem
790 656 924 721 ordinis
946 656 996 720 in·

164 777 239 840 duit
261 781 353 859 1861,
379 789 415 841 et
436 778 566 840 emissa
591 779 648 842 die
672 786 722 844 26.
744 780 835 844 Nov.
864 782 944 842 1865
968 798 995 842 s.

162 900 384 982 professione
400 901 562 964 sollemni
578 922 671 964 anno
688 901 922 984 subsequenti
939 901 996 963 die

166 1027 213 1087 15.
229 1024 292 1086 Iul.
310 1026 500 1107 presbyter
512 1024 696 1086 ordinatus
713 1034 778 1089 est.
800 1023 996 1105 Postquam

164 1146 292 1208 deinde
320 1146 366 1208 ab
394 1149 527 1209 abbate
552 1165 617 1208 suo
645 1145 762 1210 iussus
789 1145 995 1226 tentamina,

163 1267 323 1351 rigorosa
333 1268 441 1351 dicta,
450 1289 496 1331 ex
505 1269 673 1331 universa
685 1251 866 1351 theologia
879 1267 996 1330 subie-

162 1401 230 1473 rat,
267 1390 410 1473 Pragae
441 1393 648 1455 doctoratus
678 1392 800 1454 laurea
835 1389 996 1453 decorari

163 1512 300 1575 meruit.
332 1511 520 1576 Absolutis
545 1512 691 1594 insuper
714 1513 749 1575 in
773 1514 899 1574 eadem
920 1511 996 1574 uni-

163 1635 334 1698 versitate
365 1634 541 1718 Pragensi
576 1634 704 1697 studiis
740 1633 996 1715 philosophicis

162 1758 328 1820 Braunae
359 1757 429 1820 iam
461 1759 668 1820 catechetae
701 1766 737 1819 et
766 1756 929 1839 magistri
960 1755 995 1817 in

162 1880 352 1962 gymnasio
368 1878 528 1962 fungitur
544 1876 680 1942 officiis

249 2004 379 2082 Scripsit
396 2004 562 2062 honoribus
578 2005 687 2060 domini
705 2001 826 2060 abbatis
841 2004 994 2080 1107101110-

163 2114 227 2167 ceni
245 2110 283 2166 ad
300 2110 388 2177 festa,
405 2128 483 2185 quae
500 2112 633 2184 quinque
649 2107 689 2164 ab
705 2122 833 2184 accepta
853 2107 995 2164 benedic-

164 2219 244 2271 tione
261 2213 403 2271 abbatiali
421 2216 554 2291 peractis
568 2213 670 2269 lustris
683 2214 844 2271 Blevnovii
858 2209 995 2268 celebra·

163 2320 286 2385 bantur,
319 2337 457 2376 carmen:
493 2317 621 2393 ,Worte
654 2316 709 2373 der
741 2316 906 2373 Ehrfurcht
936 2316 995 2372 und

164 2424 290 2491 Liebef,
304 2424 387 2499 quod
404 2422 495 2497 1869,
512 2424 630 2497 Pragae
644 2422 730 2499 prelo
744 2420 924 2478 submissum
938 2435 994 2478 est.

249 2516 473 2613 Ctvr‘tedka
513 2546 620 2608 Pius
663 2546 994 2626 (Blevnoveno

163 2666 443 2747 Braunensis),
481 2667 526 2727 ab
558 2664 762 2727 Albendorf
790 2664 994 2728 Bohemiae.

163 2789 277 2852 Natus
303 2788 359 2851 die
386 2809 436 2867 27·
461 2789 536 2851 Iun.
565 2791 655 2868 1836,
679 2787 803 2851 habitu
827 2786 994 2870 religioso

167 2916 245 2975 1863
261 2913 417 2994 indutus,
432 2911 549 2973 emisit
563 2909 619 2972 die
634 2914 684 2974 28.
699 2908 798 2991 Sept.
817 2913 894 2989 1867
909 2920 995 2972 vota

162 3036 355 3117 sollemnia,
373 3044 409 3097 et
423 3034 588 3096 absoluto
602 3052 706 3094 cursu
721 3032 923 3114 theologico
937 3032 994 3094 die

164 3164 213 3223 25.
228 3159 291 3222 Iul.
312 3161 393 3220 1808
410 3158 601 3239 presbyter
617 3154 801 3218 ordinatus
818 3165 882 3218 est.
907 3154 994 3216 Mox

162 3281 289 3344 studiis
317 3278 573 3361 philosophicis
600 3277 746 3341 navavit
773 3297 929 3359 operam,
958 3287 994 3340 et

163 3412 390 3483 comparatus
407 3402 453 3463 ad
467 3401 666 3462 docendum
680 3419 721 3462 ac
736 3399 803 3463 rite
816 3401 993 3481 approba-

162 3538 219 3588 tus
235 3528 281 3588 ab
304 3543 397 3587 anno
423 3528 503 3602 1870
525 3522 559 3584 in
583 3521 772 3604 gymnasio
794 3522 992 3583 Braunensi

162 3648 370 3730 magistrum
387 3646 463 3728 agit
481 3645 684 3707 matheseos
706 3654 741 3706 et
766 3642 992 3705 scientiarum

161 3770 384 3833 naturalium.
421 3767 534 3849 Quam
570 3768 614 3829 ad
648 3766 883 3828 describenda
919 3766 992 3827 ani-

1075 673 1151 716 rum
1168 655 1373 719 domestica.
1398 654 1503 738 Exin,
1520 674 1600 717 cum
1616 674 1680 737 per
1695 658 1806 718 breve
1822 665 1911 719 tem-

1075 795 1143 857 pus
1168 788 1327 839 curatum
1352 777 1489 859 egisset
1514 778 1560 839 ad
1589 797 1615 839 s.
1640 776 1846 840 Udalricum
1874 778 1910 841 in

1075 898 1221 980 regione
1242 899 1339 960 urbis
1355 898 1445 981 VIL,
1471 900 1677 981 capellanus
1699 901 1910 982 campestris

1076 1022 1256 1103 copiarum
1272 1022 1504 1104 imperialium
1518 1022 1728 1104 designatus
1741 1032 1805 1086 est.
1830 1022 1909 1104 Quo

1074 1164 1220 1207 munere
1237 1144 1428 1226 diligenter
1443 1144 1596 1226 functus,
1618 1145 1766 1208 clericos
1785 1146 1820 1210 in
1837 1166 1909 1209 mo-

1075 1268 1230 1330 nasterio
1247 1287 1401 1330 canones
1418 1268 1538 1331 docuit
1550 1288 1615 1350 per
1629 1287 1644 1348 7
1660 1288 1782 1349 annos,
1795 1271 1909 1331 donec

1074 1389 1228 1452 vicarius
1259 1402 1314 1453 est
1344 1390 1462 1453 factus
1493 1390 1708 1474 Eggendorf
1739 1391 1774 1453 in
1805 1392 1907 1454 valle.

1075 1512 1188 1574 Paulo
1208 1522 1291 1594 post
1312 1513 1347 1575 in
1369 1514 1619 1576 monasterium
1643 1532 1812 1578 reversus
1830 1534 1909 1577 cum

1074 1634 1124 1696 ibi
1141 1635 1426 1698 concionatorem
1443 1634 1645 1698 festivalem
1663 1636 1744 1699 dein
1762 1637 1909 1699 domini-

1075 1757 1186 1818 calem
1212 1755 1410 1819 ferventem
1435 1776 1474 1819 se
1499 1758 1755 1840 praestitisset,
1783 1779 1909 1822 munus

1074 1880 1163 1942 obiit
1178 1880 1323 1961 parochi
1336 1880 1372 1942 in
1384 1881 1488 1942 domo
1501 1900 1699 1962 pauperum
1712 1891 1748 1944 et
1760 1882 1908 1946 militum

1074 2002 1308 2064 invalidorum
1323 2021 1543 2082 1771-1779.
1560 2002 1615 2064 Ex
1626 2023 1695 2085 quo
1708 2004 1740 2066 ei
1753 2003 1909 2066 officium

1074 2125 1269 2206 subprioris
1283 2135 1318 2186 et
1331 2124 1476 2205 parochi
1490 2124 1524 2186 in
1538 2125 1752 2187 monasterio
1766 2127 1908 2188 deman-

1075 2248 1196 2309 datum
1222 2255 1286 2328 est,
1312 2249 1407 2328 quod
1431 2250 1626 2328 prudenter
1648 2248 1909 2311 administravit

1074 2387 1187 2449 usque
1204 2370 1250 2430 ad
1266 2380 1424 2451 mortem,
1443 2389 1536 2451 quae
1557 2390 1636 2432 eum
1652 2371 1832 2453 oppressit
1848 2391 1908 2432 an-

1074 2510 1140 2553 nos
1157 2503 1279 2553 natum
1298 2496 1350 2573 57,
1368 2492 1427 2554 die
1444 2497 1495 2555 30.
1513 2492 1642 2554 Ianuar
1662 2498 1753 2572 1787.

1161 2613 1274 2695 Typis
1291 2613 1402 2676 edidit
1418 2613 1608 2676 conciones
1625 2625 1831 2695 sequentes:

1162 2740 1184 2795 I.
1201 2737 1344 2795 Lobrede
1360 2737 1414 2794 auf
1427 2739 1484 2795 den
1497 2740 1628 2813 heiligen
1641 2740 1823 2796 Bonifacius.
1841 2736 1907 2817 (he.

1074 2844 1191 2900 Concio
1216 2845 1401 2919 panegyrica
1425 2843 1461 2899 de
1486 2863 1510 2900 s.
1536 2842 1713 2922 Bonifacio.)
1745 2859 1755 2900 1
1781 2845 1839 2900 vol.
1865 2844 1907 2900 8⁰.

1074 2951 1217 3016 Viennae,
1240 2947 1330 3022 1767,
1347 2951 1428 3024 typis
1445 2947 1514 3006 nob.
1532 2951 1569 3005 de
1587 2949 1715 3006 Ghelen.

1161 3054 1199 3110 II.
1221 3052 1344 3128 Predigt
1360 3052 1434 3110 iiber
1450 3054 1507 3110 den
1524 3054 1633 3111 Zweck
1652 3052 1709 3109 und
1725 3054 1773 3110 die
1789 3053 1907 3110 zweck·

1074 3161 1205 3233 maissige
1230 3159 1392 3216 innerliche
1414 3159 1612 3233 Einrichtung
1635 3159 1689 3215 des
1710 3158 1908 3215 Armeninsti-

1073 3278 1165 3321 tutes.
1190 3261 1219 3340 (i.
1238 3282 1263 3319 e.
1282 3264 1397 3320 Contio
1414 3263 1451 3318 de
1469 3265 1593 3319 instituti
1612 3282 1778 3339 pauperum
1795 3262 1907 3340 genio.)

1077 3383 1088 3424 1
1117 3368 1177 3424 vol.
1206 3366 1249 3425 8⁰.
1281 3367 1430 3434 Viennae,
1463 3367 1557 3440 1783,
1586 3370 1666 3444 typis
1694 3369 1786 3424 Math.
1814 3367 1906 3424 Andr.

1072 3471 1220 3529 Schmidt.

1158 3572 1307 3650 Czinftr
1322 3586 1491 3649 Maurus
1504 3585 1661 3649 Paulus
1675 3587 1737 3668 (de
1755 3606 1782 3648 s.
1795 3587 1907 3649 Mon-

1072 3715 1112 3766 te
1133 3704 1401 3787 Pannoniae),
1426 3725 1537 3787 eques
1559 3705 1692 3768 ordinis
1713 3706 1777 3768 ins.
1795 3706 1906 3767 Fran·

233 3892 240 3904 ,
352 3891 359 3904 ,
708 3889 714 3902 ,
746 3888 752 3902 ,
945 3888 951 3901 ,
1072 3826 1156 3888 cisci
1187 3826 1329 3908 Iosephi
1361 3828 1402 3910 L,
1438 3848 1491 3890 aa.
1525 3829 1558 3892 ll.
1591 3840 1627 3891 et
1659 3827 1905 3910 philosophiae

161 3894 266 3954 malta
294 3902 467 3955 rationem
492 3891 654 3953 docendo
681 3889 853 3952 didicerat
878 3900 992 3969 aptio·
1071 3950 1205 4030 doctor,
1229 3951 1434 4012 academiae
1455 3950 1671 4013 eruditorum
1695 3949 1904 4033 Hungariae

161 4035 244 4098 ‘em’
272 4016 317 4076 de
345 4034 388 4076 ea
415 4014 450 4076 in
477 4014 604 4076 litteus
628 4031 806 4095 gymnasn
831 4012 991 4073 effidem
1030 4035 1033 4140 i
1072 4071 1189 4133 socius
1213 4073 1511 4155 correspondens,
1536 4073 1571 4134 in
1597 4070 1790 4135 Szakolcza
1814 4091 1901 4134 com.

161 4158 253 4200 anno
275 4141 355 4216 187⁶
374 4138 568 4218 1111181111
585 4138 765 4198 d¹⁵⁸esu¹t³
1070 4192 1159 4255 vitr.
1177 4193 1211 4255 in
1228 4192 1414 4275 Hungaria
1431 4194 1488 4256 dte
1504 4199 1557 4258 so.
1574 4194 1678 4257 irari.
1700 4198 1777 4272 1787
1801 4214 1822 4256 a
1843 4213 1905 4274 pa·

248 4265 355 4337 Einige
372 4262 603 4335 Bemerkungen
617 4260 692 4318 liber
704 4262 761 4318 den
773 4262 991 4337 zoologischen

162 4370 333 4427 Unterricht
349 4371 378 4424 in
395 4368 450 4424 der
466 4365 570 4433 Sexta,
588 4369 640 4423 mit
655 4365 842 4423 besonderer
858 4365 991 4422 Bertick·
1070 4317 1462 4398 rentlbusaugustanae
1475 4317 1709 4380 confessmms
1719 4326 1827 4398 ⁰¹'tust
1841 4317 1904 4378 sed

160 4474 332 4549 sichtigung
347 4473 402 4528 der
418 4491 487 4528 vom
502 4470 619 4527 Lehrer
635 4470 730 4528 selbst
746 4470 990 4527 herbeizuschaf·
1029 4484 1032 4555 1
1070 4439 1139 4502 iam
1162 4460 1252 4523 Puer
1277 4442 1323 4503 ad
1346 4441 1553 4523 feligiORem
1582 4441 1674 4503 cath·
1701 4457 1904 4518 conversuS,

69 4617 73 4623 ·
160 4577 267 4635 fenden
292 4577 480 4634 Lehrmittel.
505 4573 534 4653 (i.
558 4595 584 4632 e.
607 4577 718 4632 Notata
738 4576 885 4650 quaedam
911 4578 991 4632 circa
1030 4564 1032 4649 ξ
1071 4582 1097 4624 S·
1121 4563 1244 4625 habitu
1269 4562 1326 4624 die
1351 4566 1402 4625 31.
1426 4561 1504 4625 Oct.
1531 4567 1609 4624 1802
1636 4561 1794 4641 indutus,
1820 4567 1904 4621 vota

160 4683 382 4760 praelectiones
398 4677 598 4757 zoologicas.)
1030 4678 1032 4756 ξ
1071 4685 1254 4746 sollemnia
1270 4685 1328 4746 die
1349 4706 1396 4762 14.
1415 4683 1513 4766 Sept.
1533 4688 1612 4746 1808
1635 4682 1760 4746 emisit.
1788 4683 1905 4744 Abso-

246 4794 361 4870 Cunz
376 4802 991 4887 Hugo(Scotensis)natusVien-
1070 4807 1152 4868 lutis
1178 4806 1308 4869 Iaurini
1333 4817 1367 4870 et
1391 4807 1426 4869 in
1451 4828 1477 4869 s.
1503 4819 1621 4869 monte
1646 4825 1672 4867 s.
1699 4803 1902 4886 theologiae

160 4943 225 4986 nae
245 4925 280 4986 in
296 4923 443 4986 Austria
464 4924 522 4985 die
544 4927 594 4985 26.
611 4923 685 4985 Iun.
707 4942 797 5005 1729,
815 4937 991 4988 monaste·
1029 4906 1033 5013 ἶ
1070 4930 1208 5011 studiis,
1229 4929 1621 5012 1809—10Tyrnaviae,
1643 4931 1805 4990 1810-11
1826 4927 1904 4989 Iau-

159 5046 245 5109 rium
263 5046 446 5129 ingressus
463 5055 517 5108 est
537 5067 562 5109 1.
579 5045 670 5108 Nov.
692 5066 782 5126 1749·
800 5047 903 5110 Votis
924 5049 991 5110 sol·
1029 5036 1032 5163 ἲ
1069 5051 1135 5112 11111
1156 5050 1274 5113 officio
1294 5050 1506 5133 professoris
1526 5070 1645 5132 gymn.
1663 5048 1817 5129 functus,
1837 5050 1904 5111 hoc

159 5170 332 5232 lemnibus
349 5169 406 5231 die
428 5189 452 5232 1.
470 5168 559 5231 Nov.
582 5174 664 5247 1750
680 5169 818 5231 emissis
835 5170 990 5232 celebra·
1070 5191 1163 5233 anno
1201 5173 1257 5234 die
1290 5178 1339 5235 23.
1371 5173 1459 5254 Apr.
1496 5152 1685 5254 presbyter
1720 5171 1904 5233 ordinatus

159 5292 274 5375 tisque
287 5286 354 5356 'die
382 5313 429 5355 11.
450 5293 513 5356 Iul.
536 5296 615 5371 1752
638 5292 816 5374 primitiis,
841 5293 990 5373 primum
1030 5316 1031 5351 ;
1071 5304 1136 5357 est.
1161 5295 1268 5357 Anno
1289 5299 1454 5356 1811—12
1473 5292 1655 5374 professor
1671 5293 1706 5355 in
1729 5312 1756 5356 s.
1774 5301 1903 5371 monte,

158 5415 403 5498 philosophiae
413 5413 670 5497 professorfuit
682 5415 716 5476 in
727 5415 846 5477 schola
859 5415 991 5478 littera·
1029 5424 1032 5500 7
1076 5419 1243 5494 1812—14
1271 5415 1431 5497 Posonii,
1468 5418 1634 5494 1814-15
1667 5417 1785 5477 denuo
1812 5413 1847 5474 in
1876 5432 1903 5476 s,

1659 5523 1695 5584 7*
