4178 6196
966 465 1248 536 -524-

236 666 401 708 emensus
424 646 563 728 riteque
586 646 833 728 philosophiae
857 649 982 711 doctor
1011 658 1065 712 est

235 778 418 850 promotus
431 768 599 831 Coloniae
616 774 645 831 3.
656 767 755 850 Sept.
771 774 862 834 1850.
887 768 1064 834 Sacerdos

236 892 281 952 ab
303 891 405 952 emin.
424 891 594 953 cardinali
611 900 647 953 et
664 892 934 973 archiepiscopo
951 894 1063 956 colon.

235 1012 369 1074 Ioanne
383 1013 426 1073 de
441 1010 581 1074 Geissel
595 1013 789 1093 ordinatuS,
800 1013 965 1093 sequenti
975 1014 1065 1076 nati-

235 1134 358 1196 vitatis
386 1135 426 1197 B.
454 1133 590 1196 Mariae
617 1134 661 1195 V.
690 1134 886 1198 festivitate
915 1135 1064 1217 primam

236 1256 378 1317 missam
388 1256 593 1318 celebravit.
606 1256 741 1318 Eodem
752 1277 845 1318 anno
854 1266 972 1320 rector
984 1277 1065 1320 con·

235 1378 380 1440 stitutus
411 1378 656 1460 progymnasii
682 1379 890 1458 Iuliacensis
920 1380 1064 1460 (Iiilich),

235 1501 281 1561 ab
298 1519 391 1562 anno
412 1504 579 1577 1854-50
596 1501 778 1581 professor
793 1511 829 1563 et
846 1501 999 1563 director
1019 1502 1065 1562 ad

235 1621 374 1683 interim
403 1622 579 1703 gymnasii
611 1622 914 1705 Aquisgranensis
947 1624 1066 1704 (Dom-

235 1743 369 1823 schule)
387 1748 523 1806 summa
536 1764 614 1806 cum
627 1745 732 1807 laude
745 1744 821 1807 fuit.
838 1744 982 1807 Relicto
997 1745 1066 1806 cle·

235 1865 388 1931 ricorum
417 1865 649 1927 saecularium
677 1876 773 1928 statu
800 1886 940 1928 sacrum
967 1866 1000 1927 b.
1025 1865 1064 1926 P.

237 1987 424 2049 Benedicti
448 1987 608 2049 habitum
632 1988 745 2049 induit
770 2009 798 2050 2.
815 1988 905 2051 Nov.
927 1991 1007 2049 1856
1030 1987 1065 2048 in

236 2109 411 2171 novitiatu
432 2108 721 2191 congregationis
738 2108 962 2171 Cassinensis
982 2119 1066 2171 tunc

235 2229 412 2311 Perugiae
429 2239 559 2310 erecto,
576 2231 633 2292 die
655 2235 701 2294 15.
718 2231 807 2292 Nov.
830 2236 907 2310 1857
927 2231 1066 2293 sollem-

1233 657 1255 712 Ι.
1273 657 1455 712 Dissertatio
1472 657 1683 732 philosophica
1694 657 1732 714 de
1744 660 1848 733 spatio
1862 672 1893 715 et
1907 672 1983 716 tem·

1146 778 1230 833 pore.
1247 761 1380 827 Bonnae,
1404 759 1495 832 1848.

1232 864 1268 919 ll.
1286 862 1431 919 Stimmen
1447 882 1501 920 aus
1515 864 1591 920 Rom
1604 882 1664 920 von
1676 864 1734 921 den
1746 865 1981 923 Benedictinern

1145 969 1174 1022 in
1190 965 1235 1023 St.
1253 968 1335 1023 Paul.
1360 964 1389 1044 (i.
1407 987 1433 1024 e.
1451 968 1615 1024 Tractatus
1634 971 1709 1025 varii
1731 988 1749 1025 a
1769 971 1843 1026 Ben.
1863 971 1980 1027 Romae

1146 1071 1184 1127 ad
1210 1090 1235 1128 s.
1263 1071 1387 1129 Paulum
1415 1071 1594 1146 degentibus
1623 1071 1716 1151 editi.)
1747 1072 1980 1142 Schaflbausen‚

1147 1175 1269 1232 Hurter.
1292 1175 1383 1249 1859.

1232 1279 1284 1335 lll.
1309 1280 1371 1335 Der
1388 1278 1566 1336 Gnadenort
1581 1282 1710 1338 Beuron.
1736 1278 1765 1357 (i.
1790 1300 1816 1339 e.
1840 1284 1980 1357 Peregri-

1146 1385 1228 1439 natio
1244 1402 1332 1439 sacra
1348 1380 1571 1463 Beuronensis.)
1587 1383 1749 1460 Freiburg,
1771 1384 1863 1458 1863.

1233 1488 1283 1544 lV.
1294 1487 1547 1545 Gertrudenbuch
1558 1488 1633 1545 oder
1642 1490 1801 1562 geistlicbe
1811 1489 1979 1566 Uebungen

1147 1590 1200 1646 der
1216 1591 1283 1647 11611.
1300 1592 1446 1667 Jungfrau
1463 1592 1596 1649 Gertrud
1616 1611 1686 1649 vom
1703 1594 1808 1650 Orden
1832 1595 1888 1652 des
1910 1596 1977 1653 11611.

1147 1695 1298 1752 Benedict.
1315 1692 1385 1773 (1.6.
1404 1696 1498 1753 Liber
1511 1717 1534 1753 s.
1546 1695 1729 1777 Gertrudis.)
1748 1696 1977 1767 Schaflhausen,

1147 1800 1269 1856 Hurter.
1291 1797 1381 1872 1864.
1400 1814 1428 1855 2.
1446 1800 1523 1856 Aull.
1546 1799 1636 1874 1871.

1232 1923 1268 1978 V.
1297 1923 1354 1978 Die
1382 1924 1551 1978 romischen
1576 1923 1798 1988 Katakomben.
1823 1920 1854 2002 (i.
1880 1943 1907 1981 e.
1933 1926 1979 1981 De

1147 2024 1332 2082 catacumbis
1346 2025 1511 2104 Romanis)
1525 2027 1695 2083 Broschdre
1707 2028 1761 2084 des
1775 2026 1975 2084 Franksurter

1148 2130 1468 2197 Broschiirenvereins‚
1484 2131 1587 2206 Jahrg.
1609 2129 1699 2204 1867.
1724 2132 1785 2188 ln’s
1803 2133 1975 2207 Englische‚

1148 2218 1384 2300 Franzdsische‚
1424 2233 1592 2310 Spanische
1630 2235 1690 2291 und
1728 2236 1975 2311 Portugiesische

236 2351 294 2413 nia
318 2362 403 2413 vota
428 2353 544 2414 emisit
570 2352 605 2415 in
629 2355 716 2415 urbe
743 2353 778 2415 in
802 2352 1015 2415 monasterio
1039 2371 1065 2414 s.
1105 2362 1108 2395 ¹
1147 2337 1310 2394 fibessetzt·

236 2475 337 2537 Pauli
355 2486 457 2538 extra
477 2496 596 2539 muros
621 2477 824 2558 ibidemque
848 2476 1066 2558 aliquamdiu

235 2618 262 2658 s.
285 2596 501 2679 theologiam
525 2598 655 2660 docuit.
680 2598 869 2680 Dirigente
893 2618 934 2660 ac
958 2600 1066 2660 bene-

237 2718 377 2780 dicente
395 2738 530 2780 summo
548 2719 715 2801 pontifice
731 2720 798 2781 Pio
814 2720 880 2781 IX.
898 2719 956 2783 fel.
969 2740 1013 2781 m.
1030 2719 1066 2781 in

237 2836 463 2902 Germaniam
484 2860 649 2902 reversus
670 2842 702 2902 d.
720 2841 867 2902 Maurus
890 2848 1066 2902 monaste-

236 2960 324 3023 rium
341 2981 367 3025 6.
381 2961 526 3023 Martini
543 2964 730 3025 Beuronae
748 2964 781 3025 in
797 2962 980 3043 provincia
993 2963 1065 3024 Ho-

236 3082 497 3145 henzolleriana
520 3084 643 3163 situm,
669 3085 862 3147 adiuvante
886 3084 920 3145 in
944 3084 1065 3164 primis

236 3204 395 3285 piissima
412 3214 448 3267 et
464 3205 689 3267 serenissima
706 3206 919 3287 principissa
937 3204 1065 3267 Catha-

235 3326 311 3388 rina
324 3328 369 3388 de
378 3327 648 3407 Hohenzollern,
661 3327 885 3408 restauravit,
901 3326 936 3388 in
951 3346 1065 3408 eoque

236 3447 293 3509 die
312 3469 361 3525 24.
379 3448 464 3510 Maii
486 3453 564 3510 1863
587 3449 697 3511 vitam
718 3447 950 3510 monasticam
971 3448 1067 3529 prior
1104 3502 1108 3553 ,
1147 3482 1975 3565 (ps.1-35)„3„(vesgriffen'ebeM'AuflfflLBd'

1147 3585 1206 3666 (Ps.
1224 3587 1481 3668 36-71)‚1876;
1499 3591 1551 3646 lll.
1562 3590 1613 3646 Bd.
1626 3587 1686 3669 (Ps.
1701 3587 1872 3668 72—100),
1889 3589 1976 3663 1878.

236 3589 315 3630 cum
333 3570 438 3630 sociis
456 3569 616 3634 instituit.
639 3570 830 3633 Crescente
852 3579 971 3632 autem
994 3588 1066 3631 1110-

237 3689 428 3751 1166110111111
457 3710 602 3753 1111111610
628 3693 769 3754 Romae
798 3691 856 3753 die
888 3711 937 3753 20.
966 3689 1065 3772 Sept.

241 3814 320 3872 1868
346 3811 392 3872 ab
417 3811 519 3873 emin.
541 3812 672 3875 cardin.
698 3813 824 3874 comite
847 3814 892 3874 de
907 3812 1068 3874 Reisach

236 3933 370 4014 primus
379 3934 620 3995 Beuronensis
633 3936 746 3995 abbas
759 3934 976 3996 sollemniter
985 3952 1066 3995 con-

236 4066 395 4117 secratus
413 4065 448 4117 et
465 4056 499 4116 in
513 4055 606 4117 festo
620 4076 645 4117 6.
659 4056 802 4117 Rosarii
818 4059 858 4136 (4.
870 4055 961 4134 Oct.)
976 4056 1066 4117 eius·

235 4179 314 4239 dem
339 4177 421 4240 anni
447 4178 634 4239 Beuronae
659 4187 713 4240 est
737 4178 948 4239 installatus.
974 4177 1066 4239 Exul

235 4318 312 4360 cum
330 4309 508 4361 conventu
526 4299 571 4360 ab
588 4318 680 4361 anno
703 4303 780 4377 1875
801 4299 835 4360 111
852 4301 952 4380 asylo
965 4299 1066 4360 Tiro-

234 4419 325 4480 lensi
351 4439 465 4501 prope
482 4421 635 4483 Volders
664 4423 801 4504 degens
810 4470 819 4502 ,
848 4442 868 4482 a
896 4420 1065 4482 facultate

233 4542 389 4623 theolog.
415 4543 657 4606 universitatis
674 4542 914 4625 Tubingensis
935 4541 992 4603 die
1018 4563 1064 4604 10.

236 4664 331 4744 Aug.
365 4668 442 4742 1877
477 4684 502 4726 s.
532 4666 735 4747 theologiae
767 4667 892 4729 doctor
923 4664 1064 4727 honoris

234 4804 342 4846 causa
367 4794 507 4846 creatus
529 4796 594 4848 est.
623 4787 787 4868 Denique
811 4788 925 4849 abbas
949 4786 1065 4848 factus

235 4907 442 4968 monasterii
474 4907 564 4988 regii
595 4908 635 4968 B.
667 4908 803 4970 Mariae
831 4907 989 4990 Virginis
1021 4910 1065 4970 de

235 5027 646 5090 Monteserrato-Emaus
667 5029 823 5111 Pragae‚
845 5028 1067 5090 Beuronensi

233 5148 425 5209 conventui
443 5149 500 5210 die
522 5170 546 5212 1.
564 5149 666 5211 Febr.
689 5154 770 5212 1880
786 5149 917 5213 traditi.

320 5268 451 5351 Opera,
478 5290 570 5351 quae
587 5290 658 5332 rev.
677 5273 790 5333 abbas
807 5271 960 5352 scripsit,
984 5280 1066 5333 sunt

232 5389 313 5451 fere
328 5390 433 5452 haec:

1234 2444 1283 2498 Vl.
1302 2443 1510 2499 Ceremoniale
1526 2443 1580 2499 der
1596 2443 1664 2499 heil.
1682 2443 1806 2500 Profess
1823 2443 1900 2502 oder
1916 2445 1976 2501 Ge-

1148 2545 1392 2621 llibdeablegung
1415 2547 1491 2602 nach
1515 2546 1569 2603 der
1585 2547 1681 2621 Regel
1706 2548 1761 2605 des
1782 2549 1852 2605 heil.
1870 2549 1977 2606 Vaters

1148 2651 1328 2707 Benedictus
1355 2654 1384 2706 in
1413 2651 1467 2706 der
1490 2650 1580 2708 Abtei
1604 2671 1628 2707 6.
1653 2653 1763 2708 Martin
1787 2673 1823 2708 zu
1848 2654 1975 2709 Beuron.

1147 2753 1176 2833 (i.
1202 2775 1228 2812 e.
1258 2756 1486 2812 Caeremoniale
1514 2753 1724 2834 monasticon.)
1755 2755 1976 2832 Sigmaringen‚

1148 2860 1289 2917 Li‘ehner.
1313 2858 1402 2917 1868.

1234 2965 1299 3020 Vll.
1317 2964 1438 3020 Psallite
1455 2961 1622 3039 sapienter!
1642 2965 1781 3021 Psalliret
1797 2962 1904 3023 weise!
1921 2966 1976 3022 Er-

1147 3050 1277 3142 klarung
1289 3067 1343 3123 der
1355 3068 1491 3124 Psalmen
1505 3070 1543 3124 im
1553 3068 1659 3125 Geiste
1671 3068 1726 3125 des
1739 3068 1975 3126 betrachtenden

1148 3171 1264 3229 Cebets
1281 3171 1340 3227 und
1355 3171 1409 3227 der
1426 3173 1573 3246 Liturgie.
1598 3173 1674 3228 Dein
1695 3173 1803 3229 Clerus
1824 3174 1885 3229 und
1900 3173 1977 3230 Volk

1147 3276 1308 3349 gewidmet
1332 3295 1392 3332 von
1414 3277 1467 3332 Dr.
1484 3277 1606 3332 Maurus
1622 3276 1743 3333 Wolter
1763 3295 1793 3333 0.
1810 3296 1835 3333 s.
1851 3280 1897 3343 B..
1918 3275 1977 3333 Abt

1146 3400 1206 3437 von
1219 3380 1263 3437 St.
1274 3382 1382 3436 Martin
1395 3401 1430 3436 zu
1442 3383 1571 3437 Beuron.
1585 3380 1745 3455 Freiburg,
1755 3381 1883 3439 Herder.
1895 3383 1917 3438 l.
1926 3381 1976 3438 Bd.

1233 3694 1314 3750 V111.
1333 3695 1499 3769 Praecipua
1513 3695 1669 3750 monastici
1688 3693 1802 3750 ordinis
1820 3695 1974 3751 elementa.

1149 3799 1277 3874 Brugae,
1295 3811 1416 3872 typogr.
1434 3797 1465 3855 S.
1484 3798 1653 3872 Augustini.
1676 3796 1766 3855 1880.

1233 3926 1545 3999 Womatschka
1561 3937 1786 4001 Othmarus
1798 3937 1976 4019 (Scoten

1147 4052 1228 4134 sis),
1245 4053 1406 4116 Viennae
1424 4054 1458 4115 in
1475 4055 1621 4116 Austria
1644 4055 1701 4116 die
1724 4075 1773 4118 21.
1790 4055 1878 4118 Dec.
1900 4059 1972 4131 1841

1148 4186 1262 4255 natus,
1280 4196 1359 4238 cum
1375 4176 1478 4238 bonis
1500 4176 1628 4239 litteris
1648 4177 1683 4239 in
1703 4177 1894 4259 gymnasio
1911 4177 1975 4239 Be-

1147 4298 1404 4360 nedictinorum
1426 4300 1471 4360 ad
1494 4296 1622 4361 Scotos
1644 4309 1822 4381 vacasset,
1846 4299 1974 4361 ibidem

1147 4417 1204 4479 die
1230 4422 1276 4482 15.
1294 4417 1394 4500 Sept.
1416 4424 1492 4481 1861
1519 4439 1545 4481 6.
1566 4419 1691 4484 habitu
1715 4419 1870 4502 indutus,
1895 4429 1976 4482 vota

1147 4539 1263 4601 emisit
1280 4541 1463 4602 sollemnia
1476 4541 1534 4602 die
1552 4562 1576 4604 1.
1588 4540 1665 4605 Oct.
1681 4546 1772 4605 1865.
1790 4541 1975 4604 Absolutis

1147 4662 1274 4723 deinde
1291 4682 1318 4724 s.
1335 4662 1539 4744 theologiae
1562 4663 1597 4725 in
1618 4663 1712 4726 univ.
1729 4664 1886 4729 Vindob.
1907 4675 1975 4726 stu·

1147 4784 1214 4845 diis
1231 4785 1492 4866 celebratisque
1509 4785 1566 4848 die
1587 4791 1635 4849 15.
1655 4787 1750 4869 Aug.
1770 4792 1849 4850 1865
1867 4808 1894 4850 6.
1907 4786 1973 4870 pri-

1147 4906 1269 4986 mitiis,
1296 4907 1534 4988 professorem
1562 4909 1637 4990 egit
1661 4909 1890 4990 supplentem
1914 4910 1974 4972 lin·

1146 5048 1241 5110 guae
1254 5027 1488 5092 Germanicae
1501 5031 1536 5092 in
1550 5051 1579 5092 6.
1590 5051 1615 5092 1.
1626 5030 1816 5112 gymnasio
1833 5032 1879 5093 ad
1892 5031 1973 5096 Sco-

1146 5161 1212 5232 tos,
1230 5151 1343 5212 donec
1360 5172 1452 5214 anno
1474 5157 1553 5233 1878
1575 5172 1680 5215 611166
1702 5153 1900 5216 animarum
1916 5154 1972 5215 ad-

1147 5273 1263 5334 dictus
1285 5283 1497 5355 cooperator
1518 5274 1728 5356 designatus
1745 5285 1801 5337 est
1817 5296 1884 5358 pro
1902 5276 1972 5337 Zel-

1146 5393 1314 5456 lerndorf.
