4178 6196
962 431 1242 498 -216—

233 652 298 696 sua
314 632 468 715 omnium
489 651 630 721 suorum
651 631 905 713 discipulorum
926 630 1062 694 animos

232 754 283 818 ita
309 754 376 818 sibi
398 754 613 837 conciliavit,
637 765 677 819 ut
699 774 802 818 nemo
827 754 873 817 sit
895 754 1061 817 inventus

233 877 293 959 qui
308 877 546 941 reverentiam
561 889 598 941 et
609 888 752 961 gratum
765 877 920 941 animum
934 876 986 940 illi
1002 877 1061 939 de·

232 1011 391 1083 negaret.
423 999 506 1063 Fuit
526 1000 618 1063 enim
633 1020 741 1064 verus
762 999 978 1063 studentium
998 1019 1062 1082 pa·

232 1130 301 1205 ter,
332 1122 539 1205 indigentiis
566 1141 686 1186 eorum
709 1122 965 1204 temporalibus
991 1141 1062 1185 non

232 1244 358 1307 minori
374 1264 458 1308 cura
473 1243 704 1308 sublevandis
726 1243 893 1326 intentus,
919 1263 961 1306 ac
982 1263 1062 1325 pro·

232 1367 373 1450 gressui
389 1386 510 1430 eorum
522 1367 557 1430 in
571 1366 732 1430 doctrina
744 1374 781 1429 et
792 1385 928 1428 morum
944 1365 1063 1447 probi·

233 1497 307 1552 tate
340 1489 545 1570 consulens,
576 1487 660 1551 licet
689 1489 900 1570 plerumque
926 1485 1064 1550 infirma

231 1610 437 1674 valetudine
453 1621 490 1675 et
505 1611 597 1674 malo
609 1610 763 1694 gutturis
775 1610 810 1673 in
826 1609 949 1692 primis
966 1610 1062 1672 labo·

232 1754 324 1796 rans
349 1733 466 1815 Quum
483 1754 574 1797 anno
595 1740 676 1814 1849
692 1732 892 1797 institutum
908 1732 1063 1814 philoso-

233 1857 375 1938 phicum
392 1877 557 1920 unacum
574 1857 626 1920 sic
638 1856 743 1920 dictis
756 1855 929 1918 classibus
940 1857 1062 1918 huma·

232 1979 390 2042 nioribus
411 1978 447 2041 in
470 1979 716 2064 ,gymnasium
736 1970 919 2061 superius“
945 1979 1061 2041 eleva-

231 2110 337 2182 retur,
359 2111 443 2165 tune
459 2101 642 2183 professor
656 2101 849 2165 Kaliwoda
869 2100 976 2164 etiarn
998 2099 1061 2163 lin·

232 2243 340 2306 guam
356 2233 393 2287 et
408 2222 643 2288 litteraturam
656 2224 827 2287 slavicam
842 2224 1061 2287 edocendam

232 2347 401 2428 suscepit,
418 2356 475 2410 ast
490 2366 600 2430 aegra
611 2346 815 2411 valetudine
832 2330 972 2409 blandis
987 2365 1062 2408 mu-

232 2469 282 2531 sis
298 2480 335 2532 et
350 2469 502 2533 dilectae
518 2470 695 2533 iuventuti
714 2469 908 2533 litterarum
929 2467 1063 2561 studio·

153 2574 155 2579 ¹
233 2610 294 2654 sae
310 2591 510 2654 valedicere
527 2601 682 2674 coactus,
699 2593 745 2654 ad
760 2591 866 2655 finem
882 2590 966 2653 anni
982 2594 1063 2654 1850

232 2714 278 2776 ad
294 2715 545 2777 monasterium
557 2714 756 2778 revertitur.
780 2715 887 2777 Anno
900 2713 1064 2796 sequenti

232 2857 254 2898 a
274 2856 394 2899 mense
410 2837 507 2900 Maio
528 2838 574 2900 ad
593 2836 699 2900 finem
714 2836 925 2900 Decembris
940 2835 1062 2898 Nosis-

231 2959 347 3023 laviae
364 2959 468 3022 amici
483 2960 537 3022 sui
551 2959 660 3023 Teslk
676 2959 823 3042 parochi
835 2959 913 3022 vice
929 2959 965 3022 in
979 2979 1064 3022 cura

232 3082 428 3146 animarum
442 3081 670 3167 fungebatur,
688 3103 768 3146 cum
783 3082 842 3144 ille
858 3084 905 3144 ob
921 3080 1062 3144 infirmi·

232 3214 342 3269 tatem
362 3206 501 3269 balneis
517 3203 913 3288 Graefenbergensibus
934 3205 986 3268 uti
1005 3224 1062 3268 co-

231 3338 385 3411 geretur.
409 3328 544 3391 Redux
564 3328 737 3411 magister
751 3327 965 3391 novitiorum
981 3347 1062 3391 con·

232 3450 390 3513 stituitur
406 3460 442 3513 et
455 3471 546 3513 anno
564 3455 643 3530 1854
661 3461 744 3534 post
760 3450 894 3514 obitum
907 3449 1063 3513 Victoris

232 3571 374 3637 abbatis
401 3594 451 3638 22.
473 3573 563 3638 Nov.
587 3574 697 3657 legali
720 3573 834 3637 forma
858 3574 952 3638 votis
977 3593 1063 3636 una·

232 3695 335 3758 nimis
352 3697 464 3757 abbas
477 3696 602 3758 tertius
614 3695 890 3779 Raigradiensis
903 3705 959 3759 est
971 3696 1062 3758 elec-

232 3828 306 3899 tus,
331 3817 430 3880 cuius
454 3817 640 3900 dignitatis
663 3837 771 3881 onera
795 3817 865 3880 iarn
888 3837 953 3900 per
976 3837 1062 3898 qua-

233 3939 396 4002 drantem
425 3939 575 4023 saeculi,
607 3918 765 4023 corporis
792 3938 995 4003 infirmitate
1026 3949 1062 4002 et

232 4062 340 4124 variis
367 4072 566 4145 temporum
597 4062 797 4127 infortuniis
828 4081 1061 4144 curarumque

232 4184 456 4248 multitudine
473 4185 568 4248 haud
579 4206 649 4248 una
661 4185 741 4247 vice
758 4203 962 4266 oppressus,
979 4183 1062 4247 forti

231 4309 415 4390 hucusque
446 4317 625 4372 sustentat
654 4307 781 4370 anime.
816 4307 887 4369 Per
916 4307 1062 4389 longum

231 4430 342 4514 hocce
358 4429 512 4513 spatium
528 4449 599 4492 non
614 4429 728 4491 solum
741 4427 977 4490 omnimodam
993 4426 1062 4489 fra·

232 4563 324 4616 trum
341 4552 547 4637 indigentiis
568 4562 604 4615 et
626 4553 785 4616 internae
810 4552 935 4613 domus
951 4550 1062 4612 direc-

233 4675 319 4738 tioni
332 4675 493 4739 adhibuit
506 4695 635 4756 curam,
649 4675 713 4737 sed
725 4673 840 4757 magis
852 4672 946 4735 illam
955 4671 1062 4735 etiam

233 4798 279 4860 ad
292 4809 416 4862 extera
429 4797 574 4881 negotia
582 4796 691 4860 variis
703 4796 739 4859 in
752 4797 894 4859 casibus
907 4796 942 4858 in
955 4797 1063 4859 rebus

232 4918 397 5001 politiciS,
407 4919 442 4981 in
451 4919 677 5000 susceptione
685 4917 917 5000 hospitum,in
925 4917 1062 4982 ratione

233 5043 364 5125 agendi
376 5064 455 5106 cum
467 5043 736 5128 magistratibus
744 5043 868 5106 mirum
877 5042 912 5105 in
921 5043 1063 5105 modum

233 5167 465 5247 spectandam
481 5169 572 5230 adeo
585 5167 761 5249 praebuit,
779 5176 818 5228 ut
833 5165 948 5228 nullus
964 5174 1063 5226 ante·

234 5305 412 5350 cessorum
436 5288 505 5369 ipsi
527 5308 607 5370 par,
631 5288 708 5368 ipse
736 5288 899 5350 omnibus
923 5284 1063 5368 dignior

234 5412 406 5475 videatur.
430 5409 614 5473 Moraviae
636 5409 798 5472 ordinum
819 5407 977 5472 conciliis
997 5426 1063 5488 per

1142 642 1222 695 octo
1243 652 1414 695 annorum
1437 634 1624 697 decursum
1643 606 1807 698 assidens
1829 634 1914 699 forti
1936 647 1975 702 et

1141 753 1274 818 invicto
1305 755 1422 818 animo
1453 755 1530 819 iura
1557 758 1829 821 conservativae
1859 759 1973 840 partis

1142 896 1282 958 semper
1294 879 1471 961 tuebatur,
1487 879 1592 942 nullis
1603 879 1731 943 illectis
1744 901 1861 962 neque
1872 882 1973 946 blan·
2000 939 2012 951 .

1142 998 1237 1063 ditiis
1272 1019 1388 1082 neque
1417 1003 1743 1084 pollicitationibus.
1780 1005 1821 1068 In
1848 1004 1972 1087 primis

1142 1142 1227 1185 vero
1247 1143 1318 1204 qua
1338 1133 1481 1187 curator
1497 1124 1649 1188 instituti
1670 1127 1970 1191 surdo-mutorum

1144 1245 1200 1326 (ab
1217 1265 1309 1308 anno
1329 1247 1510 1329 1859-73)
1530 1247 1611 1328 plus
1632 1266 1702 1309 una
1718 1247 1796 1311 vice
1817 1248 1853 1311 in
1873 1249 1972 1313 favo·

1142 1386 1216 1430 rem
1242 1368 1345 1431 huius
1371 1367 1524 1432 instituti
1550 1388 1711 1432 sermone
1741 1371 1972 1452 praecellenti

1143 1507 1269 1553 sensus
1299 1499 1507 1573 mentesque
1539 1510 1724 1574 procerum
1752 1491 1786 1555 in
1814 1493 1971 1557 conciliis

1142 1615 1387 1694 pertractabat
1406 1623 1514 1695 atque
1540 1613 1591 1676 ita
1612 1612 1744 1697 effecit,
1770 1626 1811 1678 ut
1833 1616 1880 1678 ad
1901 1635 1972 1679 am-

1142 1735 1324 1817 pliandum
1340 1735 1492 1799 instituti
1507 1736 1610 1799 huius
1626 1735 1825 1800 aedificium
1841 1758 1972 1822 magna

1142 1858 1294 1940 pecunia
1308 1856 1462 1921 10.ooofl.
1473 1860 1736 1942 concederetur,
1744 1858 1972 1924 fundationes

1140 1980 1275 2062 fierent,
1285 1979 1652 2065 salariaaugerentur,
1661 1981 1835 2044 institutio
1847 1981 1883 2044 in
1896 1992 1972 2046 arte

1141 2103 1308 2187 gymnica
1320 2102 1451 2165 ibidem
1463 2103 1756 2167 introduceretur.
1769 2103 1908 2185 Quibus
1920 2124 1972 2168 re·

1141 2229 1208 2289 bus
1224 2245 1295 2288 non
1311 2226 1422 2288 solum
1439 2224 1676 2289 omnimodam
1688 2227 1822 2308 primus
1837 2245 1903 2308 pro
1918 2224 1969 2290 in-

1140 2347 1265 2412 stituto
1285 2349 1396 2411 hocce
1418 2346 1581 2411 incitavit
1603 2348 1822 2430 industriam,
1846 2332 1969 2412 verum

1143 2469 1250 2534 etiam
1259 2471 1293 2532 in
1302 2469 1972 2553 animishominumingenuorumaeque

1143 2612 1184 2656 ac
1207 2593 1506 2655 surdo-mutorum
1530 2602 1669 2675 gratam
1692 2593 1746 2656 sui
1770 2594 1972 2657 memoriam

1143 2714 1294 2797 reliquit.
1318 2712 1375 2778 Ob
1391 2715 1612 2796 praeclaram
1633 2714 1669 2778 in
1685 2716 1810 2777 domus
1831 2725 1972 2795 nostrae¹

1143 2836 1381 2900 moderamine
1402 2835 1665 2900 manifestatam
1686 2837 1912 2917 prudentiam
1932 2855 1972 2899 ac

1143 2959 1394 3023 dexteritatem
1417 2978 1620 3040 supremum
1637 2959 1769 3022 ordinis
1785 2957 1971 3023 Teutonici

1142 3082 1352 3165 magistrum
1373 3081 1599 3145 archiducem
1619 3082 1902 3145 Maximilianum
1921 3081 1970 3145 vi-

1143 3226 1220 3268 rum
1236 3205 1393 3288 optimae
1409 3205 1599 3268 memoriae
1621 3225 1686 3268 nec
1707 3223 1777 3268 non
1798 3205 1874 3268 eius
1895 3224 1971 3268 suc·

1144 3347 1320 3391 cessorem
1336 3326 1562 3390 archiducem
1579 3325 1795 3390 Guilelmum
1810 3326 1846 3389 in
1862 3314 1970 3389 refor-

1143 3450 1271 3513 mando
1292 3450 1454 3513 instituto
1472 3450 1697 3512 sacerdotum
1719 3448 1851 3511 ordinis
1872 3466 1972 3531 prae·

1142 3573 1206 3636 fati
1228 3583 1264 3636 et
1279 3573 1315 3636 in
1332 3572 1559 3635 elaborandis
1581 3571 1725 3635 statutis
1746 3572 1893 3634 consilio
1912 3572 1972 3634 ad·

1142 3696 1239 3759 iuvit.
1251 3695 1503 3776 Quaecumque
1512 3694 1687 3777 gravioris
1696 3694 1865 3756 momenti
1873 3693 1971 3756 fuere

1141 3838 1224 3900 pars
1241 3817 1292 3880 sic
1309 3817 1404 3879 dicta
1420 3815 1608 3879 nationalis
1630 3816 1878 3879 conservativa
1894 3814 1969 3877 Mo·

1141 3940 1263 4004 ravica
1282 3941 1361 4021 plus
1382 3960 1453 4002 una
1468 3938 1546 4005 vice
1567 3938 1643 4001 eius
1667 3938 1818 4001 subiecit
1841 3937 1969 4000 iudicio

1142 4081 1257 4144 neque
1271 4081 1377 4124 unum
1388 4060 1527 4124 exstitit
1535 4061 1733 4124 institutum
1742 4059 1970 4123 humanitatis

1142 4186 1177 4248 in
1192 4183 1376 4267 provincia
1391 4193 1522 4265 nostra,
1545 4186 1640 4265 quod
1663 4182 1836 4246 materiali
1857 4200 1970 4264 aeque

1142 4327 1184 4370 ac
1212 4305 1386 4387 spirituali
1413 4305 1590 4368 iuvamina
1622 4324 1692 4367 non
1719 4302 1969 4367 sublevaverit

1141 4429 1234 4492 Hinc
1251 4427 1356 4491 etiam
1373 4427 1573 4509 principum
1588 4446 1702 4508 acque
1723 4446 1765 4489 ac
1785 4444 1971 4507 procerum

1142 4552 1216 4614 iure
1232 4549 1427 4632 promeruit
1442 4550 1612 4611 honorem
1629 4559 1665 4611 et
1680 4547 1882 4610 amicitiam.
1906 4545 1970 4610 Ce-

1142 4684 1256 4737 terum
1272 4670 1477 4736 Guntherus
1499 4673 1613 4734 abbas
1634 4671 1737 4733 nobis
1753 4670 1970 4752 perdilectus

1143 4814 1282 4859 omnem
1298 4814 1404 4877 quam
1421 4793 1537 4875 potuit
1550 4813 1669 4856 curam
1683 4802 1719 4856 et
1731 4792 1910 4855 sollertem
1922 4792 1971 4855 in·

1143 4917 1313 4980 dustriam
1325 4916 1376 4979 rei
1389 4914 1637 4979 oeconomicae
1651 4925 1686 4979 et
1695 4915 1970 4978 necessitatibus

1142 5037 1347 5104 monasterii
1362 5037 1536 5119 impendit
1552 5047 1589 5099 et
1604 5038 1704 5119 larga
1720 5036 1969 5100 benedictione

1143 5160 1290 5224 coelesti
1310 5161 1514 5240 accedente,
1536 5156 1699 5221 aedificia
1718 5158 1818 5220 varia
1839 5157 1969 5240 partim

1143 5282 1354 5364 aedificavit,
1378 5280 1507 5364 partim
1523 5300 1569 5343 ex
1585 5280 1726 5363 integro
1747 5277 1969 5361 restauravit,

1142 5406 1193 5470 uti
1205 5426 1234 5469 e.
1242 5426 1292 5489 gr.
1301 5407 1443 5467 domum
1451 5412 1609 5466 nostram
1619 5403 1849 5484 Brunensem,
1859 5402 1971 5465 eccle-
