4178 6196
948 422 1229 508 „264-

220 631 278 693 nio
295 627 511 711 Argoviensi
527 626 702 688 violenter
717 625 837 688 clausa
859 634 923 688 est.
947 623 1047 686 Tunc

221 754 370 814 absente
386 751 518 812 abbate
534 748 570 811 in
586 746 741 830 negotiis
756 745 924 829 gerendis
945 763 1048 807 oeco-

222 841 325 936 nomo
340 872 488 936 adstitit.
511 871 601 933 Post
622 869 866 951 expulsionem
887 887 907 930 e
928 887 1048 930 mona-

222 996 329 1059 sterio
340 995 439 1058 venit
455 996 500 1056 ad
513 991 702 1075 collegium
715 988 893 1055 Samense
905 990 1048 1053 iterum-

222 1119 342 1201 quein
359 1117 489 1180 scholis
506 1119 634 1180 docere
649 1113 794 1195 incepit.
818 1113 889 1175 Ast
900 1131 970 1175 non
987 1111 1048 1175 diu

221 1241 331 1314 rexit;
360 1259 464 1302 casus
491 1237 712 1301 tristissimus
739 1235 860 1298 dilecti
886 1233 1047 1297 coenobii

222 1362 290 1445 ipsi
303 1373 374 1425 tarn
388 1363 494 1455 corde
507 1370 593 1442 erat,
606 1368 645 1422 ut
653 1376 738 1420 vere
751 1358 872 1420 dolore
885 1356 1048 1439 diruptus

222 1485 292 1547 dici
309 1483 432 1566 possit.
463 1482 627 1546 Piissime
643 1482 730 1546 obiit
746 1483 803 1545 die
820 1481 939 1544 3.Ι211.
957 1483 1048 1558 1843.

311 1606 475 1688 Scripsit:

310 1735 331 1790 Ι.
349 1735 483 1790 Diarium
505 1731 682 1805 1836-38,
699 1734 729 1788 in
744 1731 810 1788 Fol.
827 1744 890 1804 400
907 1749 935 1806 p.

309 1841 345 1896 ll.
371 1838 448 1896 Acta
470 1838 606 1914 capituli,
631 1855 708 1912 quae
730 1854 786 1913 pro
808 1836 933 1919 historia
948 1853 1050 1892 mona·

223 1947 305 2001 sterii
317 1944 402 2001 simul
414 1963 479 2001 curn
490 1943 584 1999 diario
593 1943 692 2016 magni
706 1954 774 1997 sunt
783 1941 881 2016 pretii.
895 1940 928 1995 In
936 1939 1049 1996 archiv.

223 2048 428 2105 Muto-ories.
445 2047 482 2104 A.
499 2048 522 2104 I.
540 2048 591 2104 111.

309 2176 434 2249 Kuhn
448 2185 628 2248 Ioannes
644 2183 972 2266 Ev.·(Murensis)‚
989 2205 1050 2248 na-

223 2314 280 2366 tus
297 2303 601 2366 Waltenschvilae
617 2302 652 2364 in
668 2301 838 2383 Argoda,
859 2301 1050 2382 professio·

222 2445 302 2488 nem
319 2425 550 2488 monasticam
567 2424 684 2488 emisit
704 2423 761 2485 die
783 2444 833 2503 27.
850 2427 935 2488 Dec.
958 2431 1048 2507 1820,

223 2557 259 2610 et
280 2549 447 2610 sacerdos
468 2547 701 2631 inauguratus
724 2556 779 2609 est
802 2547 859 2610 die
881 2569 931 2626 24.
953 2548 1047 2631 Aug.

227 2674 316 2733 1825.
330 2669 528 2752 Perplures
536 2690 648 2734 annos
658 2672 778 2734 docuit
790 2672 825 2733 in
835 2671 963 2733 scholis
972 2670 1049 2733 Mu·

222 2775 384 2855 rensibus
393 2805 429 2855 et
437 2793 472 2855 in
482 2792 818 2877 collegioSarnensi.
829 2791 1050 2858 ObiitGriesi

223 2914 280 2976 die
307 2936 356 2993 29.
379 2914 482 2978 Mart.
508 2919 599 2980 1855.
632 2916 774 2979 Archiv.
799 2912 1048 2978 Muto-Gries.

222 3047 412 3100 conservat
429 3037 520 3100 eius:

309 3164 411 3218 Diaria
431 3183 449 3219 a
470 3167 687 3241 suppressione
708 3166 880 3221 monasterii
902 3165 1049 3221 Murensis

227 3266 302 3339 1841
324 3286 419 3343 usque
440 3267 530 3342 1845,
548 3287 625 3343 quae
646 3266 884 3325 conscribendae
905 3267 1049 3324 historiae

222 3369 300 3427 illius
317 3374 463 3448 temporis
480 3374 651 3429 inserviunt.
670 3370 712 3430 8⁰.
734 3386 791 3429 102
812 3390 841 3447 p.

311 3518 478 3592 Kumbli
502 3530 780 3613 Hieronymus
805 3530 1051 3628 (Murensis)‚v

224 3656 329 3709 natus
346 3647 509 3712 Solodori
525 3648 560 3712 in
572 3648 739 3712 Helvetia
752 3650 809 3712 die
826 3671 850 3712 1.
861 3649 947 3712 Maii
960 3654 1051 3729 1732,

224 3779 308 3832 vota
323 3771 491 3853 religiosa
508 3772 624 3834 emisit
645 3772 703 3835 die
725 3793 775 3836 21.
791 3773 865 3836 Ian.
886 3776 976 3852 1751,
998 3790 1051 3833 sa-

225 3884 439 3955 cerdotalem
460 3893 618 3957 ordinem
640 3893 780 3975 accepit
804 3894 860 3956 die
883 3914 932 3956 21.
951 3890 1049 3975 Sept.

229 4020 319 4095 1755.
335 4016 376 4078 111
392 4016 550 4079 scientiis
563 4015 772 4098 theologicis
784 4017 875 4078 bene
887 4025 1050 4079 versatus

224 4158 288 4220 per
305 4139 423 4219 plures
440 4158 551 4202 annos
568 4139 715 4201 iuvenes
732 4134 908 4221 instruxit,
924 4149 1051 4221 postea

225 4281 350 4324 munus
367 4262 549 4324 oeconomi
562 4261 597 4324 in
609 4261 823 4324 monasterio
840 4261 872 4323 ei
884 4261 1050 4324 collatum

225 4395 288 4448 est.
321 4382 456 4447 Claruit
482 4403 616 4446 morum
645 4383 850 4466 integritate
874 4385 1049 4463 modoque

225 4507 366 4570 vivendi
391 4506 554 4569 ascetic0.
587 4506 642 4569 Ex
668 4507 735 4569 hac
762 4506 835 4569 vita
863 4504 1050 4588 emigravit

215 4624 283 4693 ‘die
308 4634 358 4692 23.
380 4628 479 4711 Sept.
508 4633 598 4708 1795.
628 4628 745 4690 Unum
769 4648 859 4710 opus
882 4626 1051 4708 scriptum

226 4763 403 4834 superest:

312 4879 554 4953 Betrachtungen
570 4876 645 4934 iiber
658 4877 705 4934 die
717 4878 931 4934 vornehmsten
944 4877 1051 4934 Pssich-

226 4997 275 5040 ten
299 4984 353 5040 des
374 4982 621 5040 Klosterstandes
645 4995 751 5040 sammt
775 4984 858 5038 einer
878 4980 1052 5056 Erklarung

225 5088 279 5145 des
291 5090 576 5164 Kirchengesanges
592 5107 661 5145 vom
678 5088 745 5144 heil.
760 5087 876 5156 Geiste,
893 5087 969 5143 nach
985 5084 1051 5142 dem

225 5194 331 5250 Franz.
350 5193 403 5249 des
420 5194 451 5249 P.
468 5193 573 5260 Morel,
590 5193 703 5268 Congr.
720 5211 744 5248 s.
761 5192 866 5247 Mauri.
885 5186 913 5269 (i.
929 5209 954 5247 e.
972 5190 1052 5247 Con*

226 5298 422 5354 siderationes
438 5296 475 5353 de
491 5297 600 5354 officiis
615 5299 804 5373 superiorum
826 5291 988 5374 coenobii.)
1009 5300 1051 5366 4⁰.

227 5420 288 5477 229
305 5423 344 5478 p..
363 5405 391 5458 in
406 5400 478 5460 bibl.
495 5401 699 5459 Muto-Gries.
717 5400 793 5483 Cod.
816 5414 863 5456 10.
886 5397 953 5455 116.

1213 605 1461 692 Kummerer
1486 630 1703 713 Rupertus
1732 627 1960 710 (San-Pau·
2043 690 2048 698 ,

1126 746 1270 829 lanus).
1292 746 1406 811 Natus
1422 758 1477 810 est
1493 747 1529 810 in
1541 747 1663 810 Bruck
1678 747 1713 809 in
1726 728 1881 811 Bavaria
1896 743 1960 809 die

1128 872 1158 933 6.
1182 868 1302 932 Martii
1330 872 1425 944 1835;
1449 888 1476 933 s.
1500 869 1623 954 habitu
1650 869 1793 931 indutus
1820 867 1879 931 die
1904 888 1958 946 ²4·

1127 991 1222 1074 Aug.
1239 994 1319 1070 1857
1333 990 1549 1055 sollemniter
1560 990 1744 1073 professus
1756 990 1814 1053 die
1829 990 1958 1071 1.Apr.

1131 1117 1226 1188 1862;
1247 1115 1414 1177 sacerdos
1430 1115 1613 1178 ordinatus
1635 1115 1693 1177 die
1709 1119 1760 1177 31.
1778 1113 1841 1176 Iul.
1864 1115 1958 1176 1862.

1127 1219 1261 1299 Studio⁸
1279 1237 1482 1319 theologiae
1509 1237 1545 1300 in
1572 1236 1767 1319 episcopali
1791 1236 1958 1300 instituto

1128 1356 1414 1440 Clagenfurtensi
1437 1359 1591 1421 vacabat
1617 1377 1729 1440 usque
1754 1358 1800 1420 ad
1822 1375 1957 1420 annum

1133 1481 1222 1561 1862,
1240 1498 1333 1541 anno
1349 1480 1512 1562 sequenti
1528 1479 1563 1542 in
1579 1479 1793 1542 monasterio
1808 1498 1836 1542 s.
1853 1476 1959 1542 Pauli

1128 1602 1175 1664 ad
1197 1620 1323 1664 munus
1348 1603 1497 1665 docendi
1520 1602 1700 1685 publicum
1723 1602 1890 1684 privatim
1918 1621 1959 1665 se

1128 1725 1293 1806 parabat,
1320 1725 1366 1786 ab
1390 1743 1483 1788 anno
1511 1729 1590 1788 1863
1617 1743 1731 1806 usque
1756 1725 1802 1786 ad
1825 1742 1958 1787 annum

1133 1849 1213 1909 1866
1229 1846 1265 1909 in
1281 1846 1375 1910 univ,
1391 1846 1545 1910 Vindob.
1562 1846 1776 1930 philologiae
1793 1843 1958 1909 Graecae

1130 1978 1166 2030 et
1185 1967 1334 2030 Latinae
1355 1987 1499 2050 operam
1519 1968 1618 2032 dedit
1638 1979 1710 2032 12111
1723 1967 1901 2039 eminenti
1922 1978 1960 2031 et

1129 2091 1236 2154 celeri
1243 2109 1446 2173 progressu,
1457 2103 1496 2153 ut
1508 2091 1599 2153 inter
1608 2091 1766 2153 alumnos
1779 2089 1958 2153 seminarii

1128 2212 1335 2296 philologici
1362 2223 1549 2295 susceptus
1576 2212 1692 2276 fuerit.
1723 2213 1764 2275 In
1792 2212 1957 2276 examine

1129 2335 1323 2398 eminenter
1344 2337 1563 2417 approbatus
1587 2334 1767 2415 professor
1789 2335 1825 2396 in
1848 2335 1957 2398 variis

1129 2457 1325 2540 gymnasiis
1341 2458 1507 2530 docebat;
1529 2477 1641 2538 usque
1662 2458 1707 2519 ad
1724 2477 1854 2520 annum
1875 2461 1955 2536 1867

1129 2579 1165 2640 in
1179 2579 1366 2662 gymnasio
1379 2577 1638 2660 San-Fauiano,
1656 2579 1737 2642 dein
1754 2579 1790 2641 in
1806 2599 1956 2663 gymna-

1129 2700 1190 2762 siis
1213 2700 1507 2784 Clagenfurtensi,
1532 2702 1754 2764 Pettoviensi
1776 2702 1812 2764 in
1837 2699 1956 2783 Stiria,
2060 2701 2069 2721 ⁶

1129 2822 1305 2886 Linciensi
1321 2824 1356 2885 in
1372 2824 1528 2904 Austria‚
1545 2823 1721 2886 Brunensi
1742 2824 1777 2886 in
1793 2822 1955 2886 Moravia

1129 2945 1267 3009 litteras
1284 2945 1440 3010 Graecas
1462 2958 1497 3008 et
1513 2945 1658 3009 Latinas
1679 2947 1897 3027 explanabat
1920 2956 1957 3008 et

1130 3068 1300 3150 explanat
1321 3088 1363 3130 ea
1383 3067 1534 3150 ratione,
1559 3087 1650 3148 quae
1673 3079 1748 3130 turn
1768 3067 1958 3131 iuvenibus

1131 3191 1299 3253 studiosis
1307 3200 1380 3253 tum
1389 3189 1654 3272 gymnasiorum
1667 3189 1881 3271 praepositis
1892 3191 1955 3252 ad·

1130 3315 1272 3377 modurn
1288 3314 1468 3394 probatur.
1919 3300 1923 3308 ⁴

1217 3461 1421 3542 Sequuntur
1433 3460 1508 3522 eius
1518 3461 1650 3542 scripta
1658 3460 1755 3543 typis
1764 3460 1955 3543 impressa:

1217 3616 1239 3671 1.
1258 3612 1358 3672 Ueber
1373 3614 1431 3670 den
1443 3611 1604 3670 Gebrauch
1621 3613 1674 3669 des
1686 3613 1802 3669 Plurals
1818 3626 1891 3669 statt
1904 3612 1958 3669 des

1131 3718 1288 3795 Singulars
1304 3716 1353 3775 bei
1370 3717 1543 3794 Sophokles
1560 3717 1618 3773 und
1635 3717 1806 3792 Euripides.
1823 3714 1853 3794 (1.
1867 3734 1894 3773 e.
1909 3717 1956 3773 De

1131 3845 1186 3882 usu
1209 3823 1331 3902 pluralis
1354 3823 1422 3881 loco
1440 3822 1606 3897 'singularis
1628 3821 1789 3898 Sophoclis
1814 3835 1844 3878 et
1868 3821 1956 3878 Euri·

1130 3928 1231 4008 pidis.)
1246 3930 1421 4003 Programm
1437 3926 1491 3983 des
1507 3927 1536 3984 1.
1553 3926 1582 3982 1.
1600 3926 1811 4001 Gymnasiums
1827 3946 1863 3982 zu
1881 3925 1954 3982 Kla-

1131 4033 1250 4108 genfurt
1277 4051 1324 4089 am
1351 4032 1495 4089 Schlusse
1526 4030 1579 4088 des
1607 4029 1832 4104 Studienjahres
1865 4027 1956 4104 1869,

1131 4158 1160 4215 p.
1189 4152 1308 4210 1—233
1333 4137 1460 4195 undam
1483 4134 1627 4193 Schlusse
1650 4135 1704 4192 des
1727 4133 1956 4209 Studienjahres

1135 4242 1225 4316 1870,
1242 4261 1271 4318 p.
1295 4256 1405 4298 1-21.
1424 4241 1466 4298 8⁰.

1216 4347 1253 4402 ll.
1280 4345 1378 4403 Ueber
1401 4346 1455 4402 das
1478 4344 1792 4403 Schuldbewusstsein
1821 4343 1875 4400 des
1899 4341 1959 4402 So·

1129 4451 1347 4528 phokleischen
1359 4450 1495 4527 Oedipus
1508 4449 1561 4505 aus
1571 4449 1718 4505 Kolonos.
1736 4446 1765 4527 (1.
1779 4467 1806 4505 e.
1820 4448 1960 4525 Oedipus

1130 4558 1175 4613 sui
1192 4557 1291 4613 delicti
1308 4553 1469 4634 conscius.)
1492 4555 1666 4633 Prograrnm
1690 4553 1743 4609 des
1765 4554 1817 4609 Ill.
1838 4553 1961 4629 Jahres·

1130 4660 1281 4718 berichtes
1302 4660 1356 4717 des
1376 4661 1658 4717 steiermarkischen
1679 4657 1961 4732 Realgymnasiums

1132 4768 1160 4823 in
1177 4767 1294 4822 Pettau.
1317 4763 1405 4838 1872.
1423 4784 1452 4841 p.
1474 4779 1585 4836 1—24.
1611 4763 1653 4820 80.
1680 4761 1888 4837 Selbstverlag
1905 4761 1961 4820 des

1131 4870 1422 4946 Realgymnasiums.
1440 4869 1597 4926 Gedruckt
1613 4871 1641 4924 in
1655 4868 1735 4924 Graz
1751 4866 1800 4924 bei
1813 4866 1961 4942 Leykam.

1219 4975 1270 5032 111.
1290 4976 1362 5030 Zum
1379 4973 1560 5030 Gebrauche
1581 4973 1635 5030 des
1651 4973 1860 5047 griechischen
1877 4971 1961 5028 Con-

1129 5082 1253 5157 junctiv‚
1270 5077 1486 5136 insbesondere
1499 5080 1552 5135 des
1564 5076 1872 5152 Conjunctiv·Aorist.
1890 5072 1921 5153 (1.
1933 5094 1959 5133 e.

1132 5188 1178 5244 De
1202 5205 1257 5242 usu
1281 5185 1461 5241 coniunctivi
1483 5183 1593 5240 Graeci
1614 5179 1683 5260 etc.)
1708 5182 1883 5256 Programm
1905 5178 1961 5236 des

1132 5291 1161 5349 k.
1172 5293 1201 5349 k.
1212 5290 1521 5365 Staatsgymnasiums
1530 5308 1564 5343 zu
1574 5289 1674 5344 Briinn
1682 5286 1729 5343 fiir
1738 5287 1795 5343 das
1801 5284 1961 5361 Schuljahr

1091 5439 1092 5446 .
1136 5394 1226 5469 1876.
1236 5415 1265 5472 p.
1277 5411 1287 5451 1
1299 5429 1331 5437 -
1342 5410 1389 5468 19.
1397 5394 1438 5451 8⁰.
1446 5393 1549 5449 Druck
1558 5392 1804 5449 vonC.Winiker
1813 5392 1842 5447 in
1849 5391 1961 5448 Brilnn.
