4178 6196
906 496 1190 567 -519-

170 680 309 742 iuvenis
326 701 361 760 17
377 701 548 743 annorum
565 683 706 745 stimulo
720 686 898 747 eruendae
915 686 1004 748 anti-

171 802 318 883 quitatis
354 804 500 886 ductus,
536 825 622 866 casu
657 804 803 868 fortuito
838 807 1004 869 volumen

171 945 277 987 unum
293 927 554 1007 topographiae
571 948 592 987 a
609 925 763 1009 Schwoy
785 928 903 991 editae
920 930 1005 991 arri-

171 1058 283 1128 peret,
305 1050 400 1129 quod
421 1050 467 1110 ad
484 1058 682 1111 extremum
702 1051 892 1112 revolvens
913 1050 1006 1113 desi-

172 1168 270 1231 derio
287 1169 432 1252 exarsit,
450 1184 488 1233 ut
505 1172 696 1253 aliquando
712 1173 861 1234 mendas
882 1172 1005 1234 inven-

172 1300 227 1353 tas
244 1291 421 1374 corrigere
436 1292 503 1354 sibi
514 1294 648 1356 liceret.
662 1293 776 1375 Quod,
787 1314 893 1375 quam
902 1314 1005 1376 prae-

172 1414 267 1476 claro
279 1416 386 1477 modo
399 1426 526 1496 postea
535 1417 765 1497 praestiterit,
774 1417 869 1478 fama
882 1418 1006 1499 adqui·
1043 1422 1047 1447 ¹

173 1535 242 1597 sita
262 1545 300 1599 ut
317 1536 501 1600 Moraviae
515 1539 730 1620 topographi
744 1540 912 1602 declarat.
929 1539 1005 1600 Ab·

173 1657 299 1719 solutis
315 1659 441 1721 studiis
453 1659 720 1722 humanioribus
736 1670 774 1722 ut
791 1680 899 1741 supra
916 1660 1005 1722 dixi-

173 1797 251 1839 mus
264 1779 420 1841 Brunam
439 1800 478 1842 se
499 1781 648 1843 contulit
665 1780 913 1863 philosophiae
933 1792 1006 1844 stu-

172 1901 279 1962 dendi
306 1921 414 1964 causa
438 1901 558 1982 ibique
579 1902 680 1964 annis
710 1909 872 1965 1810—11
897 1906 1006 1966 ductu

173 2023 366 2085 celebrium
392 2033 415 2087 t.
433 2035 456 2087 t.
477 2024 719 2106 professorum
744 2027 801 2088 dd.
824 2026 1006 2088 Likawetz

173 2155 210 2208 et
225 2145 446 2208 Hallaschka
466 2147 541 2210 ord.
558 2145 594 2210 S.
611 2148 679 2210 los.
697 2147 913 2210 Calasanctii
934 2157 1006 2210 stu-

174 2267 311 2329 diorum
328 2267 654 2349 philosophicorum
675 2289 816 2331 cursum
839 2270 1008 2332 eminenti

173 2410 252 2451 cum
262 2408 456 2471 progressu
469 2391 634 2453 absolvit.
652 2389 793 2454 Statum
807 2391 1007 2455 clericalem

173 2510 224 2572 uti
241 2531 368 2573 munus
380 2533 402 2574 a
413 2512 492 2574 Deo
509 2512 576 2574 sibi
593 2513 815 2594 assignatum
831 2515 1006 2598 aspirans,

172 2636 219 2697 ad
233 2635 328 2715 quod
340 2634 400 2715 pia
414 2643 527 2697 mater
540 2635 600 2695 diu
612 2645 718 2696 antea
732 2655 792 2698 cor
805 2645 841 2698 et
853 2637 1007 2699 animum

172 2757 235 2819 filii
252 2768 542 2839 praeparaverat,
560 2779 589 2834 q.
602 2757 689 2820 Dec.
707 2762 783 2820 1811
805 2760 851 2821 ad
864 2761 1007 2822 domum

174 2880 372 2942 clericalem
384 2879 560 2944 Olomucii
571 2879 705 2962 suscipi
715 2880 882 2962 precibus
892 2882 1007 2944 enixis

173 3003 316 3082 orabat,
354 3001 482 3082 quibus
521 3012 700 3063 annuente
737 3003 1007 3085 archiepiscopo

174 3121 352 3202 Wolnyin
363 3141 530 3184 caesareo
540 3123 641 3204 regio
651 3124 754 3205 lyceo
764 3124 895 3187 ibidem
904 3146 1007 3207 prae·

176 3242 348 3304 lectiones
361 3243 582 3325 theologicas
596 3263 642 3305 ex
650 3246 911 3328 archaeologia,
924 3267 1007 3310 exe-

174 3364 263 3445 gesi,
279 3364 403 3446 lingua
417 3365 598 3428 Hebraica
619 3376 655 3428 et
676 3367 823 3430 historia
840 3370 1007 3432 ecclesia-

175 3487 266 3548 stica
288 3488 541 3568 frequentabat
565 3509 630 3570 per
650 3509 794 3561 annum;
818 3500 902 3553 tunc
918 3491 1007 3554 Bru-

174 3628 255 3670 nam
279 3628 399 3671 mense
422 3608 569 3673 Octobri
591 3616 669 3673 1812
693 3612 867 3675 remeavit
887 3613 1007 3696 ibique

174 3749 239 3808 per
267 3731 456 3793 triennium
481 3732 516 3794 in
540 3733 704 3796 instituto
727 3735 931 3818 theologico
952 3758 1008 3800 ce·

174 3862 271 3914 teras
287 3863 409 3935 partes
425 3854 597 3917 scientiae
614 3876 736 3919 sacrae
750 3859 892 3938 aequali
908 3858 1008 3922 indu·

174 3973 261 4036 stria
277 3995 320 4036 ac
336 3994 473 4037 summa
497 3996 576 4039 cum
600 3978 705 4039 laude
726 3978 862 4041 audivit
885 3980 944 4062 ita,
969 3990 1009 4044 ut

175 4095 243 4156 iam
260 4096 375 4177 primo
400 4111 637 4162 commoratus
662 4101 717 4163 sui
740 4122 834 4165 anno
857 4106 903 4166 ob
924 4086 1020 4166 emi-V

175 4228 318 4280 nentem
343 4239 572 4302 progressum
595 4222 810 4304 stipendium
832 4245 891 4286 100
906 4224 939 4289 fl.
961 4245 1008 4288 ex

173 4337 284 4401 fundo
298 4340 482 4422 religionis
495 4343 672 4407 meruerit.
693 4345 753 4407 Ad
765 4344 870 4409 finem
885 4366 1008 4410 cursus

175 4463 379 4543 theologiae
390 4465 632 4528 catecheticae
642 4477 678 4528 et
691 4467 913 4530 methodicae
923 4487 1008 4549 ope·

174 4601 249 4643 ram
267 4584 365 4645 dedit
382 4596 418 4646 et
434 4587 606 4648 absolutis
623 4588 751 4651 studiis
768 4598 839 4651 tam
852 4589 1008 4672 philoso-

118 4782 120 4786 ,
176 4702 291 4783 phicis
309 4725 415 4785 quam
431 4708 642 4791 theologicis
656 4709 824 4772 eminenti
837 4730 915 4773 cum
927 4730 1008 4792 pro·

173 4822 290 4908 fectu,
316 4831 520 4910 exemplum
545 4830 621 4912 viri,
646 4832 771 4893 eadem
796 4831 831 4894 in
853 4832 1008 4915 civitate,

174 4949 268 5011 unde
294 4949 372 5030 ipse
399 4960 475 5013 erat
497 4951 570 5014 nati
587 4951 740 5016 Richter
763 4953 885 5036 nostri,
909 4974 1010 5017 secu·

175 5065 232 5130 tus
248 5090 371 5132 mense
386 5072 581 5135 Februario
598 5077 678 5136 1816
690 5076 787 5156 apud
799 5095 864 5138 nos
877 5076 1009 5158 suscipi

175 5191 317 5272 rogavit
335 5202 371 5256 et
389 5195 537 5257 obtenta
557 5197 711 5278 desuper
723 5199 885 5278 gubernii
902 5197 1010 5261 licen·

174 5312 224 5374 tia
254 5315 334 5378 ddo,
364 5319 392 5377 8.
418 5315 522 5381 Febr.
553 5318 656 5380 huius
683 5320 842 5383 habitum
871 5341 1014 5385 sacrum-

174 5456 204 5510 q.
226 5435 333 5500 Mart.
358 5457 379 5499 a
405 5439 497 5500 dom.
519 5441 651 5503 abbate
673 5442 880 5525 Augustino
902 5446 1010 5508 Koch

1084 682 1236 763 accepit.
1268 683 1446 747 Absoluto
1473 685 1649 748 novitiatu
1677 696 1713 749 et
1736 696 1919 752 transacto

1086 802 1204 884 aliquo
1217 813 1379 886 tempore
1388 806 1593 870 ulteriorum
1604 808 1800 871 studiorum
1810 830 1920 872 causa

1086 923 1262 987 Olomucii
1283 946 1376 988 anno
1397 931 1476 989 1818
1498 949 1545 991 12.
1563 929 1636 991 Ian.
1661 930 1707 991 ad
1732 950 1759 995 s,
1782 930 1919 1012 profes-

1086 1045 1220 1108 sionem
1237 1048 1413 1110 admissus
1430 1059 1466 1111 et
1483 1048 1680 1132 Gregorius
1697 1061 1846 1115 vocatus
1863 1064 1919 1116 est

1086 1167 1183 1231 facta
1208 1169 1320 1250 prius,
1345 1172 1450 1232 modo
1475 1172 1595 1253 solit0,
1621 1174 1812 1236 donatione
1837 1177 1918 1236 sub-

1087 1291 1241 1352 stantiae
1259 1311 1345 1353 suae
1361 1291 1529 1354 fratribus
1551 1294 1635 1375 suis,
1657 1295 1692 1357 in
1713 1312 1919 1377 recompen-

1086 1411 1261 1474 sationem
1275 1413 1523 1496 impensarum,
1541 1415 1576 1476 in
1593 1436 1674 1478 eum
1686 1426 1834 1499 propter
1846 1427 1919 1480 stu-

1087 1532 1146 1595 dia
1173 1535 1390 1598 collatarum.
1431 1557 1481 1615 29.
1511 1536 1650 1620 Martii,
1683 1558 1775 1618 quae
1803 1538 1920 1602 fuerat

1085 1654 1273 1718 Dominica
1295 1657 1330 1718 in
1351 1657 1456 1738 albis,
1482 1661 1528 1720 ab
1552 1659 1724 1741 episcopo
1742 1661 1918 1723 Brunensi

1087 1776 1236 1839 Stuffler
1256 1778 1291 1840 in
1308 1779 1459 1841 ecclesia
1478 1779 1575 1842 filiali
1598 1783 1644 1843 ad
1660 1801 1687 1843 s
1703 1781 1917 1845 Michaelem

1087 1900 1133 1961 ad
1160 1901 1433 1983 presbyteratus
1461 1903 1620 1966 ordinem
1647 1913 1831 1986 promotus
1864 1917 1919 1967 est

1087 2022 1222 2102 Wolny
1246 2034 1281 2085 et
1306 2023 1470 2104 primitiis
1499 2027 1688 2090 celebratis
1713 2027 1810 2089 chori
1830 2026 1920 2109 figu·
1994 2089 1996 2095 .

1087 2145 1171 2205 ralis
1186 2165 1316 2227 regens
1329 2148 1375 2207 ob
1388 2147 1573 2210 scientiam
1586 2150 1752 2231 musicae,
1761 2170 1832 2231 qua
1844 2151 1920 2231 pol·

1087 2265 1195 2347 lebat,
1213 2266 1471 2329 denominatus.
1496 2268 1556 2330 Ad
1577 2270 1785 2350 petitionem
1806 2271 1921 2333 consi-

1088 2387 1189 2448 storii
1204 2387 1400 2451 Brunensis
1417 2390 1513 2452 ddt0.
1532 2411 1579 2452 12.
1589 2390 1679 2454 Nov.
1698 2397 1778 2455 1818
1791 2392 1826 2455 in
1838 2395 1921 2456 sub·

1089 2509 1217 2572 sidium
1232 2531 1339 2573 curae
1351 2511 1546 2575 animarum
1555 2514 1919 2578 mittiturKanitzium

1089 2640 1125 2693 et
1137 2633 1328 2694 transactis
1341 2633 1474 2695 ibidem
1482 2634 1617 2714 aliquot
1625 2636 1919 2717 hebdomadibuS,

1089 2773 1196 2834 quum
1220 2755 1431 2837 gubernium
1456 2757 1639 2819 Moraviae
1664 2758 1750 2819 ddto
1773 2763 1823 2820 26.
1845 2758 1919 2822 Ian.

1087 2876 1191 2938 huius
1207 2878 1253 2938 ab
1270 2879 1402 2939 abbate
1424 2889 1545 2940 nostro
1567 2879 1791 2961 quaesiisset,
1807 2900 1853 2942 an
1869 2880 1920 2942 in-

1088 2998 1234 3061 dividua
1250 3019 1315 3081 pro
1333 3000 1512 3062 cathedris
1528 3000 1564 3063 in
1581 3001 1744 3064 instituto
1766 3002 1920 3084 philoso-

1088 3120 1189 3200 phico
1221 3121 1398 3183 Brunensi
1428 3122 1557 3185 idonea
1588 3133 1819 3205 praesentare
1851 3123 1920 3185 iam

1088 3252 1221 3324 posset,
1239 3261 1309 3305 sec.
1328 3244 1599 3307 conventionem
1617 3246 1772 3326 desuper
1787 3244 1919 3308 factam

1088 3366 1185 3429 ddt0.
1211 3385 1257 3427 10.
1277 3363 1376 3447 Sept.
1398 3370 1477 3445 1819
1496 3342 1691 3449 Giegorius
1707 3377 1838 3451 noster,
1860 3369 1921 3449 qui

1087 3485 1158 3548 iam
1183 3506 1276 3549 anno
1305 3491 1383 3567 1817
1411 3486 1580 3550 Olomutii
1604 3508 1755 3553 examen
1783 3491 1920 3552 adhoc

1088 3609 1247 3672 subierat
1274 3630 1344 3672 una
1372 3631 1451 3673 cum
1479 3611 1677 3674 Benedicta
1704 3613 1857 3676 Richter
1885 3623 1921 3675 et

1089 3731 1228 3793 Aloisio
1246 3717 1398 3813 Skarka,
1419 3734 1465 3794 ad
1486 3734 1553 3795 hoc
1570 3755 1695 3797 munus
1717 3736 1920 3816 deputatur.

1088 3853 1275 3916 Facultate
1292 3856 1337 3916 ad
1354 3856 1554 3918 docendum
1576 3861 1627 3921 25.
1644 3858 1739 3940 Aug.
1762 3863 1843 3921 1820
1860 3860 1921 3919 ob·

1088 3985 1187 4038 tenta
1197 3976 1380 4039 historiam
1394 3978 1630 4042 universalem
1643 3988 1679 4041 et
1691 3979 1920 4061 philologiam

1088 4098 1280 4180 incipiente
1299 4120 1391 4163 anno
1412 4101 1624 4164 scholastico
1638 4101 1872 4183 praelegebat
1885 4108 1921 4161 et

1088 4221 1189 4282 brevi
1205 4231 1288 4303 post
1304 4222 1487 4306 iuvenum,
1510 4244 1598 4305 quos
1614 4224 1783 4287 historiae
1800 4244 1919 4287 amore

1088 4343 1273 4426 imbuerat,
1294 4364 1461 4407 coronam
1478 4346 1662 4408 collectam
1679 4345 1838 4426 aspexit,
1860 4345 1920 4426 qui

1088 4466 1135 4526 ad
1151 4465 1306 4527 studium
1323 4467 1433 4529 hocce
1455 4469 1736 4549 promovendum
1760 4487 1920 4550 organon

1090 4586 1369 4669 ,Taschenbuch
1379 4587 1436 4650 fiir
1445 4587 1659 4654 Geschichte
1668 4590 1836 4653 Mithrens
1849 4592 1921 4652 und

1090 4708 1314 4771 Schlesiens“
1343 4721 1525 4794 vocatum,
1554 4714 1700 4775 ductore
1725 4723 1761 4775 et
1783 4723 1921 4775 rectore

1090 4831 1225 4913 Wolny
1236 4832 1439 4914 professore
1448 4853 1513 4896 suo
1522 4835 1662 4917 dilectu,
1672 4836 1827 4900 edidere.
1844 4834 1922 4897 Mo·

1090 4953 1310 5035 nographiae
1338 4955 1501 5037 stirpium
1528 4957 1789 5038 praeclararum
1813 4956 1922 5019 variis

1091 5096 1169 5137 cum
1187 5077 1499 5140 dissertationibus
1523 5098 1568 5140 ex
1591 5078 1738 5141 historia
1762 5099 1864 5142 sacra
1886 5090 1921 5143 et

1089 5197 1250 5281 profana,
1267 5220 1333 5262 nec
1347 5221 1416 5263 non
1430 5201 1732 5283 disputationibus
1748 5222 1768 5265 e
1785 5202 1922 5286 gremio

1089 5319 1289 5383 fabularum
1305 5322 1536 5385 nationalium
1551 5323 1647 5386 felici
1659 5323 1805 5387 foedere
1818 5324 1854 5387 in
1866 5325 1922 5388 his

1090 5443 1257 5528 plagellis
1269 5440 1489 5529 coniunctae,
1499 5466 1666 5530 magnum
1676 5444 1743 5508 sibi
1752 5446 1922 5511 lectorum
