4178 6196
908 484 1190 553 -.,,-

263 671 299 727 ll.
317 669 502 728 Geschichte
517 671 571 728 des
587 668 1008 728 Pramonstratenser·Stiftes

175 775 275 833 Geras
300 779 329 833 in
349 776 640 833 Niederdsterreich.
665 771 694 853 (i.
712 795 739 832 e.
761 776 896 832 Historia
918 793 1008 832 cano·

175 884 242 938 niae
259 880 454 938 Gerasiensis
470 881 568 937 ordin.
585 879 763 938 5.Νο1110111
781 882 810 936 in
826 880 950 936 Austria
966 881 1009 935 in·

176 982 309 1064 feriore.)
325 987 400 1043 Msc.

261 1115 1008 1208 HoffmannCaietanus(Admonten-

176 1243 432 1326 515),Ρο1101111
450 1244 484 1307 in
501 1243 611 1309 Stiria
626 1255 731 1308 natus
753 1245 899 1316 11.Dee.
917 1250 1007 1328 1840,

178 1365 306 1428 studiis
319 1366 353 1427 in
367 1386 487 1449 gymn.
498 1364 693 1430 Graecensi
706 1367 935 1430 laudabiliter
946 1371 1008 1431 ab·

177 1488 312 1570 solutis,
330 1488 529 1551 Admontes
546 1489 654 1570 venit,
667 1490 761 1552 votis
778 1491 1008 1553 sollemnibus

176 1630 215 1673 se
225 1610 416 1674 adstrinxit
427 1633 443 1674 2
453 1612 590 1677 1.Mart.
606 1616 696 1694 1865,
707 1633 785 1676 cum
795 1614 864 1676 iam
875 1634 903 1693 7.
914 1615 1008 1696 Aug.

180 1736 261 1811 1804
288 1743 474 1817 neomysta
500 1735 639 1798 steterit
662 1738 708 1797 ad
732 1756 839 1799 aram.
871 1734 1008 1800 Studiis

176 1856 390 1918 academicis
418 1877 554 1919 summa
582 1877 661 1921 cum
689 1859 795 1921 laude
822 1859 1008 1941 completis

175 1997 269 2040 anno
295 1982 374 2057 1869
392 1977 581 2042 Graecium
602 1980 754 2060 transiit,
778 1980 839 2043 ubi
863 1999 1008 2043 munere

175 2100 388 2182 professoris
411 2100 446 2164 in
469 2122 497 2165 c.
515 2122 540 2165 1.
557 2101 746 2184 gymnasio
761 2101 875 2185 primo
891 2101 1007 2184 fungi-

175 2233 242 2304 tur,
266 2243 337 2286 soc.
353 2223 544 2287 historicae
561 2222 690 2287 Stiriae
716 2236 751 2287 et
775 2244 845 2287 soc.
874 2225 1007 2307 ,inner-

175 2346 468 2409 ‹isterreichische
485 2345 746 2409 Mittelschule“
765 2345 909 2411 sodalis

263 2467 398 2551 Opera:

264 2595 285 2651 Ι.
315 2594 416 2651 Ueber
443 2595 509 2650 eine
536 2594 703 2651 Admonter
730 2594 1007 2669 Pergamenthand·

176 2698 282 2755 schrift
305 2699 359 2755 der
384 2699 536 2774 Excerpte
560 2698 614 2754 des
638 2699 752 2755 alteren
773 2697 900 2755 Seneca.
925 2694 954 2776 (i.
980 2717 1006 2756 e.

176 2804 411 2878 Manuscriptum
429 2821 514 2878 perg.
529 2802 735 2859 Admontense
752 2816 896 2879 excerpta
912 2800 1007 2858 Sene-

176 2926 229 2965 cae
247 2909 377 2964 senioris
393 2903 571 2985 continens)
588 2905 704 2962 Grazer
718 2906 1007 2982 Gymnasial·Fest·

175 3030 348 3088 programm
370 3009 459 3084 1874.

263 3117 299 3172 11.
326 3115 426 3173 Ueber
448 3117 583 3190 Tyrtdus
606 3114 665 3170 und
687 3116 769 3170 scine
791 3115 1006 3190 Kriegslieder.

175 3217 204 3299 (i.
218 3239 245 3278 e.
259 3221 305 3277 De
319 3222 455 3296 Tyrtaeo
468 3222 593 3294 eiusque
609 3217 791 3275 carminibus
808 3216 1006 3297 militaribus.)

175 3325 291 3382 Grazer
306 3325 678 3400 Gymnasial·Programm
699 3323 789 3398 1877.

260 3473 476 3546 Hofmann
517 3483 675 3546 Paulus
712 3483 1006 3547 Ferdinandus

176 3599 432 3684 (Scotensis),
455 3601 513 3664 die
531 3622 558 3664 2.
578 3601 656 3665 Oct.
679 3606 757 3681 1798
779 3601 815 3664 in
836 3604 1006 3665 suburbio

174 3723 380 3806 Viennensi,
398 3725 494 3806 quod
506 3724 723 3807 Laimgrube
739 3724 877 3806 dicitur,
898 3724 934 3787 in
955 3726 1006 3788 lu-

175 3865 251 3909 cem
269 3847 396 3929 editus,
413 3867 434 3908 a
450 3846 603 3928 pueritia
623 3856 724 3909 tanta
745 3846 877 3928 ingenii
899 3867 1005 3929 capa·

174 3969 224 4033 cis
252 3979 288 4032 et
314 3969 464 4052 insignis
489 3969 679 4032 memoriae
706 3970 863 4034 ostendit
890 3972 1005 4053 speci·

174 4093 283 4174 mina,
311 4103 350 4155 ut
382 4096 460 4171 1807
490 4111 578 4173 puer
606 4111 733 4154 novem
760 4112 931 4156 annorum
958 4094 1004 4155 ad

173 4216 370 4279 litterarum
392 4215 510 4278 studia
526 4215 561 4278 in
578 4215 776 4298 gymnasi0,
798 4217 894 4298 quod
919 4217 1004 4280 dici-

172 4349 228 4401 tur
243 4339 290 4401 ad
307 4337 445 4419 Scotos,
467 4358 506 4401 se
527 4337 688 4401 conferre
709 4349 842 4420 posset.
867 4337 1005 4420 Quibus

172 4481 302 4543 magna
327 4480 406 4523 cum
427 4461 533 4522 laude
554 4461 728 4523 absolutis
753 4465 843 4542 1814,
867 4461 1004 4543 litteris,

174 4603 263 4665 quas
273 4594 403 4646 vocant
412 4583 687 4665 philosophicas
697 4585 850 4646 vacabat
862 4583 898 4645 in
910 4584 1004 4648 univ.

171 4704 377 4768 Viennensi.
410 4705 510 4787 Quae
534 4705 652 4768 studia
676 4725 755 4767 cum
782 4705 909 4768 iterum
932 4706 1005 4768 lau-

172 4827 338 4891 dabiliter
359 4827 583 4909 confecisset,
604 4826 775 4890 invicibili
797 4828 925 4891 ductus
945 4828 1005 4890 de·

170 4951 301 5014 siderio
322 4949 477 5033 degendi
499 4950 608 5012 vitam
633 4949 668 5012 in
691 4949 827 5011 illorum
848 4949 1004 5011 virorum

171 5085 285 5155 coetu,
301 5073 430 5154 quibus
442 5072 639 5134 litterarum
650 5073 805 5134 debebat
818 5071 1003 5151 elementa,

171 5207 209 5259 ut
232 5196 266 5258 in
292 5194 545 5257 monasterium
563 5194 604 5258 Β.
621 5193 668 5256 Μ.
685 5193 728 5256 V.
751 5193 1004 5274 susciperetur,

171 5319 327 5401 supplex
344 5329 399 5380 est
412 5316 538 5379 factus
562 5316 649 5378 Voti
660 5314 895 5378 libentissime
908 5315 1003 5376 dam-

1095 687 1129 746 17
1152 687 1322 730 annorum
1347 687 1373 731 5.
1394 667 1518 731 habitu
1542 677 1638 732 esset
1659 668 1812 751 indutus,
1834 679 1922 734 vota

1088 790 1272 852 sollemnia
1288 790 1405 854 emisit
1421 790 1479 853 die
1497 795 1546 853 28.
1565 790 1644 856 Oct.
1666 796 1747 870 1810
1763 803 1798 855 01
1815 796 1920 856 abso·

1087 911 1171 975 lutis
1188 933 1214 976 S.
1231 912 1433 994 theologiae
1450 914 1578 976 studiis
1600 914 1657 977 die
1675 936 1703 979 2.
1720 913 1819 1020 Sept.
1838 920 1913 978 1821

1088 1034 1239 1116 primum
1270 1044 1456 1117 neomysta
1487 1036 1533 1097 ad
1564 1036 1676 1098 altare
1706 1035 1775 1099 Dei
1806 1036 1919 1100 stetit.

1089 1154 1218 1219 Statim
1242 1156 1371 1219 deinde
1392 1156 1573 1239 professor
1596 1158 1740 1241 linguae
1757 1157 1920 1223 Graecae

1089 1279 1124 1341 in
1140 1279 1329 1362 gymnasio
1341 1280 1546 1343 monasterii
1563 1281 1782 1364 designatus,
1798 1282 1919 1366 libros,

1089 1400 1218 1482 quibus
1227 1402 1328 1484 pueri
1337 1402 1503 1465 classium
1513 1404 1742 1466 humanarum
1757 1403 1918 1467 institue-

1088 1534 1209 1585 rentur
1228 1524 1478 1587 adlectionem
1492 1523 1676 1606 Graecam,
1693 1527 1918 1589 conscribere

1089 1656 1144 1709 est
1160 1647 1286 1711 iussus.
1312 1646 1416 1729 Quod
1432 1667 1523 1729 opus
1540 1668 1618 1711 cum
1635 1648 1917 1731 adprobantibus

1088 1768 1226 1832 cunctis
1262 1773 1339 1831 1822
1369 1769 1594 1852 perfecisset,
1630 1775 1709 1834 1823
1742 1772 1917 1854 examina,

1088 1911 1180 1973 quae
1203 1892 1364 1975 rigorosa
1387 1904 1532 1976 vocant,
1557 1915 1603 1956 ex
1626 1895 1789 1957 omnibus
1813 1895 1917 1958 disci-

1087 2013 1194 2096 plinis
1209 2015 1421 2097 theologicis
1442 2017 1488 2077 ad
1508 2015 1739 2079 obtinendum
1761 2017 1918 2080 doctoris

1072 2144 1074 2156 ¹
1087 2138 1236 2218 gradum
1249 2146 1322 2199 tam
1335 2136 1430 2199 felici
1443 2156 1521 2200 cum
1534 2158 1702 2201 successu
1719 2138 1861 2220 subivit,
1878 2147 1916 2200 ut

1088 2269 1262 2341 concepta
1279 2262 1359 2320 1828
1376 2259 1625 2322 dissertatione
1642 2260 1763 2322 subtili
1777 2261 1821 2322 de
1834 2280 1916 2323 con-

1087 2379 1177 2443 ciliis
1208 2381 1445 2443 oecumenicis
1474 2382 1630 2445 doctoris
1657 2402 1684 2444 5.
1712 2382 1916 2466 theologiae

1086 2502 1207 2565 laurea
1238 2504 1476 2568 decoraretur.
1518 2504 1663 2567 Interim
1699 2504 1850 2568 docendi
1881 2505 1916 2567 in

1086 2624 1274 2707 gymnasio
1298 2626 1344 2686 ad
1367 2624 1495 2689 Scotos
1521 2625 1738 2709 fungebatur
1761 2647 1916 2708 munere,

1087 2749 1183 2829 quod
1214 2747 1353 2810 nonnisi
1384 2767 1463 2811 cum
1493 2748 1569 2811 vita
1600 2749 1776 2830 deposuit.
1810 2751 1916 2813 Anno

1092 2873 1168 2932 1831
1189 2889 1267 2932 cum
1284 2881 1491 2951 procurator
1506 2872 1642 2934 electus
1658 2882 1754 2935 esset
1770 2872 1805 2935 in
1821 2873 1915 2935 univ.

1086 2990 1240 3056 Vindob.
1254 2991 1407 3053 nationis
1421 2992 1644 3073 Austriacae,
1662 2997 1739 3056 1832
1753 2992 1916 3057 facultati
2017 2972 2021 2977 ¹

1086 3112 1310 3197 theologicae
1323 3113 1425 3175 titulo
1439 3113 1565 3177 decani
1577 3114 1740 3197 praefuit,
1758 3134 1828 3196 quo
1842 3135 1916 3177 mu-

1086 3254 1170 3298 nere
1183 3255 1276 3298 anno
1289 3235 1452 3318 sequenti
1465 3240 1544 3299 1833
1558 3237 1824 3319 abrenunciat0,
1837 3257 1916 3320 per-

1086 3367 1217 3438 petuus
1241 3357 1399 3420 eiusdem
1421 3357 1602 3421 facultatis
1625 3358 1783 3421 notarius
1807 3359 1916 3421 nomi-

1086 3488 1191 3542 natus
1207 3498 1272 3543 nec
1289 3498 1359 3541 non
1375 3491 1583 3561 procurator
1599 3480 1752 3543 nationis
1768 3481 1916 3565 Hunga-

1086 3601 1181 3665 ricae
1193 3613 1249 3664 est
1261 3602 1473 3683 postulatus
1491 3602 1626 3664 Eodem
1639 3622 1732 3665 anno
1744 3615 1915 3684 patronus

1086 3724 1268 3787 societatis
1285 3722 1499 3787 constitutae
1516 3724 1562 3786 ad
1578 3725 1817 3788 sublevandos
1834 3745 1918 3808 ege-

1086 3866 1150 3910 nos
1179 3846 1376 3909 litterarum
1406 3845 1586 3909 studiosos
1622 3849 1815 3929 adoptatus
1851 3860 1915 3911 est.

1085 3969 1257 4051 Quamvis
1281 3970 1327 4031 ab
1351 3988 1443 4031 anno
1471 3972 1688 4047 1824101111
1716 3988 1796 4032 sese
1822 3969 1916 4032 11110-

1085 4091 1133 4154 ris
1152 4089 1419 4153 humanioribus
1442 4090 1639 4171 tradiderit,
1663 4101 1781 4154 tamen
1804 4091 1916 4153 orien-

1084 4213 1207 4276 talium
1235 4232 1376 4294 quoque
1404 4212 1603 4295 linguarum
1631 4213 1748 4275 studio
1775 4213 1916 4276 minime

1085 4336 1249 4419 neglecto
1280 4335 1315 4397 in
1348 4334 1472 4416 primis
1502 4335 1646 4417 linguae
1677 4333 1915 4399 Sanscriticae

1084 4459 1179 4521 haud
1196 4457 1363 4540 exiguam
1376 4457 1523 4520 navavit
1539 4476 1694 4539 operam.
1711 4457 1915 4537 Tantopere

1086 4582 1130 4644 de
1146 4580 1273 4643 litteris
1288 4580 1376 4661 ipsis
1392 4589 1428 4642 et
1442 4580 1486 4642 de
1499 4579 1682 4641 iuventute
1695 4577 1913 4641 instituenda

1084 4702 1212 4765 litteris
1227 4701 1373 4764 meritus
1394 4705 1473 4762 1831)
1494 4702 1540 4761 ab
1562 4700 1640 4781 ipso
1661 4700 1914 4781 augustissimo

1085 4824 1300 4905 imperatore
1325 4824 1425 4906 large
1449 4831 1693 4884 remuneratus
1717 4831 1780 4884 est.
1809 4820 1913 4884 Post·

1084 4966 1189 5028 quam
1202 4965 1287 5008 vero
1300 4965 1393 5008 anno
1410 4949 1487 5022 1842
1505 4943 1726 5007 examinator
1741 4964 1806 5026 pro
1821 4945 1915 5027 rigo-

1083 5068 1173 5131 rosis
1198 5068 1233 5130 in
1255 5067 1437 5150 theologia
1460 5066 1631 5149 pastorali
1655 5066 1912 5130 tentaminibus

1084 5192 1292 5274 designatus
1323 5199 1395 5271 est,
1423 5188 1616 5272 apoplexia
1643 5209 1764 5252 501050
1790 5199 1910 5252 tactus

1084 5327 1280 5378 extremum
1290 5313 1385 5376 vitae
1395 5312 1557 5394 spiritum
1572 5312 1683 5377 edidit
1696 5313 1814 5376 111030.
1825 5313 1912 5395 Apr.

169 5452 289 5521 natus,
318 5461 396 5503 011111
424 5440 481 5502 die
510 5438 661 5518 14.Οο1.
688 5443 766 5500 1815
792 5438 1004 5500 adulescens
1043 5456 1046 5496 1
1088 5441 1165 5516 1842
1185 5413 1297 5500 0111105
1313 5445 1418 5498 natus
1436 5435 1583 5498 vixdum
1599 5457 1651 5514 44.
1676 5433 1913 5516 Conscripsit:
