4178 6196
910 440 1163 510 -.95-

173 629 412 706 1111118717.
434 625 670 710 Organoedus
692 634 727 687 et
748 643 871 686 sacrae
894 621 1000 685 musi-

170 770 233 814 cae
250 750 384 814 amicus
399 748 469 811 iam
486 749 605 830 aliqua
622 745 836 827 composuit:

255 877 278 932 1.
299 877 393 931 Missa
409 874 446 930 de
463 876 596 949 requiem
617 873 656 929 ad
676 889 807 946 411111
827 871 1000 946 inaequales

174 1000 229 1057 pro
247 981 386 1037 convictu
402 974 559 1035 Sarnensi.

256 1103 293 1159 II.
303 1103 396 1159 Missa
409 1101 562 1157 sollemnis
576 1100 786 1171 „Consolatrix
799 1097 997 1155 afflictorum

171 1208 210 1264 ad
226 1225 245 1281 4
262 1226 329 1263 voc.
348 1206 531 1281 inaequales.
550 1202 625 1260 Ibid.

256 1331 308 1387 111.
334 1329 528 1386 Offertorium
552 1326 772 1399 „Exsultabunt
788 1328 902 1383 sancti“
927 1325 1000 1397 ad4

170 1455 237 1493 voc.
255 1434 438 1510 inaequales,
455 1433 530 1490 Ibid.

258 1558 308 1614 IV.
325 1557 419 1613 Missa
434 1556 585 1612 sollemnis
599 1557 628 1610 in
641 1555 679 1611 Ut
696 1574 761 1610 cum
775 1555 932 1610 orchestro
950 1571 1002 1608 oc-

171 1665 293 1720 casione
309 1676 361 1735 41.
378 1661 576 1717 anniversarii
594 1659 752 1716 electionis
773 1657 893 1714 abbatis
910 1657 1002 1714 adal-

172 1766 259 1824 berti.
284 1767 316 1822 ln
333 1778 461 1822 monast.
479 1763 580 1820 Gries.

258 1928 509 2003 Fixlmillner
546 1938 749 2001 Placidus
789 1936 1001 2019 (Cremifa-

172 2058 343 2139 nensis),
364 2056 576 2120 Austriacus
592 2057 849 2138 Achleitensis,
872 2056 929 2119 die
951 2060 1001 2118 28.

173 2180 259 2244 Maii
273 2201 348 2259 1721
365 2190 480 2260 natus,
494 2178 700 2241 liberalibus
715 2178 910 2260 disciplinis
920 2176 1002 2273 Cre-

173 2302 295 2365 milani
311 2301 504 2382 institutus,
526 2309 655 2363 exacto
678 2300 840 2363 tirocinio
865 2319 1003 2362 sacram

173 2424 428 2506 professionem
439 2423 554 2486 emisit
565 2422 622 2485 die
634 2423 754 2486 1.Nov.
767 2421 1003 2501 1738.Deinde

174 2545 420 2627 Salisburgum
433 2545 606 2625 discessit,
624 2563 789 2625 suprema
805 2543 938 2606 ibidem
949 2563 1004 2605 ar-

175 2666 260 2730 tium
284 2667 483 2729 liberalium
505 2678 541 2728 et
561 2665 808 2747 philosophiae
831 2666 929 2727 lauro
950 2684 1005 2726 or-

175 2801 278 2852 natus
301 2809 453 2851 unacum
474 2810 501 2853 s,
519 2789 716 2871 scripturae
733 2788 850 2851 studio
867 2798 1005 2850 ceteras

175 2912 377 2994 theologiae
390 2921 512 2993 partes
524 2910 685 2992 adprime
699 2909 821 2974 didicit
838 2920 874 2972 et
886 2910 1005 2993 legum

178 3033 360 3116 utriusque
373 3033 439 3095 fori
452 3032 616 3114 peritiam
629 3032 783 3113 accepit;
797 3030 1006 3094 subsecivas

176 3157 280 3218 horas
296 3175 420 3217 sacrae
437 3163 473 3216 et
488 3152 660 3234 profanae
675 3153 855 3235 historiae,
873 3153 1005 3216 mathe-

178 3277 315 3339 maticis
347 3275 559 3356 discipliniS,
591 3275 822 3337 orientalibus
853 3283 889 3337 et
915 3273 1006 3336 occi-

177 3400 379 3462 dentalibus
398 3397 544 3479 linguis,
566 3397 634 3458 arti
650 3396 806 3459 musicae
823 3416 1007 3459 consecra·

177 3522 237 3584 vit.
262 3519 472 3602 Salisburgo
495 3521 608 3582 redux
631 3519 781 3600 primum
798 3516 1008 3581 sacrificium

180 3644 449 3707 eucharisticum
477 3642 534 3704 die
562 3663 611 3721 ²9·
636 3643 710 3704 Iun.
740 3645 818 3720 1745
844 3642 923 3703 Deo
947 3643 1009 3702 ob-

181 3767 268 3829 tulit.
294 3765 353 3827 Ab
370 3783 462 3827 anno
484 3770 564 3842 1746
586 3783 613 3827 s
630 3783 803 3825 canonum
824 3763 858 3825 in
881 3763 1009 3826 acade-
1047 3776 1050 3819 1

180 3888 249 3950 mia
279 3887 465 3949 illustrium
496 3886 691 3967 professor,
729 3905 812 3947 mox
843 3885 1009 3948 iuvenum

180 4010 365 4074 illustrium
397 4011 611 4091 subregenS,
648 4007 776 4070 deinde
814 4027 944 4089 regens
975 4017 1011 4068 et

181 4133 345 4196 altiorum
369 4133 567 4195 scholarum
589 4133 760 4204 decanus;
785 4130 842 4192 die
867 4153 896 4209 4.
920 4129 1010 4192 Nov.

187 4262 266 4335 1711
282 4255 440 4317 notarius
453 4253 672 4335 apostolicus
688 4252 722 4315 in
737 4252 833 4315 curia
845 4252 1012 4315 Romana

183 4376 390 4457 inscriptus;
419 4378 465 4438 ab
492 4394 585 4437 anno
617 4381 695 4454 1762
726 4383 949 4436 astronomus
977 4383 1012 4435 et

184 4500 350 4580 speculae
385 4498 642 4561 astronomicae
678 4496 883 4578 praefectus
918 4494 1013 4558 domi

183 4620 339 4703 forisque
356 4624 481 4703 clarus,
502 4620 707 4684 monasterii
723 4621 833 4682 decus
855 4628 891 4682 et
912 4638 1013 4680 orna·

184 4753 339 4806 mentum
356 4743 444 4806 obiit
460 4744 517 4805 die
535 4763 585 4822 27.
602 4744 697 4825 Aug.
720 4762 809 4820 1791.
832 4739 1013 4824 (871117111-

186 4887 262 4929 cam
283 4867 358 4929 eius
374 4866 621 4949 biographiam
638 4866 721 4927 vide
738 4865 787 4926 in:
811 4864 885 4945 ,De
906 4863 1013 4943 Luca,

186 4992 250 5052 das
265 4991 427 5073 gelehrte
444 4988 714 5068 Oesterreich“.)

271 5147 336 5209 Vir
351 5148 387 5210 in
404 5147 498 5209 omni
515 5146 588 5209 fere
602 5146 867 5227 disciplinarum
884 5163 1015 5227 genere

187 5271 446 5333 eruditissimus
462 5272 550 5333 haec
567 5289 676 5352 opera
688 5269 817 5352 partim
831 5268 929 5351 typis
942 5269 1017 5329 vul-

186 5405 283 5476 gata,
301 5392 430 5474 partim
447 5393 689 5473 manuscripta
704 5391 859 5474 reliquit:

1329 621 1364 706 a)
1383 622 1479 685 Libri
1496 621 1669 705 impressi.

1167 801 1189 856 Ι.
1207 800 1369 878 Specimen
1385 804 1636 877 scripturisticum
1649 820 1704 858 seu
1717 802 1912 876 quaestiones

1081 905 1213 962 selectae
1234 924 1272 962 ex
1293 909 1395 982 priore
1412 921 1498 982 parte
1514 905 1654 975 Genesis,
1672 925 1690 962 a
1706 904 1817 962 mundo
1840 923 1912 961 con·

1081 1009 1143 1067 dito
1157 1029 1252 1086 usque
1266 1010 1303 1066 ad
1317 1024 1443 1067 mortem
1453 1010 1606 1067 Abrahae.
1623 1008 1803 1084 Salisburgi‚
1821 1023 1911 1083 1742.

1081 1112 1124 1170 8⁰.
1146 1115 1224 1171 Huic
1246 1117 1411 1191 specimini.
1434 1114 1515 1190 quod
1540 1135 1606 1171 cum
1631 1114 1832 1171 commilitone
1856 1132 1912 1170 suo

1082 1221 1248 1276 Raimundo
1265 1221 1330 1296 Ioly
1347 1220 1565 1277 Cremilanensi
1578 1220 1717 1276 Placidus
1730 1220 1754 1275 F
1757 1219 1913 1275 ixlmillner

1082 1324 1182 1392 edidit,
1205 1325 1390 1381 clarissimus
1413 1326 1443 1381 P.
1465 1324 1667 1382 Corbinianus
1684 1324 1818 1380 Thomas
1842 1341 1913 1398 pro·

1082 1429 1181 1485 lessus
1198 1428 1410 1503 Elchingensis
1427 1429 1645 1504 praelationem
1661 1428 1803 1484 adiunxit.

1167 1559 1205 1615 II.
1229 1559 1427 1635 Reipublicae
1443 1578 1550 1616 sacrae
1566 1548 1701 1634 origines
1717 1559 1846 1634 divinae,
1860 1576 1913 1613 seu

1082 1663 1229 1719 ecclesiae
1251 1664 1361 1720 Christi
1383 1666 1517 1720 exterior
1534 1666 1685 1730 iunctura,
1710 1663 1863 1738 imperium
1885 1674 1915 1717 et

1082 1768 1249 1824 hierarchia
1266 1787 1282 1823 e
1299 1770 1476 1844 primigenia
1493 1770 1558 1824 eius
1575 1769 1762 1824 institutione
1777 1780 1862 1823 eruta
1878 1784 1914 1822 ac

1083 1872 1297 1928 demonstrata.
1335 1874 1408 1928 Pars
1437 1875 1533 1948 prima
1564 1871 1725 1929 ecclesiam
1756 1890 1811 1928 ceu
1839 1889 1915 1926 rem·

1084 1976 1234 2052 publicam
1250 1995 1367 2033 sacram
1385 1996 1451 2033 cum
1469 1979 1596 2053 imperio
1613 1989 1644 2033 et
1659 1976 1830 2033 discrimine
1846 1994 1915 2050 per·

1083 2099 1224 2136 sonarum
1242 2084 1408 2155 generatim
1425 2081 1581 2139 exhibens
1599 2081 1720 2157 Styrae.
1741 2087 1784 2154 4⁰.
1807 2095 1866 2136 212
1885 2098 1915 2155 p.

1083 2184 1188 2241 Altera
1204 2185 1290 2241 huius
1304 2188 1406 2261 operis
1419 2205 1491 2262 pars
1505 2189 1585 2262 typis
1601 2205 1661 2242 non
1677 2186 1799 2259 vulgata
1816 2196 1916 2240 exstat

1084 2291 1294 2365 manuscripta.
1322 2297 1363 2346 2⁰.
1384 2289 1445 2364 365
1464 2310 1493 2366 p.
1516 2292 1549 2346 ln
1570 2292 1694 2347 archivo
1715 2289 1917 2347 observatorii

1084 2397 1289 2450 astronomici.
1307 2396 1342 2451 V.
1364 2393 1410 2451 16.

1171 2526 1222 2581 Ill.
1244 2525 1428 2582 Meridianus
1444 2528 1586 2602 speculae
1602 2529 1826 2584 astronomicae
1842 2526 1917 2582 Cre·
1966 2605 1968 2608 y

1086 2630 1269 2696 milanensis,
1294 2649 1347 2687 seu
1372 2630 1529 2706 longitudo
1552 2634 1617 2688 eius
1638 2632 1846 2706 geographica
1863 2649 1919 2705 per

1086 2752 1223 2808 magnum
1237 2734 1307 2790 illud
1320 2735 1393 2791 solis
1406 2735 1577 2811 deliquium,
1592 2738 1666 2811 ipsis
1678 2734 1819 2792 Calendis
1828 2734 1917 2809 Apri·

1086 2839 1121 2894 lis
1145 2841 1212 2894 anni
1235 2838 1448 2897 MDCCLXIV
1468 2853 1646 2915 spectatum,
1669 2841 1845 2896 examinatis
1867 2858 1918 2894 va·

1085 2944 1197 3000 riorum
1214 2943 1376 3000 celebrium
1393 2945 1528 3000 locorum
1545 2942 1809 3001 observationibus
1826 2961 1916 2999 accu-

1086 3061 1150 3103 rate
1163 3049 1343 3122 investigata
1355 3061 1446 3124 atque
1461 3050 1591 3116 inventa,
1601 3061 1631 3105 et
1644 3048 1768 3105 adiectis
1782 3046 1918 3123 pluribus

1086 3152 1152 3207 aliis
1168 3151 1351 3227 spectaculis
1368 3151 1562 3221 coelestibus
1585 3153 1624 3211 ad
1644 3171 1706 3209 rem
1727 3165 1918 3227 praesentem

1087 3256 1291 3312 illustrandam
1308 3256 1498 3325 facientibus
1516 3257 1626 3333 publici
1644 3258 1717 3313 iuris
1734 3256 1823 3312 lacta.
1848 3255 1919 3330 Sty·

1087 3379 1148 3427 rae,
1170 3360 1261 3434 1765.
1279 3367 1321 3433 4⁰.
1344 3376 1402 3434 134
1419 3380 1448 3437 p.

1176 3492 1225 3548 IV.
1236 3492 1421 3548 Decennium
1434 3495 1679 3560 astronomicum,
1694 3495 1851 3551 continens
1864 3492 1920 3550 ob·

1089 3597 1278 3652 servationes
1303 3599 1483 3672 praecipuas
1504 3596 1543 3654 ab
1563 3615 1642 3653 anno
1665 3598 1862 3655 MDCCLXV
1883 3597 1920 3653 ad

1089 3718 1197 3755 annum
1228 3700 1455 3758 MDCCLXXV
1487 3704 1514 3756 in
1548 3702 1673 3777 specula
1704 3702 1921 3759 Cremilanensi

1090 3802 1185 3860 lactas
1202 3823 1260 3860 una
1278 3823 1343 3860 cum
1362 3805 1493 3872 calculis,
1511 3805 1619 3881 quibus
1632 3808 1739 3882 partim
1753 3807 1790 3862 ad
1804 3806 1922 3864 tabulas

1090 3911 1309 3966 astronomicas
1335 3911 1515 3966 novissimas
1539 3911 1722 3978 reseruntur,
1751 3913 1859 3986 partim
1883 3911 1921 3966 ad

1091 4013 1289 4070 deliniendam
1318 4014 1532 4089 longitudinem
1561 4030 1591 4072 et
1615 4015 1798 4072 latitudinem
1827 4018 1923 4091 ipsius

1092 4118 1234 4193 speculae
1250 4119 1450 4194 applicantur.
1472 4118 1608 4176 Adiectis
1624 4121 1747 4195 insuper
1762 4122 1854 4176 variis
1870 4119 1923 4175 ad·

1092 4220 1297 4278 notationibus
1315 4243 1380 4279 cum
1397 4222 1435 4278 ad
1452 4223 1598 4280 theoriam
1616 4237 1676 4280 tum
1698 4222 1735 4279 ad
1758 4242 1842 4279 usum
1864 4222 1924 4279 cal·

1093 4327 1227 4382 culorum
1255 4328 1526 4383 astronomicorum
1556 4328 1772 4384 accomodans
1804 4326 1923 4401 Styrae,

1097 4429 1187 4503 1776.
1205 4437 1247 4503 4⁰.
1267 4430 1328 4487 280
1345 4450 1374 4506 p.

1179 4562 1215 4618 V.
1237 4561 1315 4618 Acta
1335 4565 1540 4618 astronomica
1561 4562 1806 4629 Cremilanensia,
1828 4562 1925 4618 divisa

1094 4668 1122 4721 in
1144 4679 1247 4740 partes
1268 4666 1353 4731 duas,
1378 4684 1503 4740 quarum
1525 4669 1611 4742 prior
1632 4664 1862 4722 observationes
1886 4665 1925 4723 ab

1094 4789 1171 4826 anno
1185 4768 1362 4843 1776-91,
1377 4789 1478 4826 earum
1492 4757 1614 4827 calcidis
1627 4784 1656 4826 11
1669 4773 1925 4846 comparationem

1095 4894 1160 4929 cum
1186 4874 1311 4939 tabulis,
1340 4878 1493 4949 posterior
1517 4894 1591 4930 vero
1616 4876 1848 4931 exercitationes
1872 4894 1925 4931 seu

1096 4977 1293 5034 enodationes
1316 4980 1466 5035 variarum
1492 4980 1683 5036 materiarum
1707 4983 1927 5037 astronomica·

1096 5101 1160 5138 rum
1185 5081 1405 5158 complectitur.
1434 5080 1554 5156 Styrae‚
1583 5096 1673 5157 1791.
1701 5090 1743 5157 4⁰.
1772 5082 1835 5157 556
1856 5104 1926 5160 pag.

1098 5189 1184 5262 Opus
1200 5186 1258 5242 hoc
1274 5187 1489 5260 augustissimo
1507 5189 1681 5262 imperatori
1698 5187 1859 5265 Leopoldo
1876 5189 1927 5245 de·

1098 5291 1226 5348 dicatum
1263 5290 1361 5346 denuo
1397 5293 1477 5366 typis
1513 5293 1690 5367 impressum
1727 5307 1773 5350 est
1807 5293 1927 5369 Styrae‚

1104 5409 1193 5468 1793-
1211 5393 1254 5452 8⁰·
