4178 6196
788 389 948 464 ”·-
1007 416 1079 503 538
1134 455 1184 463 -

176 625 280 699 operis
304 625 457 680 materiem
482 636 612 679 tractare
636 640 695 678 non
719 620 773 678 suit
796 623 951 697 sapientis.
993 621 1111 678 Idcirco
1135 620 1380 697 inscriptionibus
1404 641 1529 698 operum
1554 622 1701 697 neglectis
1724 636 1851 679 autores
1875 641 1912 679 ex

176 728 310 803 ipsorum
340 726 508 784 nominibus
532 729 561 783 in
584 746 636 783 eas
663 726 818 782 retulimus
846 727 1019 799 systematis
1046 723 1278 801 bibliographici
1307 729 1487 801 categorias,
1520 729 1550 783 in
1573 745 1649 802 quas
1672 729 1736 784 suis
1765 725 1911 802 operibus

177 831 296 888 cadunt.
336 829 507 907 Systemate
530 845 628 887 autem
651 826 894 905 bibliographico
919 832 965 886 usi
988 849 1091 886 sumus
1107 848 1155 898 e0,
1179 830 1261 905 quod
1278 850 1306 906 p.
1324 844 1345 887 t.
1363 832 1400 887 D.
1417 831 1483 888 Leo
1501 832 1633 900 Kuncze‚
1658 828 1909 888 bibliothecarius

174 935 212 991 de
236 955 260 991 s.
282 937 321 992 Μ.
343 936 415 992 Pan.
439 956 462 992 s.
488 949 508 992 t.
533 936 573 991 illi
597 935 742 1010 copiosae
765 935 939 990 monasterii
967 935 1061 1009 ipsius
1084 932 1287 990 bibliothecae
1311 937 1434 1009 egregie
1458 936 1630 1009 composuit
1653 947 1683 990 et
1705 933 1853 992 adhibuit.
1870 968 1911 978 —

175 1037 237 1095 Sed
262 1040 312 1096 illo
336 1038 470 1096 adhibito
494 1059 542 1096 res
566 1042 632 1114 ipsa
659 1040 832 1094 necessario
855 1037 977 1094 adduxit
1001 1056 1048 1106 eo,
1080 1051 1112 1094 ut
1136 1038 1223 1094 index
1247 1052 1352 1095 noster
1379 1039 1577 1114 amplificatus
1600 1052 1630 1095 et
1658 1039 1838 1115 dispertitus
1862 1042 1907 1096 sit.

173 1143 288 1219 Nempe
311 1163 446 1200 errorum
470 1158 561 1219 atque
584 1145 735 1208 vitiorum,
760 1160 838 1215 quae
862 1143 890 1196 in
915 1142 965 1198 tali
989 1143 1132 1197 materiae
1155 1141 1361 1218 disponendae
1384 1145 1500 1199 ratione
1523 1144 1669 1210 nimirum,
1694 1145 1762 1218 quis
1780 1142 1906 1208 dubitet.

173 1260 301 1316 exstant,
327 1267 474 1304 memores
490 1247 528 1304 ab
545 1250 590 1313 iis,
616 1249 665 1322 qui
691 1246 802 1319 legent,
826 1247 944 1302 veniam
968 1244 1310 1321 comprobationcmque
1331 1266 1397 1302 cum
1420 1245 1519 1303 bonae
1543 1246 1705 1303 voluntatis
1729 1260 1791 1303 tum
1816 1266 1907 1304 curae

174 1350 327 1408 adhibitae
351 1350 491 1408 submissi
515 1353 652 1428 petimus,
689 1351 764 1405 Nam
788 1363 819 1406 ut
843 1351 871 1405 in
895 1349 1088 1426 praefacione
1113 1350 1309 1425 concipienda
1332 1353 1374 1406 ita
1397 1353 1425 1406 in
1449 1363 1514 1407 toto
1539 1369 1632 1426 opere
1656 1350 1820 1408 scribendo
1845 1366 1908 1407 erat

175 1452 264 1511 nobis
289 1458 318 1510 in
340 1458 455 1512 animo:

768 1620 777 1633 ,
868 1560 903 1617 u
942 1559 964 1615 1.
1005 1560 1043 1615 o.
1083 1558 1121 1615 o.
1160 1556 1216 1615 ut

649 2120 676 2200 l.
722 2119 928 2202 INDEX
970 2119 1437 2260 PERSONARUM.

962 2358 1115 2365 ———-

567 2547 607 2606 Α.

176 2705 276 2768 Abday
294 2703 418 2753 Astricus
437 2702 481 2767 (de
501 2718 521 2751 s.
534 2705 571 2752 M.
585 2704 662 2767 Pan.)
684 2715 704 2752 1.

175 2790 360 2840 Achleuthner
378 2790 534 2838 Leonardus
553 2790 682 2854 (Cremil.)
705 2802 725 2838 1.

175 2876 285 2942 Adolph
304 2877 457 2926 Meinradus
477 2876 619 2942 (Scotens.)
642 2890 662 2926 1.

175 2965 262 3014 Alber
280 2964 422 3014 Udalricus
442 2964 564 3028 (Mellic.)
585 2976 607 3012 2.

175 3051 314 3115 Allmayer
332 3050 475 3100 Udalricus
494 3051 674 3115 (Seitenstad.)
694 3064 717 3111 3.

176 3137 303 3202 Anchely
320 3137 496 3201 Ildephonsus
516 3138 560 3201 (de
579 3153 599 3186 s.
614 3140 650 3186 M.
664 3138 740 3202 Pan.)
760 3151 783 3197 3.

175 3225 303 3274 Andexer
320 3225 434 3274 Iacobus
454 3224 579 3289 (Fiecht.)
599 3237 622 3284 3.

175 3312 311 3360 Andorser
330 3312 471 3360 Caietanus
491 3311 612 3377 (Mellic.)
633 3323 656 3370 4.

175 3397 298 3461 *Arigler
316 3397 475 3447 Altmannus
495 3397 634 3462 (Gottvic.)
654 3410 677 3458 4.

176 3478 316 3533 Aschauer
333 3485 457 3533 Placidus
478 3485 591 3550 (Gottv.)
611 3497 634 3545 4.

177 3571 294 3619 Auboek
313 3571 455 3621 Udalricus
475 3572 605 3637 (cremis.)
626 3583 649 3635 5.

176 3657 300 3719 Avagian
319 3659 475 3707 Adeodatus
495 3660 644 3724 (Mechith.)
666 3672 688 3723 5.

176 3744 313 3806 Avgerian
332 3744 458 3793 Nicolaus
478 3746 627 3811 (Mechith.)
649 3758 672 3809 5.

176 3831 312 3893 Aydinian
330 3832 462 3879 Arsenius
481 3832 632 3897 (Mechith.)
654 3843 675 3894 5.

178 3916 324 3966 ***Azaria
341 3917 478 3966 Aristaces
499 3919 648 3982 (Mechith.)
668 3919 691 3967 6.

567 4112 606 4170 B.

179 4264 283 4313 Baader
302 4266 408 4313 Marcus
428 4266 458 4329 (s.
473 4265 559 4329 Paul.)
579 4266 602 4314 8.

177 4351 358 4402 ***Babil‹ian
377 4353 534 4402 Adeodatus
554 4351 704 4416 (Mechith.)
725 4352 748 4403 8.

177 4434 254 4503 Bady
272 4441 388 4489 Isidorus
408 4439 451 4504 (de
471 4457 490 4488 s.
504 4442 541 4488 M.
555 4439 631 4504 Pan.)
654 4452 691 4487 10.

179 4526 265 4589 Bajtsi
283 4527 397 4575 Iacobus
417 4526 460 4591 (de
479 4544 499 4575 s.
513 4530 549 4576 M.
564 4527 640 4591 Pan.)
663 4539 701 4576 10.

178 4607 258 4660 Balais
277 4612 441 4677 Theophilus
461 4614 505 4677 (de
524 4630 543 4663 s.
558 4616 594 4662 M.
608 4614 683 4675 Pan.)
706 4627 744 4663 10.

178 4698 339 4762 ***Balgian
356 4700 511 4749 Alexander
529 4701 681 4766 (Mechith.)
704 4713 742 4751 12.

178 4785 272 4849 Ballay
290 4786 414 4836 Valerius
434 4786 477 4851 (de
496 4805 517 4836 s.
530 4790 567 4836 M.
581 4788 657 4852 Pan.)
680 4800 718 4836 12.

178 4872 294 4923 *Banics
314 4876 469 4924 Dominicus
489 4875 532 4941 (de
552 4890 571 4924 s.
586 4878 623 4924 M.
637 4875 713 4939 Pau.)
735 4887 773 4936 13.

178 4961 319 5010 Barbarics
337 4962 495 5012 Valentinus
515 4963 558 5026 (de
577 4979 596 5011 s.
611 4965 648 5012 M.
662 4963 738 5026 Pan.)
761 4975 799 5022 13.

179 5048 293 5112 Barbtly
312 5050 434 5098 Astricus
454 5047 497 5113 (de
519 5064 538 5097 s.
552 5051 589 5098 M.
603 5050 679 5114 Pau.)
702 5061 740 5109 14.
769 5100 775 5119 ἰ

178 5136 316 5185 Baumann
335 5135 475 5185 Michaelis
495 5136 637 5200 (Scotens.)
660 5148 699 5195 14.

179 5223 357 5286 Baumgarten
375 5224 515 5273 Amandus
534 5222 662 5288 (Cremil.)
702 5234 723 5285 5.

180 5309 372 5371 Baumgartner
391 5314 529 5359 Romanus
549 5310 747 5375 (Michaelbur.)
769 5311 807 5359 16.

179 5395 335 5445 Bautraxler
353 5398 485 5446 Gerardus
505 5396 687 5462 (Seiteustad.)
709 5397 747 5446 16.

1082 2528 1175 2579 Beckh
1194 2499 1291 2578 vitalis
1310 2527 1343 2575 de
1363 2526 1513 2592 (Admont.)
1536 2539 1574 2590 17.

1081 2615 1165 2679 Beely
1185 2614 1286 2664 Fidelis
1305 2613 1349 2677 (de
1369 2631 1389 2663 s.
1403 2617 1439 2663 M.
1453 2614 1529 2678 Pan.)
1552 2625 1591 2676 17.

1082 2699 1174 2751 Bekeil
1194 2702 1355 2750 Benedictus
1374 2700 1418 2766 (de
1438 2718 1458 2750 s.
1472 2704 1508 2750 M.
1522 2701 1598 2765 Pan.)
1636 2713 1659 2762 7.

1083 2789 1193 2852 Benydk
1212 2789 1276 2837 Otto
1295 2787 1339 2852 (de
1359 2803 1378 2836 s.
1392 2791 1429 2836 M.
1443 2788 1518 2852 Pan.)
1541 2789 1580 2836 18.

1082 2878 1183 2938 Berger
1200 2876 1345 2924 Luitlridus
1365 2875 1505 2939 (Murcus.)
1527 2876 1565 2924 18.

1083 2965 1182 3025 Berger
1201 2962 1342 3011 Othmarus
1362 2961 1511 3027 (Admone)
1534 2963 1573 3010 18.

1082 3049 1257 3112 Berhandsky
1276 3050 1403 3100 Placidus
1420 3049 1538 3113 (Salisb.)
1561 3062 1599 3109 19.

1083 3137 1183 3187 Berndl
1202 3139 1309 3185 Maurus
1329 3136 1526 3201 (Michaelbur.)
1548 3149 1586 3198 19.

1083 3223 1246 3287 Bertalanffy
1264 3223 1431 3272 Theodosius
1451 3222 1495 3287 (de
1514 3239 1534 3272 s.
1548 3225 1585 3272 Μ.
1599 3222 1676 3286 Pan.)
1699 3235 1738 3284 19.

1083 3313 1204 3373 Besange
1223 3311 1401 3374 Hieronymus
1421 3311 1551 3375 (Cremif.)
1573 3322 1611 3370 19.

1083 3398 1218 3448 Bezdieka
1234 3397 1378 3446 Anselmus
1397 3397 1521 3462 (Emaut.)
1542 3409 1583 3446 2ο.

1083 3486 1229 3535 Bierbauer
1247 3485 1400 3548 Leopoldus
1419 3484 1462 3548 (de
1482 3501 1502 3533 s.
1515 3486 1553 3534 M.
1567 3483 1643 3549 Pan.)
1664 3497 1705 3532 21.

1085 3573 1185 3621 Binder
1203 3572 1326 3621 Urbanus
1346 3571 1476 3636 (Cremis.)
1496 3584 1537 3620 21.

1043 3678 1046 3785 )
1084 3661 1177 3709 Binter
1194 3659 1312 3708 Inachim
1332 3658 1471 3723 (Murcus.)
1491 3671 1531 3706 22.

1084 3746 1274 3796 Bischosreiter
1293 3747 1423 3794 Martinus
1442 3744 1562 3809 (Salisb.)
1584 3757 1625 3794 22.

1084 3832 1258 3895 Bischowslry
1276 3834 1384 3880 Maurus
1403 3832 1584 3896 (Seitenstad.)
1606 3844 1646 3880 22.

1085 3921 1145 3969 Bitu
1163 3919 1317 3968 Desiderius
1337 3918 1380 3983 (de
1400 3935 1419 3966 s.
1432 3920 1470 3967 M.
1484 3919 1560 3983 Pan.)
1581 3931 1621 3968 22.

1085 4007 1188 4056 *Bloch
1207 4006 1365 4055 Ambrosius
1385 4004 1523 4070 (Murcus.)
1544 4018 1584 4067 23.

1086 4094 1171 4144 Bloch
1190 4094 1343 4142 Meinradus
1363 4092 1502 4158 (Murcus.)
1523 4105 1562 4153 23.

1085 4181 1259 4243 Blumberger
1276 4179 1428 4229 Fridericus
1448 4178 1585 4243 (Gottvic.)
1623 4192 1646 4239 4.

1086 4267 1216 4317 Boeckhn
1235 4266 1360 4315 Placidus
1381 4266 1500 4330 (Salisb.)
1520 4278 1560 4329 25.

1045 4348 1048 4437 )
1086 4357 1205 4420 Boppert
1224 4354 1361 4402 Conradus
1380 4354 1411 4418 (s.
1425 4353 1511 4418 Paul.)
1532 4354 1572 4403 26.

1046 4444 1049 4549 )
1086 4441 1202 4505 Borbely
1221 4440 1359 4490 Cornelius
1379 4441 1422 4506 (de
1441 4456 1462 4490 s.
1474 4444 1512 4490 M.
1525 4440 1602 4506 Pan.)
1623 4452 1663 4503 27.

1087 4528 1240 4591 Borovszky
1259 4529 1412 4577 Leouardus
1432 4527 1475 4591 (de
1494 4544 1515 4576 s.
1528 4530 1565 4577 M.
1578 4528 1655 4592 Pan.)
1676 4527 1717 4576 28.

1087 4616 1222 4666 Borschke
1241 4615 1365 4663 Andreas
1385 4615 1528 4679 (Scotens)
1549 4616 1588 4664 28.

1087 4705 1230 4767 Borsinger
1247 4706 1360 4751 Ioannes
1379 4704 1427 4750 Ev.
1448 4701 1587 4766 (Murens.)
1608 4714 1647 4762 29.
1704 4753 1708 4759 .

1087 4789 1233 4852 ***Bosagi
1251 4790 1364 4839 Iacobus
1384 4789 1532 4854 (Mechith.)
1552 4801 1593 4850 29.

1046 4904 1048 4969 Α
1086 4874 1212 4940 Bosnyr'ak
1231 4878 1391 4925 Benedictus
1411 4878 1455 4941 (de
1476 4891 1496 4926 s.
1510 4879 1547 4926 M.
1561 4878 1638 4941 Pan.)
1657 4889 1698 4937 31.

1046 4978 1048 4983 ’
1087 4966 1195 5013 Bossart
1214 4964 1355 5013 Othmarus
1375 4963 1513 5029 (Murcus.)
1533 4977 1575 5024 31.

1087 5051 1209 5100 Breither
1228 5050 1390 5115 Rudolphus
1409 5051 1565 5116 (Lambert.)
1585 5063 1626 5111 31.

1087 5138 1300 5201 *Brestyenszky
1318 5138 1483 5187 Adalbertus
1503 5139 1545 5203 (de
1565 5154 1585 5187 s.
1598 5141 1636 5187 M.
1650 5137 1726 5204 Pan.)
1746 5151 1788 5200 31.

1087 5225 1204 5287 Breunig
1221 5226 1405 5275 Ferdinandus
1424 5225 1566 5292 (sentens.)
1587 5238 1629 5287 32.

1086 5312 1187 5375 Breyer
1204 5315 1285 5375 Hugo
1304 5312 1335 5376 (s.
1350 5312 1435 5377 Paul.)
1454 5325 1496 5374 32.

1087 5399 1286 5448 Biilbiidschian
1304 5402 1398 5448 Petrus
1417 5399 1568 5464 (Mechith.)
1588 5413 1629 5462 33.

1044 4064 1047 4109 l
