<?xml version="1.0" encoding="UTF-8"?>
<!DOCTYPE html PUBLIC "-//W3C//DTD XHTML 1.0 Transitional//EN"
    "http://www.w3.org/TR/xhtml1/DTD/xhtml1-transitional.dtd">
<html xmlns="http://www.w3.org/1999/xhtml" xml:lang="en" lang="en">
 <head>
  <title>
</title>
<meta http-equiv="Content-Type" content="text/html;charset=utf-8" />
  <meta name='ocr-system' content='tesseract 3.04.00' />
  <meta name='ocr-capabilities' content='ocr_page ocr_carea ocr_par ocr_line ocrx_word'/>
</head>
<body>
  <div class='ocr_page' id='page_1' title='image "./scriptoresordin00austgoog_0261.png"; bbox 0 0 4178 6196; ppageno 0'>
   <div class='ocr_carea' id='block_1_1' title="bbox 931 485 1211 552">
    <p class='ocr_par' dir='ltr' id='par_1_1' title="bbox 931 485 1211 552">
     <span class='ocr_line' id='line_1_1' title="bbox 931 485 1211 552; baseline 0.014 -39"><span class='ocrx_word' id='word_1_1' title='bbox 931 485 1211 552; x_wconf 66' lang='lat'>„132-</span> 
     </span>
    </p>
   </div>
   <div class='ocr_carea' id='block_1_2' title="bbox 164 666 1944 2710">
    <p class='ocr_par' dir='ltr' id='par_1_2' title="bbox 164 666 1944 2710">
     <span class='ocr_line' id='line_1_2' title="bbox 202 666 1943 753; baseline 0.003 -24"><span class='ocrx_word' id='word_1_2' title='bbox 202 668 410 729; x_wconf 91' lang='lat' dir='ltr'>dehortatus</span> <span class='ocrx_word' id='word_1_3' title='bbox 424 674 488 728; x_wconf 90' lang='lat' dir='ltr'>est.</span> <span class='ocrx_word' id='word_1_4' title='bbox 506 666 644 728; x_wconf 89' lang='lat' dir='ltr'>Rumor</span> <span class='ocrx_word' id='word_1_5' title='bbox 660 667 843 730; x_wconf 91' lang='lat' dir='ltr'>insolentis</span> <span class='ocrx_word' id='word_1_6' title='bbox 860 667 946 731; x_wconf 83' lang='lat' dir='ltr'>facti</span> <span class='ocrx_word' id='word_1_7' title='bbox 962 677 1033 731; x_wconf 93' lang='lat' dir='ltr'>tar·</span> <span class='ocrx_word' id='word_1_8' title='bbox 1113 670 1188 733; x_wconf 89' lang='lat' dir='ltr'>sine</span> <span class='ocrx_word' id='word_1_9' title='bbox 1220 671 1347 752; x_wconf 86' lang='lat' dir='ltr'>fructu,</span> <span class='ocrx_word' id='word_1_10' title='bbox 1380 682 1418 734; x_wconf 94' lang='lat' dir='ltr'>ut</span> <span class='ocrx_word' id='word_1_11' title='bbox 1449 671 1526 753; x_wconf 92' lang='lat' dir='ltr'>ipse</span> <span class='ocrx_word' id='word_1_12' title='bbox 1553 671 1790 734; x_wconf 92' lang='lat' dir='ltr'>Honthemius</span> <span class='ocrx_word' id='word_1_13' title='bbox 1820 672 1943 734; x_wconf 88' lang='lat' dir='ltr'>abbati</span> 
     </span>
     <span class='ocr_line' id='line_1_3' title="bbox 203 788 1943 875; baseline 0.003 -25"><span class='ocrx_word' id='word_1_14' title='bbox 203 788 281 850; x_wconf 91' lang='lat' dir='ltr'>dius</span> <span class='ocrx_word' id='word_1_15' title='bbox 297 789 344 850; x_wconf 89' lang='lat' dir='ltr'>ad</span> <span class='ocrx_word' id='word_1_16' title='bbox 359 807 464 850; x_wconf 92' lang='lat' dir='ltr'>aures</span> <span class='ocrx_word' id='word_1_17' title='bbox 480 788 622 850; x_wconf 91' lang='lat' dir='ltr'>abbatis</span> <span class='ocrx_word' id='word_1_18' title='bbox 644 790 783 852; x_wconf 90' lang='lat' dir='ltr'>delatus</span> <span class='ocrx_word' id='word_1_19' title='bbox 804 790 958 852; x_wconf 91' lang='lat' dir='ltr'>animum</span> <span class='ocrx_word' id='word_1_20' title='bbox 980 791 1032 872; x_wconf 92' lang='lat' dir='ltr'>ip·</span> <span class='ocrx_word' id='word_1_21' title='bbox 1112 793 1267 856; x_wconf 90' lang='lat' dir='ltr'>Martino</span> <span class='ocrx_word' id='word_1_22' title='bbox 1283 811 1376 856; x_wconf 89' lang='lat' dir='ltr'>anno</span> <span class='ocrx_word' id='word_1_23' title='bbox 1393 813 1473 873; x_wconf 86' lang='lat'>1779</span> <span class='ocrx_word' id='word_1_24' title='bbox 1489 793 1681 875; x_wconf 86' lang='lat' dir='ltr'><strong>rescripsit.</strong></span> <span class='ocrx_word' id='word_1_25' title='bbox 1699 793 1802 855; x_wconf 90' lang='lat' dir='ltr'>Vana</span> <span class='ocrx_word' id='word_1_26' title='bbox 1814 813 1943 875; x_wconf 85' lang='lat' dir='ltr'>nempe</span> 
     </span>
     <span class='ocr_line' id='line_1_4' title="bbox 202 908 1943 997; baseline 0.003 -26"><span class='ocrx_word' id='word_1_27' title='bbox 202 909 275 971; x_wconf 92' lang='lat' dir='ltr'>sius</span> <span class='ocrx_word' id='word_1_28' title='bbox 300 911 530 972; x_wconf 90' lang='lat' dir='ltr'>vehementer</span> <span class='ocrx_word' id='word_1_29' title='bbox 553 908 695 992; x_wconf 88' lang='lat' dir='ltr'>afflixit,</span> <span class='ocrx_word' id='word_1_30' title='bbox 724 913 890 994; x_wconf 85' lang='lat' dir='ltr'>deposuit</span> <span class='ocrx_word' id='word_1_31' title='bbox 913 922 1031 976; x_wconf 91' lang='lat' dir='ltr'>autem</span> <span class='ocrx_word' id='word_1_32' title='bbox 1070 946 1073 973; x_wconf 79' lang='grc' dir='ltr'>ι</span> <span class='ocrx_word' id='word_1_33' title='bbox 1112 914 1242 996; x_wconf 87' lang='lat' dir='ltr'>opini0,</span> <span class='ocrx_word' id='word_1_34' title='bbox 1268 935 1374 997; x_wconf 91' lang='lat' dir='ltr'>posse</span> <span class='ocrx_word' id='word_1_35' title='bbox 1397 916 1602 977; x_wconf 89' lang='lat' dir='ltr'>lutheranos</span> <span class='ocrx_word' id='word_1_36' title='bbox 1627 915 1673 976; x_wconf 89' lang='lat' dir='ltr'>ad</span> <span class='ocrx_word' id='word_1_37' title='bbox 1697 914 1861 977; x_wconf 90' lang='lat' dir='ltr'>unionem</span> <span class='ocrx_word' id='word_1_38' title='bbox 1887 935 1943 977; x_wconf 90' lang='lat' dir='ltr'>ca-</span> 
     </span>
     <span class='ocr_line' id='line_1_5' title="bbox 202 1035 1943 1117; baseline 0.002 -23"><span class='ocrx_word' id='word_1_39' title='bbox 202 1050 406 1113; x_wconf 89' lang='lat' dir='ltr'>maerorem,</span> <span class='ocrx_word' id='word_1_40' title='bbox 424 1041 613 1113; x_wconf 85' lang='lat' dir='ltr'>postquam</span> <span class='ocrx_word' id='word_1_41' title='bbox 627 1052 749 1095; x_wconf 92' lang='lat' dir='ltr'>omnes</span> <span class='ocrx_word' id='word_1_42' title='bbox 761 1044 883 1115; x_wconf 91' lang='lat' dir='ltr'>patres</span> <span class='ocrx_word' id='word_1_43' title='bbox 896 1035 1032 1116; x_wconf 91' lang='lat' dir='ltr'>capitu·</span> <span class='ocrx_word' id='word_1_44' title='bbox 1112 1037 1263 1100; x_wconf 90' lang='lat' dir='ltr'>tholicae</span> <span class='ocrx_word' id='word_1_45' title='bbox 1280 1037 1453 1100; x_wconf 93' lang='lat' dir='ltr'>ecclesiae</span> <span class='ocrx_word' id='word_1_46' title='bbox 1469 1036 1600 1117; x_wconf 83' lang='lat' dir='ltr'><strong>reduci,</strong></span> <span class='ocrx_word' id='word_1_47' title='bbox 1622 1036 1652 1098; x_wconf 93' lang='lat' dir='ltr'>si</span> <span class='ocrx_word' id='word_1_48' title='bbox 1673 1038 1777 1098; x_wconf 90' lang='lat' dir='ltr'>sedes</span> <span class='ocrx_word' id='word_1_49' title='bbox 1799 1045 1943 1117; x_wconf 90' lang='lat' dir='ltr'>aposto-</span> 
     </span>
     <span class='ocr_line' id='line_1_6' title="bbox 201 1154 1943 1239; baseline 0.002 -23"><span class='ocrx_word' id='word_1_50' title='bbox 201 1155 294 1216; x_wconf 91' lang='lat' dir='ltr'>lares</span> <span class='ocrx_word' id='word_1_51' title='bbox 318 1174 378 1217; x_wconf 91' lang='lat' dir='ltr'>ore</span> <span class='ocrx_word' id='word_1_52' title='bbox 403 1163 439 1217; x_wconf 94' lang='lat' dir='ltr'>et</span> <span class='ocrx_word' id='word_1_53' title='bbox 462 1155 597 1217; x_wconf 91' lang='lat' dir='ltr'>calamo</span> <span class='ocrx_word' id='word_1_54' title='bbox 621 1154 822 1223; x_wconf 70' lang='lat' dir='ltr'>contestati,</span> <span class='ocrx_word' id='word_1_55' title='bbox 836 1166 927 1238; x_wconf 92' lang='lat' dir='ltr'>sunt,</span> <span class='ocrx_word' id='word_1_56' title='bbox 952 1177 1032 1220; x_wconf 90' lang='lat' dir='ltr'>sese</span> <span class='ocrx_word' id='word_1_57' title='bbox 1111 1159 1178 1222; x_wconf 91' lang='lat' dir='ltr'>lica</span> <span class='ocrx_word' id='word_1_58' title='bbox 1195 1159 1239 1221; x_wconf 95' lang='lat' dir='ltr'>de</span> <span class='ocrx_word' id='word_1_59' title='bbox 1256 1158 1352 1221; x_wconf 90' lang='lat' dir='ltr'>avito</span> <span class='ocrx_word' id='word_1_60' title='bbox 1365 1177 1429 1222; x_wconf 95' lang='lat' dir='ltr'>suo</span> <span class='ocrx_word' id='word_1_61' title='bbox 1442 1159 1516 1220; x_wconf 91' lang='lat' dir='ltr'>iure</span> <span class='ocrx_word' id='word_1_62' title='bbox 1529 1156 1663 1239; x_wconf 91' lang='lat' dir='ltr'>aliquid</span> <span class='ocrx_word' id='word_1_63' title='bbox 1678 1159 1832 1237; x_wconf 90' lang='lat' dir='ltr'>cederet,</span> <span class='ocrx_word' id='word_1_64' title='bbox 1844 1158 1943 1220; x_wconf 91' lang='lat' dir='ltr'>Hon-</span> 
     </span>
     <span class='ocr_line' id='line_1_7' title="bbox 201 1276 1943 1363; baseline 0.001 -24"><span class='ocrx_word' id='word_1_65' title='bbox 201 1276 304 1339; x_wconf 91' lang='lat' dir='ltr'>huius</span> <span class='ocrx_word' id='word_1_66' title='bbox 331 1276 417 1340; x_wconf 86' lang='lat' dir='ltr'>facti</span> <span class='ocrx_word' id='word_1_67' title='bbox 444 1297 509 1339; x_wconf 89' lang='lat' dir='ltr'>nec</span> <span class='ocrx_word' id='word_1_68' title='bbox 538 1277 713 1360; x_wconf 91' lang='lat' dir='ltr'>conscios,</span> <span class='ocrx_word' id='word_1_69' title='bbox 744 1298 810 1342; x_wconf 90' lang='lat' dir='ltr'>nec</span> <span class='ocrx_word' id='word_1_70' title='bbox 837 1289 1030 1361; x_wconf 90' lang='lat' dir='ltr'>consortes,</span> <span class='ocrx_word' id='word_1_71' title='bbox 1111 1280 1280 1345; x_wconf 90' lang='lat' dir='ltr'>themium</span> <span class='ocrx_word' id='word_1_72' title='bbox 1293 1281 1493 1363; x_wconf 91' lang='lat' dir='ltr'>multosque</span> <span class='ocrx_word' id='word_1_73' title='bbox 1507 1281 1700 1344; x_wconf 90' lang='lat' dir='ltr'>catholicos</span> <span class='ocrx_word' id='word_1_74' title='bbox 1715 1280 1868 1361; x_wconf 91' lang='lat' dir='ltr'>decepit,</span> <span class='ocrx_word' id='word_1_75' title='bbox 1882 1300 1943 1342; x_wconf 89' lang='lat' dir='ltr'>eos</span> 
     </span>
     <span class='ocr_line' id='line_1_8' title="bbox 201 1398 1943 1486; baseline 0.001 -24"><span class='ocrx_word' id='word_1_76' title='bbox 201 1401 312 1463; x_wconf 92' lang='lat' dir='ltr'>multo</span> <span class='ocrx_word' id='word_1_77' title='bbox 339 1400 453 1462; x_wconf 91' lang='lat' dir='ltr'>minus</span> <span class='ocrx_word' id='word_1_78' title='bbox 481 1398 710 1482; x_wconf 84' lang='lat' dir='ltr'>instigatores</span> <span class='ocrx_word' id='word_1_79' title='bbox 736 1400 862 1476; x_wconf 80' lang='lat' dir='ltr'>fuisse3</span> <span class='ocrx_word' id='word_1_80' title='bbox 890 1412 927 1466; x_wconf 90' lang='lat' dir='ltr'>et</span> <span class='ocrx_word' id='word_1_81' title='bbox 953 1403 1031 1486; x_wconf 90' lang='lat' dir='ltr'>ipse</span> <span class='ocrx_word' id='word_1_82' title='bbox 1112 1405 1228 1485; x_wconf 89' lang='lat' dir='ltr'>etiam,</span> <span class='ocrx_word' id='word_1_83' title='bbox 1252 1405 1312 1486; x_wconf 92' lang='lat' dir='ltr'>qui</span> <span class='ocrx_word' id='word_1_84' title='bbox 1333 1405 1379 1466; x_wconf 91' lang='lat' dir='ltr'>ad</span> <span class='ocrx_word' id='word_1_85' title='bbox 1401 1412 1614 1466; x_wconf 90' lang='lat' dir='ltr'>conventum</span> <span class='ocrx_word' id='word_1_86' title='bbox 1635 1404 1790 1484; x_wconf 80' lang='lat' dir='ltr'>desuper</span> <span class='ocrx_word' id='word_1_87' title='bbox 1805 1403 1943 1465; x_wconf 89' lang='lat' dir='ltr'>Fuldae</span> 
     </span>
     <span class='ocr_line' id='line_1_9' title="bbox 164 1521 1944 1605; baseline 0.001 -21"><span class='ocrx_word' id='word_1_88' title='bbox 164 1593 167 1599; x_wconf 23' lang='lat'>¹</span> <span class='ocrx_word' id='word_1_89' title='bbox 201 1521 311 1584; x_wconf 83' lang='lat' dir='ltr'>falsus</span> <span class='ocrx_word' id='word_1_90' title='bbox 338 1533 525 1585; x_wconf 89' lang='lat' dir='ltr'>accusator</span> <span class='ocrx_word' id='word_1_91' title='bbox 551 1522 691 1585; x_wconf 90' lang='lat' dir='ltr'>traditis</span> <span class='ocrx_word' id='word_1_92' title='bbox 723 1543 756 1605; x_wconf 93' lang='lat' dir='ltr'>p.</span> <span class='ocrx_word' id='word_1_93' title='bbox 786 1525 922 1588; x_wconf 91' lang='lat' dir='ltr'>decano</span> <span class='ocrx_word' id='word_1_94' title='bbox 954 1525 1031 1588; x_wconf 93' lang='lat' dir='ltr'>istis</span> <span class='ocrx_word' id='word_1_95' title='bbox 1110 1525 1280 1605; x_wconf 90' lang='lat' dir='ltr'>habitum,</span> <span class='ocrx_word' id='word_1_96' title='bbox 1296 1527 1465 1588; x_wconf 82' lang='lat' dir='ltr'>abbatem</span> <span class='ocrx_word' id='word_1_97' title='bbox 1476 1524 1670 1588; x_wconf 91' lang='lat' dir='ltr'>Martinum</span> <span class='ocrx_word' id='word_1_98' title='bbox 1687 1525 1838 1587; x_wconf 91' lang='lat' dir='ltr'>invitare</span> <span class='ocrx_word' id='word_1_99' title='bbox 1855 1536 1891 1587; x_wconf 91' lang='lat' dir='ltr'>et</span> <span class='ocrx_word' id='word_1_100' title='bbox 1907 1524 1944 1586; x_wconf 94' lang='lat' dir='ltr'>in</span> 
     </span>
     <span class='ocr_line' id='line_1_10' title="bbox 202 1760 1944 1853; baseline 0 -22"><span class='ocrx_word' id='word_1_101' title='bbox 202 1768 395 1850; x_wconf 86' lang='lat' dir='ltr'>confessus,</span> <span class='ocrx_word' id='word_1_102' title='bbox 417 1767 559 1830; x_wconf 86' lang='lat' dir='ltr'>veniam</span> <span class='ocrx_word' id='word_1_103' title='bbox 581 1768 759 1831; x_wconf 92' lang='lat' dir='ltr'>humiliter</span> <span class='ocrx_word' id='word_1_104' title='bbox 782 1769 899 1850; x_wconf 87' lang='lat' dir='ltr'>petiit,</span> <span class='ocrx_word' id='word_1_105' title='bbox 924 1779 1032 1852; x_wconf 90' lang='lat' dir='ltr'>atque</span> <span class='ocrx_word' id='word_1_106' title='bbox 1111 1773 1178 1835; x_wconf 93' lang='lat' dir='ltr'>bus</span> <span class='ocrx_word' id='word_1_107' title='bbox 1195 1771 1271 1852; x_wconf 93' lang='lat' dir='ltr'>ipse</span> <span class='ocrx_word' id='word_1_108' title='bbox 1288 1760 1434 1834; x_wconf 87' lang='lat' dir='ltr'>cordate</span> <span class='ocrx_word' id='word_1_109' title='bbox 1448 1770 1643 1851; x_wconf 88' lang='lat' dir='ltr'>rescripsit:</span> <span class='ocrx_word' id='word_1_110' title='bbox 1663 1769 1811 1853; x_wconf 80' lang='lat' dir='ltr'>„Quoad</span> <span class='ocrx_word' id='word_1_111' title='bbox 1824 1780 1944 1851; x_wconf 88' lang='lat' dir='ltr'>prote·</span> 
     </span>
     <span class='ocr_line' id='line_1_11' title="bbox 202 1890 1944 1975; baseline 0.001 -23"><span class='ocrx_word' id='word_1_112' title='bbox 202 1892 248 1953; x_wconf 91' lang='lat' dir='ltr'>ab</span> <span class='ocrx_word' id='word_1_113' title='bbox 264 1890 572 1974; x_wconf 89' lang='lat' dir='ltr'>indulgentissimo</span> <span class='ocrx_word' id='word_1_114' title='bbox 592 1900 695 1971; x_wconf 90' lang='lat' dir='ltr'>patre</span> <span class='ocrx_word' id='word_1_115' title='bbox 715 1911 785 1954; x_wconf 90' lang='lat' dir='ltr'>non</span> <span class='ocrx_word' id='word_1_116' title='bbox 801 1893 892 1955; x_wconf 91' lang='lat' dir='ltr'>hanc</span> <span class='ocrx_word' id='word_1_117' title='bbox 909 1894 1031 1974; x_wconf 93' lang='lat' dir='ltr'>solum,</span> <span class='ocrx_word' id='word_1_118' title='bbox 1112 1903 1248 1957; x_wconf 90' lang='lat' dir='ltr'>stantes</span> <span class='ocrx_word' id='word_1_119' title='bbox 1265 1894 1301 1955; x_wconf 94' lang='lat' dir='ltr'>id</span> <span class='ocrx_word' id='word_1_120' title='bbox 1317 1913 1462 1975; x_wconf 91' lang='lat' dir='ltr'>sperare</span> <span class='ocrx_word' id='word_1_121' title='bbox 1478 1913 1549 1956; x_wconf 92' lang='lat' dir='ltr'>non</span> <span class='ocrx_word' id='word_1_122' title='bbox 1566 1912 1683 1974; x_wconf 90' lang='lat' dir='ltr'>posse,</span> <span class='ocrx_word' id='word_1_123' title='bbox 1700 1902 1739 1954; x_wconf 94' lang='lat' dir='ltr'>ut</span> <span class='ocrx_word' id='word_1_124' title='bbox 1760 1891 1819 1973; x_wconf 90' lang='lat' dir='ltr'>qui</span> <span class='ocrx_word' id='word_1_125' title='bbox 1836 1892 1904 1954; x_wconf 92' lang='lat' dir='ltr'>iam</span> <span class='ocrx_word' id='word_1_126' title='bbox 1923 1912 1944 1953; x_wconf 93' lang='lat' dir='ltr'>a</span> 
     </span>
     <span class='ocr_line' id='line_1_12' title="bbox 202 2013 1944 2099; baseline -0.001 -23"><span class='ocrx_word' id='word_1_127' title='bbox 202 2015 266 2076; x_wconf 93' lang='lat' dir='ltr'>sed</span> <span class='ocrx_word' id='word_1_128' title='bbox 295 2024 331 2076; x_wconf 92' lang='lat' dir='ltr'>et</span> <span class='ocrx_word' id='word_1_129' title='bbox 358 2013 572 2077; x_wconf 91' lang='lat' dir='ltr'>oblivionem</span> <span class='ocrx_word' id='word_1_130' title='bbox 596 2024 716 2077; x_wconf 90' lang='lat' dir='ltr'>reatus</span> <span class='ocrx_word' id='word_1_131' title='bbox 740 2014 793 2076; x_wconf 90' lang='lat' dir='ltr'>sui</span> <span class='ocrx_word' id='word_1_132' title='bbox 818 2014 1032 2097; x_wconf 89' lang='lat' dir='ltr'>impetravit,</span> <span class='ocrx_word' id='word_1_133' title='bbox 1112 2017 1184 2080; x_wconf 90' lang='lat' dir='ltr'>suis</span> <span class='ocrx_word' id='word_1_134' title='bbox 1201 2016 1300 2079; x_wconf 91' lang='lat' dir='ltr'>libris</span> <span class='ocrx_word' id='word_1_135' title='bbox 1318 2016 1538 2099; x_wconf 87' lang='lat' dir='ltr'>symbolicis,</span> <span class='ocrx_word' id='word_1_136' title='bbox 1552 2034 1643 2097; x_wconf 91' lang='lat' dir='ltr'>quae</span> <span class='ocrx_word' id='word_1_137' title='bbox 1660 2015 1757 2096; x_wconf 93' lang='lat' dir='ltr'>prius</span> <span class='ocrx_word' id='word_1_138' title='bbox 1774 2014 1862 2095; x_wconf 91' lang='lat' dir='ltr'>ipsis</span> <span class='ocrx_word' id='word_1_139' title='bbox 1878 2033 1944 2095; x_wconf 90' lang='lat' dir='ltr'>pro</span> 
     </span>
     <span class='ocr_line' id='line_1_13' title="bbox 201 2135 1944 2222; baseline -0.002 -23"><span class='ocrx_word' id='word_1_140' title='bbox 201 2135 394 2200; x_wconf 90' lang='lat' dir='ltr'>honorifico</span> <span class='ocrx_word' id='word_1_141' title='bbox 423 2136 540 2200; x_wconf 86' lang='lat' dir='ltr'>officio</span> <span class='ocrx_word' id='word_1_142' title='bbox 568 2158 676 2219; x_wconf 93' lang='lat' dir='ltr'>supra</span> <span class='ocrx_word' id='word_1_143' title='bbox 703 2138 843 2219; x_wconf 91' lang='lat' dir='ltr'>merita,</span> <span class='ocrx_word' id='word_1_144' title='bbox 876 2139 1032 2222; x_wconf 85' lang='lat' dir='ltr'>benigne</span> <span class='ocrx_word' id='word_1_145' title='bbox 1111 2137 1195 2200; x_wconf 89' lang='lat' dir='ltr'>fidei</span> <span class='ocrx_word' id='word_1_146' title='bbox 1211 2139 1336 2221; x_wconf 87' lang='lat' dir='ltr'>regula</span> <span class='ocrx_word' id='word_1_147' title='bbox 1353 2147 1464 2218; x_wconf 91' lang='lat' dir='ltr'>erant,</span> <span class='ocrx_word' id='word_1_148' title='bbox 1487 2138 1582 2200; x_wconf 89' lang='lat' dir='ltr'>nullo</span> <span class='ocrx_word' id='word_1_149' title='bbox 1599 2137 1722 2219; x_wconf 88' lang='lat' dir='ltr'>agnito</span> <span class='ocrx_word' id='word_1_150' title='bbox 1740 2146 1944 2199; x_wconf 89' lang='lat' dir='ltr'>controver-</span> 
     </span>
     <span class='ocr_line' id='line_1_14' title="bbox 200 2258 1944 2342; baseline -0.001 -21"><span class='ocrx_word' id='word_1_151' title='bbox 200 2258 316 2342; x_wconf 90' lang='lat' dir='ltr'>magis</span> <span class='ocrx_word' id='word_1_152' title='bbox 333 2280 438 2341; x_wconf 91' lang='lat' dir='ltr'>quam</span> <span class='ocrx_word' id='word_1_153' title='bbox 462 2258 553 2333; x_wconf 91' lang='lat' dir='ltr'>iuste</span> <span class='ocrx_word' id='word_1_154' title='bbox 573 2260 737 2323; x_wconf 92' lang='lat' dir='ltr'>admotus</span> <span class='ocrx_word' id='word_1_155' title='bbox 757 2260 877 2342; x_wconf 92' lang='lat' dir='ltr'>illique</span> <span class='ocrx_word' id='word_1_156' title='bbox 894 2259 1032 2323; x_wconf 92' lang='lat' dir='ltr'>immor·</span> <span class='ocrx_word' id='word_1_157' title='bbox 1113 2260 1243 2324; x_wconf 91' lang='lat' dir='ltr'>siarum</span> <span class='ocrx_word' id='word_1_158' title='bbox 1259 2261 1385 2342; x_wconf 90' lang='lat' dir='ltr'>iudice,</span> <span class='ocrx_word' id='word_1_159' title='bbox 1406 2261 1441 2323; x_wconf 92' lang='lat' dir='ltr'>in</span> <span class='ocrx_word' id='word_1_160' title='bbox 1457 2262 1565 2323; x_wconf 91' lang='lat' dir='ltr'>rebus</span> <span class='ocrx_word' id='word_1_161' title='bbox 1580 2259 1663 2322; x_wconf 91' lang='lat' dir='ltr'>fidei</span> <span class='ocrx_word' id='word_1_162' title='bbox 1680 2260 1863 2322; x_wconf 84' lang='lat' dir='ltr'>recedant:</span> <span class='ocrx_word' id='word_1_163' title='bbox 1885 2278 1944 2320; x_wconf 92' lang='lat' dir='ltr'>ca-</span> 
     </span>
     <span class='ocr_line' id='line_1_15' title="bbox 202 2380 1943 2466; baseline -0.001 -22"><span class='ocrx_word' id='word_1_164' title='bbox 202 2391 292 2445; x_wconf 92' lang='lat' dir='ltr'>tuus.</span> <span class='ocrx_word' id='word_1_165' title='bbox 322 2380 621 2463; x_wconf 89' lang='lat' dir='ltr'>Suppressionem</span> <span class='ocrx_word' id='word_1_166' title='bbox 645 2383 826 2446; x_wconf 92' lang='lat' dir='ltr'>societatis</span> <span class='ocrx_word' id='word_1_167' title='bbox 847 2383 928 2445; x_wconf 89' lang='lat' dir='ltr'>Iesu</span> <span class='ocrx_word' id='word_1_168' title='bbox 952 2403 1032 2466; x_wconf 88' lang='lat' dir='ltr'>gra·</span> <span class='ocrx_word' id='word_1_169' title='bbox 1112 2382 1250 2447; x_wconf 92' lang='lat' dir='ltr'>tholicis</span> <span class='ocrx_word' id='word_1_170' title='bbox 1271 2403 1357 2446; x_wconf 91' lang='lat' dir='ltr'>vero</span> <span class='ocrx_word' id='word_1_171' title='bbox 1379 2382 1572 2446; x_wconf 91' lang='lat' dir='ltr'>timendum</span> <span class='ocrx_word' id='word_1_172' title='bbox 1595 2401 1684 2457; x_wconf 87' lang='lat' dir='ltr'>esse,</span> <span class='ocrx_word' id='word_1_173' title='bbox 1706 2401 1760 2461; x_wconf 91' lang='lat' dir='ltr'>ne,</span> <span class='ocrx_word' id='word_1_174' title='bbox 1786 2382 1868 2443; x_wconf 92' lang='lat' dir='ltr'>dum</span> <span class='ocrx_word' id='word_1_175' title='bbox 1892 2381 1943 2443; x_wconf 91' lang='lat' dir='ltr'>ni-</span> 
     </span>
     <span class='ocr_line' id='line_1_16' title="bbox 201 2495 1944 2588; baseline 0 -23"><span class='ocrx_word' id='word_1_176' title='bbox 201 2503 294 2566; x_wconf 92' lang='lat' dir='ltr'>viter</span> <span class='ocrx_word' id='word_1_177' title='bbox 305 2505 499 2586; x_wconf 91' lang='lat' dir='ltr'>maerebat,</span> <span class='ocrx_word' id='word_1_178' title='bbox 512 2525 621 2587; x_wconf 93' lang='lat' dir='ltr'>saepe</span> <span class='ocrx_word' id='word_1_179' title='bbox 634 2505 872 2588; x_wconf 91' lang='lat' dir='ltr'>ingeminans:</span> <span class='ocrx_word' id='word_1_180' title='bbox 891 2503 951 2588; x_wconf 85' lang='lat' dir='ltr'>,Si</span> <span class='ocrx_word' id='word_1_181' title='bbox 964 2506 1031 2569; x_wconf 90' lang='lat' dir='ltr'>hoc</span> <span class='ocrx_word' id='word_1_182' title='bbox 1110 2506 1217 2569; x_wconf 92' lang='lat' dir='ltr'>mium</span> <span class='ocrx_word' id='word_1_183' title='bbox 1248 2507 1295 2568; x_wconf 90' lang='lat' dir='ltr'>ad</span> <span class='ocrx_word' id='word_1_184' title='bbox 1325 2505 1523 2568; x_wconf 89' lang='lat' dir='ltr'>acatholica</span> <span class='ocrx_word' id='word_1_185' title='bbox 1559 2495 1752 2586; x_wconf 84' lang='lat' dir='ltr'>principia</span> <span class='ocrx_word' id='word_1_186' title='bbox 1770 2503 1870 2585; x_wconf 88' lang='lat' dir='ltr'>pacis</span> <span class='ocrx_word' id='word_1_187' title='bbox 1907 2513 1944 2565; x_wconf 90' lang='lat' dir='ltr'>et</span> 
     </span>
     <span class='ocr_line' id='line_1_17' title="bbox 203 2625 1943 2710; baseline 0 -23"><span class='ocrx_word' id='word_1_188' title='bbox 203 2626 237 2688; x_wconf 94' lang='lat' dir='ltr'>in</span> <span class='ocrx_word' id='word_1_189' title='bbox 253 2625 358 2688; x_wconf 90' lang='lat' dir='ltr'>viridi</span> <span class='ocrx_word' id='word_1_190' title='bbox 379 2625 488 2709; x_wconf 89' lang='lat' dir='ltr'>ligno,</span> <span class='ocrx_word' id='word_1_191' title='bbox 513 2626 548 2688; x_wconf 92' lang='lat' dir='ltr'>in</span> <span class='ocrx_word' id='word_1_192' title='bbox 564 2627 663 2689; x_wconf 90' lang='lat' dir='ltr'>arido</span> <span class='ocrx_word' id='word_1_193' title='bbox 681 2628 765 2710; x_wconf 92' lang='lat' dir='ltr'>quid</span> <span class='ocrx_word' id='word_1_194' title='bbox 781 2626 882 2690; x_wconf 80' lang='lat' dir='ltr'>fiet?“</span> <span class='ocrx_word' id='word_1_195' title='bbox 911 2628 1031 2690; x_wconf 91' lang='lat' dir='ltr'>Facile</span> <span class='ocrx_word' id='word_1_196' title='bbox 1111 2628 1249 2691; x_wconf 91' lang='lat' dir='ltr'>unionis</span> <span class='ocrx_word' id='word_1_197' title='bbox 1271 2647 1378 2690; x_wconf 90' lang='lat' dir='ltr'>causa</span> <span class='ocrx_word' id='word_1_198' title='bbox 1395 2626 1584 2707; x_wconf 88' lang='lat' dir='ltr'>declinant,</span> <span class='ocrx_word' id='word_1_199' title='bbox 1605 2626 1734 2688; x_wconf 90' lang='lat' dir='ltr'>sensim</span> <span class='ocrx_word' id='word_1_200' title='bbox 1756 2646 1778 2687; x_wconf 89' lang='lat' dir='ltr'>a</span> <span class='ocrx_word' id='word_1_201' title='bbox 1798 2625 1943 2688; x_wconf 93' lang='lat' dir='ltr'>catholi-</span> 
     </span>
    </p>
   </div>
   <div class='ocr_carea' id='block_1_3' title="bbox 201 2746 1943 2832">
    <p class='ocr_par' dir='ltr' id='par_1_3' title="bbox 201 2746 1943 2832">
     <span class='ocr_line' id='line_1_18' title="bbox 201 2746 1943 2832; baseline -0.001 -22"><span class='ocrx_word' id='word_1_202' title='bbox 201 2748 294 2811; x_wconf 91' lang='lat' dir='ltr'>enim</span> <span class='ocrx_word' id='word_1_203' title='bbox 325 2748 473 2811; x_wconf 90' lang='lat' dir='ltr'>ominari</span> <span class='ocrx_word' id='word_1_204' title='bbox 504 2749 655 2831; x_wconf 90' lang='lat' dir='ltr'>quisque</span> <span class='ocrx_word' id='word_1_205' title='bbox 687 2751 844 2830; x_wconf 93' lang='lat' dir='ltr'>prudens</span> <span class='ocrx_word' id='word_1_206' title='bbox 879 2760 1030 2832; x_wconf 91' lang='lat' dir='ltr'>poterat,</span> <span class='ocrx_word' id='word_1_207' title='bbox 1112 2749 1355 2831; x_wconf 90' lang='lat' dir='ltr'>cisprincipiis</span> <span class='ocrx_word' id='word_1_208' title='bbox 1367 2751 1552 2830; x_wconf 90' lang='lat' dir='ltr'>abeuntes,</span> <span class='ocrx_word' id='word_1_209' title='bbox 1562 2750 1706 2811; x_wconf 90' lang='lat' dir='ltr'>tandem</span> <span class='ocrx_word' id='word_1_210' title='bbox 1716 2748 1858 2829; x_wconf 86' lang='lat' dir='ltr'>penitus</span> <span class='ocrx_word' id='word_1_211' title='bbox 1871 2746 1943 2810; x_wconf 85' lang='lat' dir='ltr'>fide</span> 
     </span>
    </p>
   </div>
   <div class='ocr_carea' id='block_1_4' title="bbox 201 1645 1944 1731">
    <p class='ocr_par' dir='ltr' id='par_1_4' title="bbox 201 1630 1944 2379">
     <span class='ocr_line' id='line_1_19' title="bbox 201 1645 1944 1731; baseline 0 -23"><span class='ocrx_word' id='word_1_212' title='bbox 201 1645 315 1708; x_wconf 89' lang='lat' dir='ltr'>nuntii</span> <span class='ocrx_word' id='word_1_213' title='bbox 331 1645 516 1726; x_wconf 89' lang='lat' dir='ltr'>apostolici</span> <span class='ocrx_word' id='word_1_214' title='bbox 530 1646 712 1727; x_wconf 90' lang='lat' dir='ltr'>rescriptis</span> <span class='ocrx_word' id='word_1_215' title='bbox 724 1646 860 1728; x_wconf 88' lang='lat' dir='ltr'>litteris,</span> <span class='ocrx_word' id='word_1_216' title='bbox 878 1666 1032 1710; x_wconf 91' lang='lat' dir='ltr'>errorem</span> <span class='ocrx_word' id='word_1_217' title='bbox 1111 1663 1249 1731; x_wconf 92' lang='lat' dir='ltr'>partem</span> <span class='ocrx_word' id='word_1_218' title='bbox 1270 1649 1429 1710; x_wconf 91' lang='lat' dir='ltr'>laborum</span> <span class='ocrx_word' id='word_1_219' title='bbox 1451 1648 1591 1711; x_wconf 88' lang='lat' dir='ltr'>trahere</span> <span class='ocrx_word' id='word_1_220' title='bbox 1612 1647 1727 1709; x_wconf 88' lang='lat' dir='ltr'>adnisi</span> <span class='ocrx_word' id='word_1_221' title='bbox 1749 1657 1840 1727; x_wconf 89' lang='lat' dir='ltr'>sunt,</span> <span class='ocrx_word' id='word_1_222' title='bbox 1868 1647 1944 1728; x_wconf 91' lang='lat' dir='ltr'>qui-</span> 
     </span>
    </p>
   </div>
   <div class='ocr_carea' id='block_1_5' title="bbox 202 2870 1031 2954">
    <p class='ocr_par' dir='ltr' id='par_1_5' title="bbox 202 2870 1031 2954">
     <span class='ocr_line' id='line_1_20' title="bbox 202 2870 1031 2954; baseline 0.001 -21"><span class='ocrx_word' id='word_1_223' title='bbox 202 2870 331 2934; x_wconf 92' lang='lat' dir='ltr'>ceteris</span> <span class='ocrx_word' id='word_1_224' title='bbox 360 2871 545 2953; x_wconf 90' lang='lat' dir='ltr'>quibusvis</span> <span class='ocrx_word' id='word_1_225' title='bbox 575 2871 750 2954; x_wconf 75' lang='lat' dir='ltr'>religiosis</span> <span class='ocrx_word' id='word_1_226' title='bbox 781 2872 1031 2936; x_wconf 87' lang='lat' dir='ltr'>sodalitatibus</span> 
     </span>
    </p>
   </div>
   <div class='ocr_carea' id='block_1_6' title="bbox 201 2989 1943 3103">
    <p class='ocr_par' dir='ltr' id='par_1_6' title="bbox 201 2989 1943 3103">
     <span class='ocr_line' id='line_1_21' title="bbox 201 2989 1943 3103; baseline -0.002 -48"><span class='ocrx_word' id='word_1_227' title='bbox 201 3002 398 3057; x_wconf 89' lang='lat' dir='ltr'>extremum</span> <span class='ocrx_word' id='word_1_228' title='bbox 415 2996 586 3057; x_wconf 92' lang='lat' dir='ltr'>malorum</span> <span class='ocrx_word' id='word_1_229' title='bbox 603 2994 925 3076; x_wconf 91' lang='lat' dir='ltr'>pertimescendum</span> <span class='ocrx_word' id='word_1_230' title='bbox 942 3015 1031 3060; x_wconf 89' lang='lat' dir='ltr'>esse.</span> <span class='ocrx_word' id='word_1_231' title='bbox 1070 3002 1073 3103; x_wconf 58' lang='lat' dir='ltr'><strong>j</strong></span> <span class='ocrx_word' id='word_1_232' title='bbox 1113 2994 1266 3057; x_wconf 89' lang='lat' dir='ltr'>omnium</span> <span class='ocrx_word' id='word_1_233' title='bbox 1283 2994 1560 3057; x_wconf 91' lang='lat' dir='ltr'>orthodoxorum</span> <span class='ocrx_word' id='word_1_234' title='bbox 1577 2991 1712 3055; x_wconf 93' lang='lat' dir='ltr'>animos</span> <span class='ocrx_word' id='word_1_235' title='bbox 1728 2989 1856 3054; x_wconf 86' lang='lat' dir='ltr'>afflixit</span> <span class='ocrx_word' id='word_1_236' title='bbox 1868 3011 1943 3074; x_wconf 94' lang='lat' dir='ltr'>my·</span> 
     </span>
    </p>
   </div>
   <div class='ocr_carea' id='block_1_7' title="bbox 200 3108 1944 3199">
    <p class='ocr_par' dir='ltr' id='par_1_7' title="bbox 200 3108 1944 3199">
     <span class='ocr_line' id='line_1_22' title="bbox 200 3108 1944 3199; baseline -0.003 -20"><span class='ocrx_word' id='word_1_237' title='bbox 200 3115 405 3179; x_wconf 84' lang='lat' dir='ltr'>Acerrimus</span> <span class='ocrx_word' id='word_1_238' title='bbox 432 3117 623 3199; x_wconf 64' lang='lat' dir='ltr'>religionis</span> <span class='ocrx_word' id='word_1_239' title='bbox 652 3136 775 3180; x_wconf 89' lang='lat' dir='ltr'>sacrae</span> <span class='ocrx_word' id='word_1_240' title='bbox 801 3117 1031 3199; x_wconf 85' lang='lat' dir='ltr'>hierarchiae,</span> <span class='ocrx_word' id='word_1_241' title='bbox 1070 3108 1073 3167; x_wconf 85' lang='grc' dir='ltr'>Ι</span> <span class='ocrx_word' id='word_1_242' title='bbox 1112 3116 1257 3179; x_wconf 91' lang='lat' dir='ltr'>sterium</span> <span class='ocrx_word' id='word_1_243' title='bbox 1277 3115 1485 3198; x_wconf 91' lang='lat' dir='ltr'>iniquitatis,</span> <span class='ocrx_word' id='word_1_244' title='bbox 1512 3117 1706 3197; x_wconf 92' lang='lat' dir='ltr'>quodcum</span> <span class='ocrx_word' id='word_1_245' title='bbox 1731 3114 1791 3176; x_wconf 93' lang='lat' dir='ltr'>diu</span> <span class='ocrx_word' id='word_1_246' title='bbox 1814 3114 1884 3176; x_wconf 91' lang='lat' dir='ltr'>iam</span> <span class='ocrx_word' id='word_1_247' title='bbox 1909 3113 1944 3174; x_wconf 89' lang='lat' dir='ltr'>in</span> 
     </span>
    </p>
   </div>
   <div class='ocr_carea' id='block_1_8' title="bbox 1112 2870 1944 2951">
    <p class='ocr_par' dir='ltr' id='par_1_8' title="bbox 1112 2870 1944 2951">
     <span class='ocr_line' id='line_1_23' title="bbox 1112 2870 1944 2951; baseline -0.004 -17"><span class='ocrx_word' id='word_1_248' title='bbox 1112 2870 1311 2934; x_wconf 74' lang='lat' dir='ltr'>excidant“.</span> <span class='ocrx_word' id='word_1_249' title='bbox 1324 2870 1482 2933; x_wconf 81' lang='lat' dir='ltr'>Maxime</span> <span class='ocrx_word' id='word_1_250' title='bbox 1491 2880 1610 2933; x_wconf 89' lang='lat' dir='ltr'>autem</span> <span class='ocrx_word' id='word_1_251' title='bbox 1623 2870 1771 2951; x_wconf 90' lang='lat' dir='ltr'>piissimi</span> <span class='ocrx_word' id='word_1_252' title='bbox 1781 2870 1894 2951; x_wconf 90' lang='lat' dir='ltr'>patris</span> <span class='ocrx_word' id='word_1_253' title='bbox 1908 2879 1944 2932; x_wconf 90' lang='lat' dir='ltr'>et</span> 
     </span>
    </p>
   </div>
   <div class='ocr_carea' id='block_1_9' title="bbox 200 3237 1945 3475">
    <p class='ocr_par' dir='ltr' id='par_1_9' title="bbox 200 3237 1945 3475">
     <span class='ocr_line' id='line_1_24' title="bbox 201 3237 1944 3320; baseline -0.002 -20"><span class='ocrx_word' id='word_1_254' title='bbox 201 3239 236 3302; x_wconf 91' lang='lat' dir='ltr'>in</span> <span class='ocrx_word' id='word_1_255' title='bbox 252 3239 376 3320; x_wconf 91' lang='lat' dir='ltr'>primis</span> <span class='ocrx_word' id='word_1_256' title='bbox 397 3239 570 3320; x_wconf 85' lang='lat' dir='ltr'>primatus</span> <span class='ocrx_word' id='word_1_257' title='bbox 592 3239 687 3302; x_wconf 89' lang='lat' dir='ltr'>sedis</span> <span class='ocrx_word' id='word_1_258' title='bbox 703 3240 891 3302; x_wconf 85' lang='lat' dir='ltr'>Romanae</span> <span class='ocrx_word' id='word_1_259' title='bbox 912 3241 1032 3303; x_wconf 92' lang='lat' dir='ltr'>adser-</span> <span class='ocrx_word' id='word_1_260' title='bbox 1070 3254 1073 3271; x_wconf 77' lang='lat'>¹</span> <span class='ocrx_word' id='word_1_261' title='bbox 1113 3237 1835 3319; x_wconf 88' lang='lat' dir='ltr'>Gallorumcerebrisparturisset,tandem</span> <span class='ocrx_word' id='word_1_262' title='bbox 1845 3256 1944 3298; x_wconf 90' lang='lat' dir='ltr'>mon·</span> 
     </span>
     <span class='ocr_line' id='line_1_25' title="bbox 200 3332 1945 3475; baseline -0.003 -50"><span class='ocrx_word' id='word_1_263' title='bbox 200 3372 256 3425; x_wconf 93' lang='lat' dir='ltr'>tor</span> <span class='ocrx_word' id='word_1_264' title='bbox 271 3363 384 3424; x_wconf 90' lang='lat' dir='ltr'>abbas</span> <span class='ocrx_word' id='word_1_265' title='bbox 400 3361 577 3424; x_wconf 89' lang='lat' dir='ltr'>Martinus</span> <span class='ocrx_word' id='word_1_266' title='bbox 593 3362 695 3443; x_wconf 91' lang='lat' dir='ltr'>plura</span> <span class='ocrx_word' id='word_1_267' title='bbox 711 3362 745 3424; x_wconf 91' lang='lat' dir='ltr'>in</span> <span class='ocrx_word' id='word_1_268' title='bbox 766 3382 845 3424; x_wconf 90' lang='lat' dir='ltr'>eam</span> <span class='ocrx_word' id='word_1_269' title='bbox 865 3381 939 3424; x_wconf 91' lang='lat' dir='ltr'>rem</span> <span class='ocrx_word' id='word_1_270' title='bbox 959 3362 1032 3424; x_wconf 91' lang='lat' dir='ltr'>edi·</span> <span class='ocrx_word' id='word_1_271' title='bbox 1070 3332 1074 3475; x_wconf 67' lang='lat' dir='ltr'>i</span> <span class='ocrx_word' id='word_1_272' title='bbox 1112 3373 1265 3426; x_wconf 90' lang='lat' dir='ltr'>strosum</span> <span class='ocrx_word' id='word_1_273' title='bbox 1291 3361 1426 3425; x_wconf 86' lang='lat' dir='ltr'>foetum</span> <span class='ocrx_word' id='word_1_274' title='bbox 1450 3360 1578 3442; x_wconf 84' lang='lat' dir='ltr'>edidit,</span> <span class='ocrx_word' id='word_1_275' title='bbox 1603 3379 1748 3422; x_wconf 90' lang='lat' dir='ltr'>saevum</span> <span class='ocrx_word' id='word_1_276' title='bbox 1777 3369 1813 3421; x_wconf 90' lang='lat' dir='ltr'>et</span> <span class='ocrx_word' id='word_1_277' title='bbox 1841 3378 1945 3440; x_wconf 87' lang='lat' dir='ltr'>aper·</span> 
     </span>
    </p>
   </div>
   <div class='ocr_carea' id='block_1_10' title="bbox 201 3536 1945 3692">
    <p class='ocr_par' dir='ltr' id='par_1_10' title="bbox 201 3536 1945 3692">
     <span class='ocr_line' id='line_1_26' title="bbox 201 3536 1945 3692; baseline -0.002 -25"><span class='ocrx_word' id='word_1_278' title='bbox 201 3605 305 3667; x_wconf 90' lang='lat' dir='ltr'>nione</span> <span class='ocrx_word' id='word_1_279' title='bbox 327 3605 518 3686; x_wconf 91' lang='lat' dir='ltr'>potestatis</span> <span class='ocrx_word' id='word_1_280' title='bbox 539 3606 805 3669; x_wconf 89' lang='lat' dir='ltr'>ecclesiasticae</span> <span class='ocrx_word' id='word_1_281' title='bbox 826 3608 919 3669; x_wconf 90' lang='lat' dir='ltr'>inter</span> <span class='ocrx_word' id='word_1_282' title='bbox 939 3627 1032 3669; x_wconf 91' lang='lat' dir='ltr'>sum·</span> <span class='ocrx_word' id='word_1_283' title='bbox 1070 3536 1073 3597; x_wconf 53' lang='lat'>¹</span> <span class='ocrx_word' id='word_1_284' title='bbox 1112 3603 1293 3692; x_wconf 88' lang='lat' dir='ltr'>gationem</span> <span class='ocrx_word' id='word_1_285' title='bbox 1310 3605 1423 3669; x_wconf 90' lang='lat' dir='ltr'>omnis</span> <span class='ocrx_word' id='word_1_286' title='bbox 1436 3605 1618 3688; x_wconf 92' lang='lat' dir='ltr'>religionis</span> <span class='ocrx_word' id='word_1_287' title='bbox 1631 3606 1820 3681; x_wconf 88' lang='lat' dir='ltr'>revelatae,</span> <span class='ocrx_word' id='word_1_288' title='bbox 1838 3603 1945 3665; x_wconf 93' lang='lat' dir='ltr'>truci-</span> 
     </span>
    </p>
   </div>
   <div class='ocr_carea' id='block_1_11' title="bbox 200 3481 1947 5527">
    <p class='ocr_par' dir='ltr' id='par_1_11' title="bbox 200 3481 1947 5527">
     <span class='ocr_line' id='line_1_27' title="bbox 201 3481 1945 3565; baseline -0.001 -20"><span class='ocrx_word' id='word_1_289' title='bbox 201 3483 253 3545; x_wconf 94' lang='lat' dir='ltr'>dit</span> <span class='ocrx_word' id='word_1_290' title='bbox 269 3484 449 3565; x_wconf 92' lang='lat' dir='ltr'>opuscula,</span> <span class='ocrx_word' id='word_1_291' title='bbox 466 3484 676 3564; x_wconf 90' lang='lat' dir='ltr'>praesertim</span> <span class='ocrx_word' id='word_1_292' title='bbox 693 3483 792 3546; x_wconf 91' lang='lat' dir='ltr'>illud:</span> <span class='ocrx_word' id='word_1_293' title='bbox 810 3484 865 3546; x_wconf 90' lang='lat' dir='ltr'>De</span> <span class='ocrx_word' id='word_1_294' title='bbox 878 3504 1032 3547; x_wconf 91' lang='lat' dir='ltr'>commu·</span> <span class='ocrx_word' id='word_1_295' title='bbox 1112 3496 1186 3548; x_wconf 91' lang='lat' dir='ltr'>tum</span> <span class='ocrx_word' id='word_1_296' title='bbox 1203 3485 1322 3548; x_wconf 92' lang='lat' dir='ltr'>odium</span> <span class='ocrx_word' id='word_1_297' title='bbox 1338 3484 1374 3546; x_wconf 92' lang='lat' dir='ltr'>in</span> <span class='ocrx_word' id='word_1_298' title='bbox 1390 3483 1577 3546; x_wconf 89' lang='lat' dir='ltr'>ecclesiam</span> <span class='ocrx_word' id='word_1_299' title='bbox 1598 3481 1817 3562; x_wconf 88' lang='lat' dir='ltr'>catholicam,</span> <span class='ocrx_word' id='word_1_300' title='bbox 1841 3482 1945 3543; x_wconf 92' lang='lat' dir='ltr'>abro-</span> 
     </span>
     <span class='ocr_line' id='line_1_28' title="bbox 200 3726 1944 3831; baseline -0.001 -42"><span class='ocrx_word' id='word_1_301' title='bbox 200 3746 276 3789; x_wconf 91' lang='lat' dir='ltr'>mos</span> <span class='ocrx_word' id='word_1_302' title='bbox 307 3726 498 3809; x_wconf 89' lang='lat' dir='ltr'>principes,</span> <span class='ocrx_word' id='word_1_303' title='bbox 530 3728 733 3809; x_wconf 89' lang='lat' dir='ltr'>pontificem</span> <span class='ocrx_word' id='word_1_304' title='bbox 765 3740 802 3792; x_wconf 90' lang='lat' dir='ltr'>et</span> <span class='ocrx_word' id='word_1_305' title='bbox 832 3729 1031 3810; x_wconf 89' lang='lat' dir='ltr'>episcopos,</span> <span class='ocrx_word' id='word_1_306' title='bbox 1071 3808 1073 3831; x_wconf 53' lang='grc' dir='ltr'>Ι</span> <span class='ocrx_word' id='word_1_307' title='bbox 1113 3732 1292 3794; x_wconf 88' lang='lat' dir='ltr'>dationem</span> <span class='ocrx_word' id='word_1_308' title='bbox 1329 3740 1365 3792; x_wconf 92' lang='lat' dir='ltr'>et</span> <span class='ocrx_word' id='word_1_309' title='bbox 1401 3728 1647 3809; x_wconf 82' lang='lat' dir='ltr'>expulsionem</span> <span class='ocrx_word' id='word_1_310' title='bbox 1684 3727 1944 3808; x_wconf 92' lang='lat' dir='ltr'>episcoporum,</span> 
     </span>
     <span class='ocr_line' id='line_1_29' title="bbox 202 3838 1944 3933; baseline 0 -21"><span class='ocrx_word' id='word_1_311' title='bbox 202 3852 297 3933; x_wconf 92' lang='lat' dir='ltr'>quod</span> <span class='ocrx_word' id='word_1_312' title='bbox 310 3871 331 3912; x_wconf 92' lang='lat' dir='ltr'>a</span> <span class='ocrx_word' id='word_1_313' title='bbox 344 3869 494 3912; x_wconf 91' lang='lat' dir='ltr'>censura</span> <span class='ocrx_word' id='word_1_314' title='bbox 506 3849 621 3912; x_wconf 91' lang='lat' dir='ltr'>aulica</span> <span class='ocrx_word' id='word_1_315' title='bbox 633 3850 837 3932; x_wconf 88' lang='lat' dir='ltr'>Viennensi,</span> <span class='ocrx_word' id='word_1_316' title='bbox 847 3852 1032 3915; x_wconf 89' lang='lat' dir='ltr'>contrariis</span> <span class='ocrx_word' id='word_1_317' title='bbox 1071 3838 1074 3913; x_wconf 79' lang='grc' dir='ltr'><strong>ἱ</strong></span> <span class='ocrx_word' id='word_1_318' title='bbox 1113 3854 1338 3917; x_wconf 87' lang='lat' dir='ltr'>sacerdotum</span> <span class='ocrx_word' id='word_1_319' title='bbox 1360 3862 1395 3914; x_wconf 94' lang='lat' dir='ltr'>et</span> <span class='ocrx_word' id='word_1_320' title='bbox 1417 3852 1676 3932; x_wconf 89' lang='lat' dir='ltr'>monachorum,</span> <span class='ocrx_word' id='word_1_321' title='bbox 1701 3850 1761 3931; x_wconf 92' lang='lat' dir='ltr'>qui</span> <span class='ocrx_word' id='word_1_322' title='bbox 1785 3848 1944 3930; x_wconf 88' lang='lat' dir='ltr'>pontifici</span> 
     </span>
     <span class='ocr_line' id='line_1_30' title="bbox 202 3972 1945 4070; baseline 0 -36"><span class='ocrx_word' id='word_1_323' title='bbox 202 3972 386 4055; x_wconf 88' lang='lat' dir='ltr'>principiis</span> <span class='ocrx_word' id='word_1_324' title='bbox 413 3973 563 4054; x_wconf 92' lang='lat' dir='ltr'>imbuta,</span> <span class='ocrx_word' id='word_1_325' title='bbox 589 3974 680 4035; x_wconf 88' lang='lat' dir='ltr'>male</span> <span class='ocrx_word' id='word_1_326' title='bbox 705 3983 864 4036; x_wconf 91' lang='lat' dir='ltr'>notatum</span> <span class='ocrx_word' id='word_1_327' title='bbox 887 3973 969 4048; x_wconf 88' lang='lat' dir='ltr'>fuit;</span> <span class='ocrx_word' id='word_1_328' title='bbox 998 3985 1034 4037; x_wconf 90' lang='lat' dir='ltr'>et</span> <span class='ocrx_word' id='word_1_329' title='bbox 1071 3984 1074 4061; x_wconf 63' lang='grc' dir='ltr'><strong>ᾗ</strong></span> <span class='ocrx_word' id='word_1_330' title='bbox 1113 3985 1150 4039; x_wconf 91' lang='lat' dir='ltr'>et</span> <span class='ocrx_word' id='word_1_331' title='bbox 1172 3975 1346 4070; x_wconf 81' lang='lat' dir='ltr'>ecclesiae</span> <span class='ocrx_word' id='word_1_332' title='bbox 1369 3973 1508 4055; x_wconf 91' lang='lat' dir='ltr'>fideles,</span> <span class='ocrx_word' id='word_1_333' title='bbox 1538 3973 1672 4036; x_wconf 91' lang='lat' dir='ltr'>civicae</span> <span class='ocrx_word' id='word_1_334' title='bbox 1700 3972 1945 4035; x_wconf 90' lang='lat' dir='ltr'>constitutioni</span> 
     </span>
     <span class='ocr_line' id='line_1_31' title="bbox 202 4094 1944 4178; baseline -0.002 -20"><span class='ocrx_word' id='word_1_335' title='bbox 202 4094 648 4178; x_wconf 83' lang='lat' dir='ltr'>eius,Ecclesiamilitans“</span> <span class='ocrx_word' id='word_1_336' title='bbox 665 4096 835 4159; x_wconf 90' lang='lat' dir='ltr'>conviciis</span> <span class='ocrx_word' id='word_1_337' title='bbox 848 4108 1033 4177; x_wconf 89' lang='lat' dir='ltr'>exceptaa</span> <span class='ocrx_word' id='word_1_338' title='bbox 1071 4098 1074 4171; x_wconf 74' lang='lat' dir='ltr'>l</span> <span class='ocrx_word' id='word_1_339' title='bbox 1113 4098 1353 4177; x_wconf 89' lang='lat' dir='ltr'>subscribere,</span> <span class='ocrx_word' id='word_1_340' title='bbox 1381 4096 1544 4178; x_wconf 88' lang='lat' dir='ltr'>religioni</span> <span class='ocrx_word' id='word_1_341' title='bbox 1569 4096 1638 4158; x_wconf 91' lang='lat' dir='ltr'>sibi</span> <span class='ocrx_word' id='word_1_342' title='bbox 1662 4098 1850 4159; x_wconf 89' lang='lat' dir='ltr'>ducebant.</span> <span class='ocrx_word' id='word_1_343' title='bbox 1880 4094 1944 4156; x_wconf 92' lang='lat' dir='ltr'>Isti</span> 
     </span>
     <span class='ocr_line' id='line_1_32' title="bbox 202 4212 1944 4323; baseline -0.001 -42"><span class='ocrx_word' id='word_1_344' title='bbox 202 4217 444 4288; x_wconf 67' lang='lat' dir='ltr'>novatoribus</span> <span class='ocrx_word' id='word_1_345' title='bbox 462 4237 553 4299; x_wconf 88' lang='lat' dir='ltr'>quae</span> <span class='ocrx_word' id='word_1_346' title='bbox 570 4217 711 4299; x_wconf 92' lang='lat' dir='ltr'>quidem</span> <span class='ocrx_word' id='word_1_347' title='bbox 728 4218 888 4280; x_wconf 91' lang='lat' dir='ltr'>convicia</span> <span class='ocrx_word' id='word_1_348' title='bbox 909 4218 1034 4282; x_wconf 90' lang='lat' dir='ltr'>honori</span> <span class='ocrx_word' id='word_1_349' title='bbox 1071 4212 1074 4323; x_wconf 49' lang='grc' dir='ltr'>ἱ</span> <span class='ocrx_word' id='word_1_350' title='bbox 1114 4219 1255 4302; x_wconf 86' lang='lat' dir='ltr'>expulsi</span> <span class='ocrx_word' id='word_1_351' title='bbox 1275 4220 1481 4282; x_wconf 91' lang='lat' dir='ltr'>sacerdotes</span> <span class='ocrx_word' id='word_1_352' title='bbox 1504 4228 1539 4281; x_wconf 95' lang='lat' dir='ltr'>et</span> <span class='ocrx_word' id='word_1_353' title='bbox 1559 4218 1721 4280; x_wconf 89' lang='lat' dir='ltr'>monachi</span> <span class='ocrx_word' id='word_1_354' title='bbox 1737 4218 1944 4300; x_wconf 85' lang='lat' dir='ltr'>vagabundi</span> 
     </span>
     <span class='ocr_line' id='line_1_33' title="bbox 203 4330 1945 4422; baseline 0.001 -21"><span class='ocrx_word' id='word_1_355' title='bbox 203 4339 270 4402; x_wconf 93' lang='lat' dir='ltr'>sibi</span> <span class='ocrx_word' id='word_1_356' title='bbox 306 4340 476 4420; x_wconf 91' lang='lat' dir='ltr'>ducebat,</span> <span class='ocrx_word' id='word_1_357' title='bbox 514 4339 650 4422; x_wconf 86' lang='lat' dir='ltr'>eligens</span> <span class='ocrx_word' id='word_1_358' title='bbox 687 4341 802 4422; x_wconf 86' lang='lat' dir='ltr'>magis</span> <span class='ocrx_word' id='word_1_359' title='bbox 838 4341 1033 4422; x_wconf 90' lang='lat' dir='ltr'>vituperari</span> <span class='ocrx_word' id='word_1_360' title='bbox 1071 4330 1074 4415; x_wconf 72' lang='lat' dir='ltr'>l</span> <span class='ocrx_word' id='word_1_361' title='bbox 1114 4341 1294 4405; x_wconf 91' lang='lat' dir='ltr'>turmatim</span> <span class='ocrx_word' id='word_1_362' title='bbox 1311 4343 1356 4403; x_wconf 91' lang='lat' dir='ltr'>ad</span> <span class='ocrx_word' id='word_1_363' title='bbox 1373 4360 1400 4402; x_wconf 93' lang='lat' dir='ltr'>s.</span> <span class='ocrx_word' id='word_1_364' title='bbox 1418 4341 1575 4403; x_wconf 91' lang='lat' dir='ltr'>Blasium</span> <span class='ocrx_word' id='word_1_365' title='bbox 1592 4341 1833 4420; x_wconf 91' lang='lat' dir='ltr'>convolarunt,</span> <span class='ocrx_word' id='word_1_366' title='bbox 1855 4359 1945 4422; x_wconf 92' lang='lat' dir='ltr'>quos</span> 
     </span>
     <span class='ocr_line' id='line_1_34' title="bbox 203 4460 1945 4547; baseline -0.001 -21"><span class='ocrx_word' id='word_1_367' title='bbox 203 4484 309 4547; x_wconf 91' lang='lat' dir='ltr'>quam</span> <span class='ocrx_word' id='word_1_368' title='bbox 335 4463 472 4526; x_wconf 90' lang='lat' dir='ltr'>laudari</span> <span class='ocrx_word' id='word_1_369' title='bbox 496 4484 518 4525; x_wconf 92' lang='lat' dir='ltr'>a</span> <span class='ocrx_word' id='word_1_370' title='bbox 540 4463 719 4544; x_wconf 90' lang='lat' dir='ltr'>perversis</span> <span class='ocrx_word' id='word_1_371' title='bbox 748 4463 925 4545; x_wconf 86' lang='lat' dir='ltr'>theologis</span> <span class='ocrx_word' id='word_1_372' title='bbox 948 4463 1033 4525; x_wconf 90' lang='lat' dir='ltr'>nihil</span> <span class='ocrx_word' id='word_1_373' title='bbox 1072 4460 1074 4519; x_wconf 77' lang='lat' dir='ltr'>i</span> <span class='ocrx_word' id='word_1_374' title='bbox 1113 4464 1268 4547; x_wconf 91' lang='lat' dir='ltr'>benigne</span> <span class='ocrx_word' id='word_1_375' title='bbox 1282 4463 1466 4543; x_wconf 90' lang='lat' dir='ltr'>excipiens</span> <span class='ocrx_word' id='word_1_376' title='bbox 1479 4472 1516 4525; x_wconf 91' lang='lat' dir='ltr'>et</span> <span class='ocrx_word' id='word_1_377' title='bbox 1528 4473 1567 4525; x_wconf 94' lang='lat' dir='ltr'>ut</span> <span class='ocrx_word' id='word_1_378' title='bbox 1579 4462 1800 4526; x_wconf 88' lang='lat' dir='ltr'>confessores</span> <span class='ocrx_word' id='word_1_379' title='bbox 1814 4461 1945 4526; x_wconf 89' lang='lat' dir='ltr'>Christi</span> 
     </span>
     <span class='ocr_line' id='line_1_35' title="bbox 203 4583 1945 4667; baseline -0.001 -19"><span class='ocrx_word' id='word_1_380' title='bbox 203 4606 273 4649; x_wconf 91' lang='lat' dir='ltr'>non</span> <span class='ocrx_word' id='word_1_381' title='bbox 308 4584 552 4665; x_wconf 90' lang='lat' dir='ltr'>molientibus,</span> <span class='ocrx_word' id='word_1_382' title='bbox 588 4594 626 4648; x_wconf 96' lang='lat' dir='ltr'>ut</span> <span class='ocrx_word' id='word_1_383' title='bbox 662 4584 818 4647; x_wconf 91' lang='lat' dir='ltr'>Romani</span> <span class='ocrx_word' id='word_1_384' title='bbox 855 4583 1033 4667; x_wconf 89' lang='lat' dir='ltr'>pontificis</span> <span class='ocrx_word' id='word_1_385' title='bbox 1072 4596 1074 4625; x_wconf 79' lang='lat'><em>³</em></span> <span class='ocrx_word' id='word_1_386' title='bbox 1114 4596 1306 4649; x_wconf 89' lang='lat' dir='ltr'>veneratus</span> <span class='ocrx_word' id='word_1_387' title='bbox 1327 4588 1441 4648; x_wconf 92' lang='lat' dir='ltr'>abbas</span> <span class='ocrx_word' id='word_1_388' title='bbox 1457 4585 1643 4666; x_wconf 89' lang='lat' dir='ltr'>Martinus,</span> <span class='ocrx_word' id='word_1_389' title='bbox 1668 4605 1847 4667; x_wconf 90' lang='lat' dir='ltr'>nunquam</span> <span class='ocrx_word' id='word_1_390' title='bbox 1869 4585 1945 4646; x_wconf 86' lang='lat' dir='ltr'>sine</span> 
     </span>
     <span class='ocr_line' id='line_1_36' title="bbox 204 4706 1945 4793; baseline 0 -22"><span class='ocrx_word' id='word_1_391' title='bbox 204 4708 451 4772; x_wconf 87' lang='lat' dir='ltr'>auctoritatem</span> <span class='ocrx_word' id='word_1_392' title='bbox 461 4717 497 4770; x_wconf 95' lang='lat' dir='ltr'>et</span> <span class='ocrx_word' id='word_1_393' title='bbox 506 4706 784 4771; x_wconf 89' lang='lat' dir='ltr'>iurisdictionem</span> <span class='ocrx_word' id='word_1_394' title='bbox 794 4707 1035 4793; x_wconf 89' lang='lat' dir='ltr'>convellerent</span> <span class='ocrx_word' id='word_1_395' title='bbox 1115 4712 1207 4773; x_wconf 93' lang='lat' dir='ltr'>dono</span> <span class='ocrx_word' id='word_1_396' title='bbox 1218 4719 1280 4772; x_wconf 91' lang='lat' dir='ltr'>aut</span> <span class='ocrx_word' id='word_1_397' title='bbox 1289 4709 1364 4772; x_wconf 91' lang='lat' dir='ltr'>sine</span> <span class='ocrx_word' id='word_1_398' title='bbox 1378 4709 1618 4772; x_wconf 90' lang='lat' dir='ltr'>consolatione</span> <span class='ocrx_word' id='word_1_399' title='bbox 1629 4709 1770 4789; x_wconf 87' lang='lat' dir='ltr'>dimisit,</span> <span class='ocrx_word' id='word_1_400' title='bbox 1780 4708 1822 4769; x_wconf 92' lang='lat' dir='ltr'>iis</span> <span class='ocrx_word' id='word_1_401' title='bbox 1831 4728 1945 4789; x_wconf 87' lang='lat' dir='ltr'>omne,</span> 
     </span>
     <span class='ocr_line' id='line_1_37' title="bbox 204 4829 1946 4915; baseline 0 -22"><span class='ocrx_word' id='word_1_402' title='bbox 204 4840 515 4911; x_wconf 87' lang='lat' dir='ltr'>concuterentque.</span> <span class='ocrx_word' id='word_1_403' title='bbox 554 4829 610 4891; x_wconf 89' lang='lat' dir='ltr'>Ex</span> <span class='ocrx_word' id='word_1_404' title='bbox 641 4830 767 4891; x_wconf 92' lang='lat' dir='ltr'>eadem</span> <span class='ocrx_word' id='word_1_405' title='bbox 798 4848 905 4892; x_wconf 91' lang='lat' dir='ltr'>causa</span> <span class='ocrx_word' id='word_1_406' title='bbox 936 4829 1035 4892; x_wconf 93' lang='lat' dir='ltr'>Hon-</span> <span class='ocrx_word' id='word_1_407' title='bbox 1115 4833 1211 4915; x_wconf 91' lang='lat' dir='ltr'>quod</span> <span class='ocrx_word' id='word_1_408' title='bbox 1228 4832 1263 4894; x_wconf 92' lang='lat' dir='ltr'>in</span> <span class='ocrx_word' id='word_1_409' title='bbox 1279 4832 1415 4895; x_wconf 92' lang='lat' dir='ltr'>viribus</span> <span class='ocrx_word' id='word_1_410' title='bbox 1432 4843 1518 4913; x_wconf 91' lang='lat' dir='ltr'>erat,</span> <span class='ocrx_word' id='word_1_411' title='bbox 1536 4832 1745 4914; x_wconf 90' lang='lat' dir='ltr'>obsequium</span> <span class='ocrx_word' id='word_1_412' title='bbox 1761 4843 1946 4914; x_wconf 91' lang='lat' dir='ltr'>praestare</span> 
     </span>
     <span class='ocr_line' id='line_1_38' title="bbox 203 4950 1946 5036; baseline 0.001 -22"><span class='ocrx_word' id='word_1_413' title='bbox 203 4953 334 5015; x_wconf 92' lang='lat' dir='ltr'>themio</span> <span class='ocrx_word' id='word_1_414' title='bbox 347 4951 550 5015; x_wconf 91' lang='lat' dir='ltr'>Trevirensi</span> <span class='ocrx_word' id='word_1_415' title='bbox 567 4950 803 5035; x_wconf 83' lang='lat' dir='ltr'>suffraganeO,</span> <span class='ocrx_word' id='word_1_416' title='bbox 822 4951 882 5033; x_wconf 90' lang='lat' dir='ltr'>qui</span> <span class='ocrx_word' id='word_1_417' title='bbox 896 4953 962 5014; x_wconf 90' lang='lat' dir='ltr'>sub</span> <span class='ocrx_word' id='word_1_418' title='bbox 975 4971 1036 5014; x_wconf 91' lang='lat' dir='ltr'>no·</span> <span class='ocrx_word' id='word_1_419' title='bbox 1115 4965 1271 5036; x_wconf 90' lang='lat' dir='ltr'>paratus.</span> <span class='ocrx_word' id='word_1_420' title='bbox 1289 4953 1438 5035; x_wconf 81' lang='lat' dir='ltr'>Quoties</span> <span class='ocrx_word' id='word_1_421' title='bbox 1451 4954 1622 5016; x_wconf 92' lang='lat' dir='ltr'>eiusmodi</span> <span class='ocrx_word' id='word_1_422' title='bbox 1639 4953 1946 5017; x_wconf 90' lang='lat' dir='ltr'>commiseratione</span> 
     </span>
     <span class='ocr_line' id='line_1_39' title="bbox 203 5072 1946 5160; baseline 0.002 -25"><span class='ocrx_word' id='word_1_423' title='bbox 203 5074 296 5136; x_wconf 91' lang='lat' dir='ltr'>mine</span> <span class='ocrx_word' id='word_1_424' title='bbox 316 5074 440 5138; x_wconf 89' lang='lat' dir='ltr'>Iustini</span> <span class='ocrx_word' id='word_1_425' title='bbox 457 5073 635 5137; x_wconf 90' lang='lat' dir='ltr'>Febronio</span> <span class='ocrx_word' id='word_1_426' title='bbox 655 5072 812 5138; x_wconf 90' lang='lat' dir='ltr'>libellum</span> <span class='ocrx_word' id='word_1_427' title='bbox 835 5074 966 5136; x_wconf 87' lang='lat' dir='ltr'>emisit:</span> <span class='ocrx_word' id='word_1_428' title='bbox 991 5075 1036 5136; x_wconf 93' lang='lat' dir='ltr'>de</span> <span class='ocrx_word' id='word_1_429' title='bbox 1116 5076 1314 5160; x_wconf 86' lang='lat' dir='ltr'>dignissimi</span> <span class='ocrx_word' id='word_1_430' title='bbox 1346 5078 1488 5138; x_wconf 81' lang='lat' dir='ltr'>exsules</span> <span class='ocrx_word' id='word_1_431' title='bbox 1527 5077 1722 5158; x_wconf 89' lang='lat' dir='ltr'>principem</span> <span class='ocrx_word' id='word_1_432' title='bbox 1753 5075 1946 5139; x_wconf 89' lang='lat' dir='ltr'>Martinum</span> 
     </span>
     <span class='ocr_line' id='line_1_40' title="bbox 204 5195 1947 5281; baseline 0.002 -24"><span class='ocrx_word' id='word_1_433' title='bbox 204 5204 299 5258; x_wconf 90' lang='lat' dir='ltr'>statu</span> <span class='ocrx_word' id='word_1_434' title='bbox 327 5195 500 5258; x_wconf 88' lang='lat' dir='ltr'>ecclesiae</span> <span class='ocrx_word' id='word_1_435' title='bbox 529 5205 564 5258; x_wconf 89' lang='lat' dir='ltr'>et</span> <span class='ocrx_word' id='word_1_436' title='bbox 591 5195 750 5278; x_wconf 90' lang='lat' dir='ltr'>legitima</span> <span class='ocrx_word' id='word_1_437' title='bbox 779 5205 960 5277; x_wconf 90' lang='lat' dir='ltr'>potestate</span> <span class='ocrx_word' id='word_1_438' title='bbox 990 5197 1036 5259; x_wconf 88' lang='lat' dir='ltr'>ad</span> <span class='ocrx_word' id='word_1_439' title='bbox 1115 5199 1288 5281; x_wconf 91' lang='lat' dir='ltr'>adierunt,</span> <span class='ocrx_word' id='word_1_440' title='bbox 1309 5200 1489 5262; x_wconf 91' lang='lat' dir='ltr'>recruduit</span> <span class='ocrx_word' id='word_1_441' title='bbox 1513 5199 1549 5262; x_wconf 90' lang='lat' dir='ltr'>in</span> <span class='ocrx_word' id='word_1_442' title='bbox 1572 5200 1680 5263; x_wconf 91' lang='lat' dir='ltr'>nobili</span> <span class='ocrx_word' id='word_1_443' title='bbox 1700 5209 1846 5281; x_wconf 90' lang='lat' dir='ltr'>pectore</span> <span class='ocrx_word' id='word_1_444' title='bbox 1870 5200 1947 5262; x_wconf 91' lang='lat' dir='ltr'>eius</span> 
     </span>
     <span class='ocr_line' id='line_1_41' title="bbox 205 5316 1946 5404; baseline 0.003 -25"><span class='ocrx_word' id='word_1_445' title='bbox 205 5316 417 5380; x_wconf 87' lang='lat' dir='ltr'>reuniendos</span> <span class='ocrx_word' id='word_1_446' title='bbox 446 5317 660 5381; x_wconf 90' lang='lat' dir='ltr'>dissidentes</span> <span class='ocrx_word' id='word_1_447' title='bbox 687 5318 723 5380; x_wconf 93' lang='lat' dir='ltr'>in</span> <span class='ocrx_word' id='word_1_448' title='bbox 750 5319 922 5402; x_wconf 91' lang='lat' dir='ltr'>religione</span> <span class='ocrx_word' id='word_1_449' title='bbox 947 5318 1036 5381; x_wconf 91' lang='lat' dir='ltr'>chri·</span> <span class='ocrx_word' id='word_1_450' title='bbox 1115 5322 1242 5384; x_wconf 91' lang='lat' dir='ltr'>vulnus</span> <span class='ocrx_word' id='word_1_451' title='bbox 1263 5340 1328 5404; x_wconf 89' lang='lat' dir='ltr'>per</span> <span class='ocrx_word' id='word_1_452' title='bbox 1348 5319 1477 5384; x_wconf 87' lang='lat' dir='ltr'>Gallici</span> <span class='ocrx_word' id='word_1_453' title='bbox 1501 5321 1829 5385; x_wconf 90' lang='lat' dir='ltr'>antichristianismi</span> <span class='ocrx_word' id='word_1_454' title='bbox 1851 5321 1946 5385; x_wconf 88' lang='lat' dir='ltr'>furo-</span> 
     </span>
     <span class='ocr_line' id='line_1_42' title="bbox 205 5438 1947 5527; baseline 0.003 -27"><span class='ocrx_word' id='word_1_455' title='bbox 205 5438 329 5520; x_wconf 89' lang='lat' dir='ltr'>stiana,</span> <span class='ocrx_word' id='word_1_456' title='bbox 354 5440 400 5501; x_wconf 92' lang='lat' dir='ltr'>ad</span> <span class='ocrx_word' id='word_1_457' title='bbox 421 5441 686 5502; x_wconf 87' lang='lat' dir='ltr'>retractandum</span> <span class='ocrx_word' id='word_1_458' title='bbox 711 5460 836 5503; x_wconf 87' lang='lat' dir='ltr'>suasor</span> <span class='ocrx_word' id='word_1_459' title='bbox 860 5449 946 5523; x_wconf 90' lang='lat' dir='ltr'>erat,</span> <span class='ocrx_word' id='word_1_460' title='bbox 970 5460 1035 5503; x_wconf 91' lang='lat' dir='ltr'>nec</span> <span class='ocrx_word' id='word_1_461' title='bbox 1115 5460 1189 5504; x_wconf 91' lang='lat' dir='ltr'>rem</span> <span class='ocrx_word' id='word_1_462' title='bbox 1201 5440 1381 5524; x_wconf 90' lang='lat' dir='ltr'>inflictum,</span> <span class='ocrx_word' id='word_1_463' title='bbox 1393 5442 1623 5525; x_wconf 90' lang='lat' dir='ltr'>ultimumque</span> <span class='ocrx_word' id='word_1_464' title='bbox 1634 5442 1801 5507; x_wconf 88' lang='lat' dir='ltr'>Gerberti</span> <span class='ocrx_word' id='word_1_465' title='bbox 1813 5443 1947 5527; x_wconf 86' lang='lat' dir='ltr'>ingenii</span> 
     </span>
    </p>
   </div>
   <div class='ocr_carea' id='block_1_12' title="bbox 0 0 2098 6196">
    <p class='ocr_par' dir='ltr' id='par_1_12' title="bbox 0 0 2098 6196">
     <span class='ocr_line' id='line_1_43' title="bbox 0 0 2098 6196; baseline 0 0"><span class='ocrx_word' id='word_1_466' title='bbox 0 0 2098 6196; x_wconf 95' lang='lat' dir='ltr'> </span> 
     </span>
    </p>
   </div>
  </div>
 </body>
</html>
