<?xml version="1.0" encoding="UTF-8"?>
<!DOCTYPE html PUBLIC "-//W3C//DTD XHTML 1.0 Transitional//EN"
    "http://www.w3.org/TR/xhtml1/DTD/xhtml1-transitional.dtd">
<html xmlns="http://www.w3.org/1999/xhtml" xml:lang="en" lang="en">
 <head>
  <title>
</title>
<meta http-equiv="Content-Type" content="text/html;charset=utf-8" />
  <meta name='ocr-system' content='tesseract 3.04.00' />
  <meta name='ocr-capabilities' content='ocr_page ocr_carea ocr_par ocr_line ocrx_word'/>
</head>
<body>
  <div class='ocr_page' id='page_1' title='image "./scriptoresordin00austgoog_0063.png"; bbox 0 0 4178 6196; ppageno 0'>
   <div class='ocr_carea' id='block_1_1' title="bbox 961 472 1218 535">
    <p class='ocr_par' dir='ltr' id='par_1_1' title="bbox 961 472 1218 535">
     <span class='ocr_line' id='line_1_1' title="bbox 961 472 1218 535; baseline -0.004 0"><span class='ocrx_word' id='word_1_1' title='bbox 961 511 1005 520; x_wconf 97' lang='lat'>—</span> <span class='ocrx_word' id='word_1_2' title='bbox 1050 472 1218 535; x_wconf 79' lang='grc' dir='ltr'>ΙΝ-</span> 
     </span>
    </p>
   </div>
   <div class='ocr_carea' id='block_1_2' title="bbox 220 697 1994 2307">
    <p class='ocr_par' dir='ltr' id='par_1_2' title="bbox 220 697 1994 1593">
     <span class='ocr_line' id='line_1_2' title="bbox 220 697 1959 782; baseline -0.001 -22"><span class='ocrx_word' id='word_1_3' title='bbox 220 719 249 761; x_wconf 89' lang='lat' dir='ltr'>s.</span> <span class='ocrx_word' id='word_1_4' title='bbox 273 698 384 761; x_wconf 87' lang='lat' dir='ltr'><strong>Blasii</strong></span> <span class='ocrx_word' id='word_1_5' title='bbox 408 706 445 761; x_wconf 99' lang='lat' dir='ltr'>et</span> <span class='ocrx_word' id='word_1_6' title='bbox 467 697 735 780; x_wconf 90' lang='lat' dir='ltr'>Hirsaugiensis</span> <span class='ocrx_word' id='word_1_7' title='bbox 758 717 923 780; x_wconf 90' lang='lat' dir='ltr'>magnam</span> <span class='ocrx_word' id='word_1_8' title='bbox 951 699 1180 762; x_wconf 83' lang='lat' dir='ltr'>obtinuerant</span> <span class='ocrx_word' id='word_1_9' title='bbox 1210 699 1362 782; x_wconf 85' lang='lat' dir='ltr'>gratiam</span> <span class='ocrx_word' id='word_1_10' title='bbox 1391 708 1427 761; x_wconf 91' lang='lat' dir='ltr'>et</span> <span class='ocrx_word' id='word_1_11' title='bbox 1456 697 1706 762; x_wconf 91' lang='lat' dir='ltr'>auctoritatem</span> <span class='ocrx_word' id='word_1_12' title='bbox 1736 698 1833 779; x_wconf 89' lang='lat' dir='ltr'>apud</span> <span class='ocrx_word' id='word_1_13' title='bbox 1864 697 1959 778; x_wconf 90' lang='lat' dir='ltr'>prin-</span> 
     </span>
     <span class='ocr_line' id='line_1_3' title="bbox 222 818 1957 919; baseline -0.001 -21"><span class='ocrx_word' id='word_1_14' title='bbox 222 837 321 918; x_wconf 86' lang='lat' dir='ltr'><strong>cipes</strong></span> <span class='ocrx_word' id='word_1_15' title='bbox 338 836 558 900; x_wconf 88' lang='lat' dir='ltr'>Austriacos.</span> <span class='ocrx_word' id='word_1_16' title='bbox 590 835 764 900; x_wconf 89' lang='lat' dir='ltr'><strong>Omnibus</strong></span> <span class='ocrx_word' id='word_1_17' title='bbox 780 836 873 899; x_wconf 91' lang='lat' dir='ltr'>enim</span> <span class='ocrx_word' id='word_1_18' title='bbox 895 837 1121 900; x_wconf 86' lang='lat' dir='ltr'>monasteriis</span> <span class='ocrx_word' id='word_1_19' title='bbox 1144 856 1187 899; x_wconf 90' lang='lat' dir='ltr'>eo</span> <span class='ocrx_word' id='word_1_20' title='bbox 1210 846 1372 919; x_wconf 88' lang='lat' dir='ltr'>tempore</span> <span class='ocrx_word' id='word_1_21' title='bbox 1388 818 1543 900; x_wconf 88' lang='lat' dir='ltr'>conditis</span> <span class='ocrx_word' id='word_1_22' title='bbox 1560 838 1787 900; x_wconf 83' lang='lat' dir='ltr'>addebantur</span> <span class='ocrx_word' id='word_1_23' title='bbox 1802 837 1957 918; x_wconf 89' lang='lat' dir='ltr'>scholae,</span> 
     </span>
     <span class='ocr_line' id='line_1_4' title="bbox 222 953 1994 1057; baseline 0.002 -21"><span class='ocrx_word' id='word_1_24' title='bbox 222 994 371 1056; x_wconf 90' lang='lat' dir='ltr'>quarum</span> <span class='ocrx_word' id='word_1_25' title='bbox 395 974 647 1038; x_wconf 85' lang='lat' dir='ltr'>celeberrimae</span> <span class='ocrx_word' id='word_1_26' title='bbox 671 983 772 1037; x_wconf 90' lang='lat' dir='ltr'>erant</span> <span class='ocrx_word' id='word_1_27' title='bbox 795 975 939 1037; x_wconf 91' lang='lat' dir='ltr'>saeculo</span> <span class='ocrx_word' id='word_1_28' title='bbox 963 975 1173 1038; x_wconf 89' lang='lat' dir='ltr'>duodecimo</span> <span class='ocrx_word' id='word_1_29' title='bbox 1191 973 1435 1039; x_wconf 87' lang='lat' dir='ltr'>Gottvicensis</span> <span class='ocrx_word' id='word_1_30' title='bbox 1451 984 1488 1038; x_wconf 89' lang='lat' dir='ltr'>et</span> <span class='ocrx_word' id='word_1_31' title='bbox 1504 974 1772 1040; x_wconf 78' lang='lat' dir='ltr'>Admontensis</span> <span class='ocrx_word' id='word_1_32' title='bbox 1797 953 1960 1057; x_wconf 87' lang='lat' dir='ltr'>Utraque</span> <span class='ocrx_word' id='word_1_33' title='bbox 1990 981 1994 988; x_wconf 88' lang='lat'>&#39;</span> 
     </span>
     <span class='ocr_line' id='line_1_5' title="bbox 222 1113 1958 1198; baseline 0.002 -22"><span class='ocrx_word' id='word_1_34' title='bbox 222 1113 257 1176; x_wconf 91' lang='lat' dir='ltr'>in</span> <span class='ocrx_word' id='word_1_35' title='bbox 280 1113 482 1176; x_wconf 89' lang='lat' dir='ltr'>interiorem</span> <span class='ocrx_word' id='word_1_36' title='bbox 507 1121 543 1175; x_wconf 89' lang='lat' dir='ltr'>et</span> <span class='ocrx_word' id='word_1_37' title='bbox 566 1113 778 1177; x_wconf 85' lang='lat' dir='ltr'>exteriorem</span> <span class='ocrx_word' id='word_1_38' title='bbox 795 1115 816 1194; x_wconf 88' lang='lat'>¹)</span> <span class='ocrx_word' id='word_1_39' title='bbox 841 1113 957 1176; x_wconf 88' lang='lat' dir='ltr'>divisa</span> <span class='ocrx_word' id='word_1_40' title='bbox 979 1134 1110 1198; x_wconf 91' lang='lat' dir='ltr'>magno</span> <span class='ocrx_word' id='word_1_41' title='bbox 1134 1114 1388 1197; x_wconf 91' lang='lat' dir='ltr'>discipulorum</span> <span class='ocrx_word' id='word_1_42' title='bbox 1405 1134 1551 1178; x_wconf 90' lang='lat' dir='ltr'>numero</span> <span class='ocrx_word' id='word_1_43' title='bbox 1566 1113 1874 1197; x_wconf 77' lang='lat' dir='ltr'>frequentabatur,</span> <span class='ocrx_word' id='word_1_44' title='bbox 1898 1117 1958 1180; x_wconf 90' lang='lat' dir='ltr'>illa</span> 
     </span>
     <span class='ocr_line' id='line_1_6' title="bbox 221 1252 1966 1337; baseline 0.001 -22"><span class='ocrx_word' id='word_1_45' title='bbox 221 1253 292 1315; x_wconf 92' lang='lat' dir='ltr'>iam</span> <span class='ocrx_word' id='word_1_46' title='bbox 315 1252 537 1315; x_wconf 90' lang='lat' dir='ltr'>Hartmanno</span> <span class='ocrx_word' id='word_1_47' title='bbox 561 1254 694 1316; x_wconf 87' lang='lat' dir='ltr'>abbate</span> <span class='ocrx_word' id='word_1_48' title='bbox 719 1255 958 1334; x_wconf 80' lang='lat'>(1093-1114)</span> <span class='ocrx_word' id='word_1_49' title='bbox 983 1264 1039 1316; x_wconf 93' lang='lat' dir='ltr'>sat</span> <span class='ocrx_word' id='word_1_50' title='bbox 1062 1273 1193 1336; x_wconf 88' lang='lat' dir='ltr'>magna</span> <span class='ocrx_word' id='word_1_51' title='bbox 1215 1252 1400 1317; x_wconf 84' lang='lat' dir='ltr'>fruebatur</span> <span class='ocrx_word' id='word_1_52' title='bbox 1422 1253 1538 1337; x_wconf 85' lang='lat' dir='ltr'>gloria</span> <span class='ocrx_word' id='word_1_53' title='bbox 1552 1254 1587 1335; x_wconf 85' lang='lat'>²).</span> <span class='ocrx_word' id='word_1_54' title='bbox 1633 1253 1750 1317; x_wconf 89' lang='lat' dir='ltr'>Etiam</span> <span class='ocrx_word' id='word_1_55' title='bbox 1778 1253 1815 1317; x_wconf 92' lang='lat' dir='ltr'>in</span> <span class='ocrx_word' id='word_1_56' title='bbox 1838 1274 1966 1334; x_wconf 63' lang='lat' dir='ltr'>mona,</span> 
     </span>
     <span class='ocr_line' id='line_1_7' title="bbox 222 1389 1958 1476; baseline 0.001 -22"><span class='ocrx_word' id='word_1_57' title='bbox 222 1390 332 1454; x_wconf 91' lang='lat' dir='ltr'>sterio</span> <span class='ocrx_word' id='word_1_58' title='bbox 375 1391 573 1455; x_wconf 90' lang='lat' dir='ltr'>Mellicensi</span> <span class='ocrx_word' id='word_1_59' title='bbox 587 1391 630 1472; x_wconf 84' lang='lat'>³),</span> <span class='ocrx_word' id='word_1_60' title='bbox 678 1389 976 1455; x_wconf 89' lang='lat' dir='ltr'>Seitenstadiensi</span> <span class='ocrx_word' id='word_1_61' title='bbox 990 1394 1032 1473; x_wconf 82' lang='lat'>⁴),</span> <span class='ocrx_word' id='word_1_62' title='bbox 1079 1389 1323 1473; x_wconf 70' lang='lat' dir='ltr'>GarstensiS),</span> <span class='ocrx_word' id='word_1_63' title='bbox 1370 1391 1665 1476; x_wconf 31' lang='lat' dir='ltr'>Sanpaulensi.⁶),</span> <span class='ocrx_word' id='word_1_64' title='bbox 1711 1412 1738 1456; x_wconf 93' lang='lat' dir='ltr'>s.</span> <span class='ocrx_word' id='word_1_65' title='bbox 1777 1391 1958 1456; x_wconf 91' lang='lat' dir='ltr'>Lamberti</span> 
     </span>
     <span class='ocr_line' id='line_1_8' title="bbox 221 1531 687 1593; baseline 0 0"><span class='ocrx_word' id='word_1_66' title='bbox 221 1531 383 1593; x_wconf 87' lang='lat' dir='ltr'>celebres</span> <span class='ocrx_word' id='word_1_67' title='bbox 408 1542 509 1593; x_wconf 90' lang='lat' dir='ltr'>erant</span> <span class='ocrx_word' id='word_1_68' title='bbox 533 1531 687 1593; x_wconf 91' lang='lat' dir='ltr'>scholae.</span> 
     </span>
    </p>

    <p class='ocr_par' dir='ltr' id='par_1_3' title="bbox 221 1667 1959 2307">
     <span class='ocr_line' id='line_1_9' title="bbox 351 1667 1959 1752; baseline 0.001 -21"><span class='ocrx_word' id='word_1_69' title='bbox 351 1669 427 1733; x_wconf 88' lang='lat' dir='ltr'>Nec</span> <span class='ocrx_word' id='word_1_70' title='bbox 454 1668 589 1732; x_wconf 91' lang='lat' dir='ltr'>minore</span> <span class='ocrx_word' id='word_1_71' title='bbox 617 1669 791 1732; x_wconf 89' lang='lat' dir='ltr'>industria</span> <span class='ocrx_word' id='word_1_72' title='bbox 814 1678 938 1732; x_wconf 89' lang='lat' dir='ltr'>vetera</span> <span class='ocrx_word' id='word_1_73' title='bbox 964 1669 1181 1733; x_wconf 89' lang='lat' dir='ltr'>monasteria</span> <span class='ocrx_word' id='word_1_74' title='bbox 1212 1669 1332 1752; x_wconf 89' lang='lat' dir='ltr'>pueris</span> <span class='ocrx_word' id='word_1_75' title='bbox 1363 1668 1569 1733; x_wconf 90' lang='lat' dir='ltr'>erudiendis</span> <span class='ocrx_word' id='word_1_76' title='bbox 1600 1688 1720 1731; x_wconf 91' lang='lat' dir='ltr'>curam</span> <span class='ocrx_word' id='word_1_77' title='bbox 1751 1667 1959 1750; x_wconf 86' lang='lat' dir='ltr'>impendere</span> 
     </span>
     <span class='ocr_line' id='line_1_10' title="bbox 223 1807 1956 1892; baseline 0.001 -22"><span class='ocrx_word' id='word_1_78' title='bbox 223 1809 338 1870; x_wconf 89' lang='lat' dir='ltr'>denuo</span> <span class='ocrx_word' id='word_1_79' title='bbox 362 1817 567 1889; x_wconf 89' lang='lat' dir='ltr'>coeperunt.</span> <span class='ocrx_word' id='word_1_80' title='bbox 602 1808 779 1890; x_wconf 89' lang='lat' dir='ltr'>Imprimis</span> <span class='ocrx_word' id='word_1_81' title='bbox 802 1809 924 1872; x_wconf 91' lang='lat' dir='ltr'>schola</span> <span class='ocrx_word' id='word_1_82' title='bbox 947 1828 974 1871; x_wconf 79' lang='lat' dir='ltr'>s,</span> <span class='ocrx_word' id='word_1_83' title='bbox 998 1809 1096 1871; x_wconf 88' lang='lat' dir='ltr'>Petri</span> <span class='ocrx_word' id='word_1_84' title='bbox 1120 1807 1321 1892; x_wconf 89' lang='lat' dir='ltr'>Salisburgi</span> <span class='ocrx_word' id='word_1_85' title='bbox 1344 1827 1511 1891; x_wconf 89' lang='lat' dir='ltr'>magnam</span> <span class='ocrx_word' id='word_1_86' title='bbox 1535 1815 1702 1870; x_wconf 88' lang='lat' dir='ltr'>assecuta</span> <span class='ocrx_word' id='word_1_87' title='bbox 1725 1817 1781 1871; x_wconf 89' lang='lat' dir='ltr'>est</span> <span class='ocrx_word' id='word_1_88' title='bbox 1802 1808 1956 1890; x_wconf 89' lang='lat' dir='ltr'>laudem,</span> 
     </span>
     <span class='ocr_line' id='line_1_11' title="bbox 222 1944 1955 2029; baseline 0 -20"><span class='ocrx_word' id='word_1_89' title='bbox 222 1948 316 2028; x_wconf 93' lang='lat' dir='ltr'>quod</span> <span class='ocrx_word' id='word_1_90' title='bbox 340 1966 450 2028; x_wconf 90' lang='lat' dir='ltr'>opera</span> <span class='ocrx_word' id='word_1_91' title='bbox 472 1956 509 2009; x_wconf 90' lang='lat' dir='ltr'>et</span> <span class='ocrx_word' id='word_1_92' title='bbox 532 1947 650 2010; x_wconf 89' lang='lat' dir='ltr'>studio</span> <span class='ocrx_word' id='word_1_93' title='bbox 674 1947 812 2010; x_wconf 90' lang='lat' dir='ltr'>Titonis</span> <span class='ocrx_word' id='word_1_94' title='bbox 836 1947 978 2009; x_wconf 89' lang='lat' dir='ltr'>abbatis</span> <span class='ocrx_word' id='word_1_95' title='bbox 1002 1956 1038 2009; x_wconf 90' lang='lat' dir='ltr'>et</span> <span class='ocrx_word' id='word_1_96' title='bbox 1061 1944 1244 2010; x_wconf 89' lang='lat' dir='ltr'>Gebhardi</span> <span class='ocrx_word' id='word_1_97' title='bbox 1268 1946 1528 2029; x_wconf 89' lang='lat' dir='ltr'>archiepiscopi</span> <span class='ocrx_word' id='word_1_98' title='bbox 1551 1949 1790 2028; x_wconf 76' lang='lat' dir='ltr'>(rodo-1088)</span> <span class='ocrx_word' id='word_1_99' title='bbox 1815 1946 1955 2010; x_wconf 91' lang='lat' dir='ltr'>Aristo·</span> 
     </span>
     <span class='ocr_line' id='line_1_12' title="bbox 221 2082 1959 2169; baseline -0.001 -21"><span class='ocrx_word' id='word_1_100' title='bbox 221 2085 303 2148; x_wconf 90' lang='lat' dir='ltr'>telis</span> <span class='ocrx_word' id='word_1_101' title='bbox 326 2086 460 2168; x_wconf 91' lang='lat' dir='ltr'>scripta</span> <span class='ocrx_word' id='word_1_102' title='bbox 482 2085 704 2168; x_wconf 89' lang='lat' dir='ltr'>legebantur,</span> <span class='ocrx_word' id='word_1_103' title='bbox 729 2088 859 2169; x_wconf 92' lang='lat' dir='ltr'>quibus</span> <span class='ocrx_word' id='word_1_104' title='bbox 875 2084 1088 2150; x_wconf 87' lang='lat' dir='ltr'>Gebhardus</span> <span class='ocrx_word' id='word_1_105' title='bbox 1112 2087 1372 2150; x_wconf 89' lang='lat' dir='ltr'>eruditissimus</span> <span class='ocrx_word' id='word_1_106' title='bbox 1388 2085 1535 2148; x_wconf 89' lang='lat' dir='ltr'>Parisiis</span> <span class='ocrx_word' id='word_1_107' title='bbox 1550 2085 1760 2147; x_wconf 89' lang='lat' dir='ltr'>habebatur.</span> <span class='ocrx_word' id='word_1_108' title='bbox 1792 2082 1959 2148; x_wconf 90' lang='lat' dir='ltr'>Scholam</span> 
     </span>
     <span class='ocr_line' id='line_1_13' title="bbox 221 2222 1958 2307; baseline 0 -22"><span class='ocrx_word' id='word_1_109' title='bbox 221 2223 433 2286; x_wconf 86' lang='lat' dir='ltr'>exteriorem</span> <span class='ocrx_word' id='word_1_110' title='bbox 457 2223 568 2285; x_wconf 88' lang='lat' dir='ltr'>fuisse</span> <span class='ocrx_word' id='word_1_111' title='bbox 591 2233 628 2286; x_wconf 91' lang='lat' dir='ltr'>et</span> <span class='ocrx_word' id='word_1_112' title='bbox 650 2224 853 2286; x_wconf 89' lang='lat' dir='ltr'>interiorem</span> <span class='ocrx_word' id='word_1_113' title='bbox 878 2233 1039 2305; x_wconf 89' lang='lat' dir='ltr'>apparet,</span> <span class='ocrx_word' id='word_1_114' title='bbox 1064 2243 1144 2286; x_wconf 92' lang='lat' dir='ltr'>cum</span> <span class='ocrx_word' id='word_1_115' title='bbox 1159 2223 1196 2286; x_wconf 93' lang='lat' dir='ltr'>in</span> <span class='ocrx_word' id='word_1_116' title='bbox 1211 2223 1425 2307; x_wconf 85' lang='lat' dir='ltr'>necrologiis</span> <span class='ocrx_word' id='word_1_117' title='bbox 1440 2222 1650 2304; x_wconf 89' lang='lat' dir='ltr'>saepissime</span> <span class='ocrx_word' id='word_1_118' title='bbox 1670 2224 1837 2306; x_wconf 89' lang='lat' dir='ltr'>legantur</span> <span class='ocrx_word' id='word_1_119' title='bbox 1851 2243 1958 2286; x_wconf 92' lang='lat' dir='ltr'>voca-</span> 
     </span>
    </p>
   </div>
   <div class='ocr_carea' id='block_1_3' title="bbox 220 2359 1957 2445">
    <p class='ocr_par' dir='ltr' id='par_1_4' title="bbox 220 2359 1957 2445">
     <span class='ocr_line' id='line_1_14' title="bbox 220 2359 1957 2445; baseline 0.001 -22"><span class='ocrx_word' id='word_1_120' title='bbox 220 2363 305 2424; x_wconf 92' lang='lat' dir='ltr'>bula</span> <span class='ocrx_word' id='word_1_121' title='bbox 329 2362 509 2425; x_wconf 91' lang='lat' dir='ltr'>scholares</span> <span class='ocrx_word' id='word_1_122' title='bbox 533 2371 569 2425; x_wconf 91' lang='lat' dir='ltr'>et</span> <span class='ocrx_word' id='word_1_123' title='bbox 591 2362 666 2424; x_wconf 91' lang='lat' dir='ltr'>ludi</span> <span class='ocrx_word' id='word_1_124' title='bbox 688 2371 860 2443; x_wconf 90' lang='lat' dir='ltr'>rectores,</span> <span class='ocrx_word' id='word_1_125' title='bbox 884 2361 905 2425; x_wconf 89' lang='lat' dir='ltr'>i.</span> <span class='ocrx_word' id='word_1_126' title='bbox 930 2381 960 2425; x_wconf 88' lang='lat' dir='ltr'>e.</span> <span class='ocrx_word' id='word_1_127' title='bbox 985 2362 1127 2424; x_wconf 88' lang='lat' dir='ltr'>scholae</span> <span class='ocrx_word' id='word_1_128' title='bbox 1149 2361 1262 2424; x_wconf 85' lang='lat' dir='ltr'>laicae</span> <span class='ocrx_word' id='word_1_129' title='bbox 1285 2362 1448 2445; x_wconf 83' lang='lat' dir='ltr'>magistri</span> <span class='ocrx_word' id='word_1_130' title='bbox 1463 2363 1498 2444; x_wconf 90' lang='lat'>⁷).</span> <span class='ocrx_word' id='word_1_131' title='bbox 1545 2359 1752 2443; x_wconf 87' lang='lat' dir='ltr'>Cremifani,</span> <span class='ocrx_word' id='word_1_132' title='bbox 1783 2360 1845 2425; x_wconf 94' lang='lat' dir='ltr'>ubi</span> <span class='ocrx_word' id='word_1_133' title='bbox 1873 2361 1957 2425; x_wconf 89' lang='lat' dir='ltr'>item</span> 
     </span>
    </p>
   </div>
   <div class='ocr_carea' id='block_1_4' title="bbox 221 2468 1958 2584">
    <p class='ocr_par' dir='ltr' id='par_1_5' title="bbox 221 2468 1958 2584">
     <span class='ocr_line' id='line_1_15' title="bbox 221 2468 1958 2584; baseline 0.001 -21"><span class='ocrx_word' id='word_1_134' title='bbox 221 2501 355 2582; x_wconf 81' lang='lat' dir='ltr'>duplex</span> <span class='ocrx_word' id='word_1_135' title='bbox 379 2510 457 2564; x_wconf 90' lang='lat' dir='ltr'>erat</span> <span class='ocrx_word' id='word_1_136' title='bbox 480 2501 611 2581; x_wconf 89' lang='lat' dir='ltr'>schola,</span> <span class='ocrx_word' id='word_1_137' title='bbox 636 2500 804 2562; x_wconf 91' lang='lat' dir='ltr'>Alramus</span> <span class='ocrx_word' id='word_1_138' title='bbox 827 2501 853 2564; x_wconf 92' lang='grc' dir='ltr'>Ι.</span> <span class='ocrx_word' id='word_1_139' title='bbox 874 2468 990 2563; x_wconf 22' lang='lat' dir='ltr'>‘abbas</span> <span class='ocrx_word' id='word_1_140' title='bbox 1015 2501 1266 2582; x_wconf 77' lang='lat' dir='ltr'>(topi-1120),</span> <span class='ocrx_word' id='word_1_141' title='bbox 1298 2500 1431 2581; x_wconf 92' lang='lat' dir='ltr'>optime</span> <span class='ocrx_word' id='word_1_142' title='bbox 1465 2501 1509 2562; x_wconf 92' lang='lat' dir='ltr'>de</span> <span class='ocrx_word' id='word_1_143' title='bbox 1540 2499 1671 2563; x_wconf 91' lang='lat' dir='ltr'>scholis</span> <span class='ocrx_word' id='word_1_144' title='bbox 1700 2500 1846 2563; x_wconf 89' lang='lat' dir='ltr'>meritus</span> <span class='ocrx_word' id='word_1_145' title='bbox 1870 2511 1958 2584; x_wconf 88' lang='lat' dir='ltr'>erat,</span> 
     </span>
    </p>
   </div>
   <div class='ocr_carea' id='block_1_5' title="bbox 221 2638 1959 3276">
    <p class='ocr_par' dir='ltr' id='par_1_6' title="bbox 221 2638 1959 3276">
     <span class='ocr_line' id='line_1_16' title="bbox 221 2638 1959 2722; baseline 0.002 -21"><span class='ocrx_word' id='word_1_146' title='bbox 221 2649 260 2702; x_wconf 89' lang='lat' dir='ltr'>ut</span> <span class='ocrx_word' id='word_1_147' title='bbox 282 2639 409 2701; x_wconf 90' lang='lat' dir='ltr'>merito</span> <span class='ocrx_word' id='word_1_148' title='bbox 433 2659 454 2700; x_wconf 92' lang='lat' dir='ltr'>a</span> <span class='ocrx_word' id='word_1_149' title='bbox 477 2638 639 2701; x_wconf 90' lang='lat' dir='ltr'>Mariano</span> <span class='ocrx_word' id='word_1_150' title='bbox 663 2639 877 2721; x_wconf 90' lang='lat' dir='ltr'>Pachmayr,</span> <span class='ocrx_word' id='word_1_151' title='bbox 910 2638 1198 2720; x_wconf 82' lang='lat' dir='ltr'>historiographo</span> <span class='ocrx_word' id='word_1_152' title='bbox 1226 2638 1321 2701; x_wconf 91' lang='lat' dir='ltr'>illius</span> <span class='ocrx_word' id='word_1_153' title='bbox 1344 2638 1569 2720; x_wconf 92' lang='lat' dir='ltr'>monasterii,</span> <span class='ocrx_word' id='word_1_154' title='bbox 1602 2648 1747 2722; x_wconf 83' lang='lat' dir='ltr'>„auctor</span> <span class='ocrx_word' id='word_1_155' title='bbox 1769 2657 1833 2701; x_wconf 90' lang='lat' dir='ltr'>seu</span> <span class='ocrx_word' id='word_1_156' title='bbox 1856 2640 1959 2704; x_wconf 91' lang='lat' dir='ltr'>resti-</span> 
     </span>
     <span class='ocr_line' id='line_1_17' title="bbox 221 2775 1958 2861; baseline 0.001 -21"><span class='ocrx_word' id='word_1_157' title='bbox 221 2785 318 2841; x_wconf 91' lang='lat' dir='ltr'>tutor</span> <span class='ocrx_word' id='word_1_158' title='bbox 340 2776 488 2840; x_wconf 90' lang='lat' dir='ltr'>literarii</span> <span class='ocrx_word' id='word_1_159' title='bbox 510 2777 584 2839; x_wconf 92' lang='lat' dir='ltr'>ludi</span> <span class='ocrx_word' id='word_1_160' title='bbox 608 2776 808 2840; x_wconf 89' lang='lat' dir='ltr'>nominetur</span> <span class='ocrx_word' id='word_1_161' title='bbox 822 2775 857 2857; x_wconf 84' lang='lat'>⁸).</span> <span class='ocrx_word' id='word_1_162' title='bbox 896 2777 1012 2839; x_wconf 91' lang='lat' dir='ltr'>Etiam</span> <span class='ocrx_word' id='word_1_163' title='bbox 1029 2776 1208 2858; x_wconf 89' lang='lat' dir='ltr'>Lambaci‚</span> <span class='ocrx_word' id='word_1_164' title='bbox 1225 2776 1428 2859; x_wconf 88' lang='lat' dir='ltr'>Lunaelaci,</span> <span class='ocrx_word' id='word_1_165' title='bbox 1446 2776 1729 2841; x_wconf 92' lang='lat' dir='ltr'>Michaelburani</span> <span class='ocrx_word' id='word_1_166' title='bbox 1742 2778 1778 2859; x_wconf 84' lang='lat'>⁹),</span> <span class='ocrx_word' id='word_1_167' title='bbox 1803 2777 1958 2861; x_wconf 88' lang='lat' dir='ltr'>Augiae,</span> 
     </span>
     <span class='ocr_line' id='line_1_18' title="bbox 222 2915 1958 3015; baseline 0.001 -37"><span class='ocrx_word' id='word_1_168' title='bbox 222 2916 339 2979; x_wconf 89' lang='lat' dir='ltr'>clarae</span> <span class='ocrx_word' id='word_1_169' title='bbox 374 2923 476 2979; x_wconf 89' lang='lat' dir='ltr'>erant</span> <span class='ocrx_word' id='word_1_170' title='bbox 506 2915 666 2995; x_wconf 88' lang='lat' dir='ltr'>scholae,</span> <span class='ocrx_word' id='word_1_171' title='bbox 703 2935 851 3015; x_wconf 83' lang='lat' dir='ltr'>quarum</span> <span class='ocrx_word' id='word_1_172' title='bbox 881 2915 1005 2978; x_wconf 89' lang='lat' dir='ltr'>ultima</span> <span class='ocrx_word' id='word_1_173' title='bbox 1035 2915 1207 2996; x_wconf 90' lang='lat' dir='ltr'>imprimis</span> <span class='ocrx_word' id='word_1_174' title='bbox 1237 2916 1383 2999; x_wconf 88' lang='lat' dir='ltr'>regibus</span> <span class='ocrx_word' id='word_1_175' title='bbox 1416 2917 1613 2999; x_wconf 91' lang='lat' dir='ltr'>Rudolpho</span> <span class='ocrx_word' id='word_1_176' title='bbox 1643 2916 1670 2980; x_wconf 93' lang='grc' dir='ltr'>Ι.</span> <span class='ocrx_word' id='word_1_177' title='bbox 1705 2916 1853 2998; x_wconf 91' lang='lat' dir='ltr'>eiusque</span> <span class='ocrx_word' id='word_1_178' title='bbox 1884 2916 1958 2980; x_wconf 91' lang='lat' dir='ltr'>filio</span> 
     </span>
     <span class='ocr_line' id='line_1_19' title="bbox 222 3053 1958 3137; baseline 0.001 -20"><span class='ocrx_word' id='word_1_179' title='bbox 222 3054 373 3117; x_wconf 90' lang='lat' dir='ltr'>Alberto</span> <span class='ocrx_word' id='word_1_180' title='bbox 396 3055 422 3117; x_wconf 91' lang='lat'>1.</span> <span class='ocrx_word' id='word_1_181' title='bbox 448 3056 687 3137; x_wconf 78' lang='lat'>(1273-1308)</span> <span class='ocrx_word' id='word_1_182' title='bbox 716 3074 846 3137; x_wconf 89' lang='lat' dir='ltr'>magna</span> <span class='ocrx_word' id='word_1_183' title='bbox 875 3053 1060 3117; x_wconf 89' lang='lat' dir='ltr'>fruebatur</span> <span class='ocrx_word' id='word_1_184' title='bbox 1086 3054 1245 3136; x_wconf 64' lang='lat' dir='ltr'>famae),</span> <span class='ocrx_word' id='word_1_185' title='bbox 1279 3074 1344 3118; x_wconf 89' lang='lat' dir='ltr'>nec</span> <span class='ocrx_word' id='word_1_186' title='bbox 1375 3073 1445 3118; x_wconf 92' lang='lat' dir='ltr'>non</span> <span class='ocrx_word' id='word_1_187' title='bbox 1475 3073 1503 3117; x_wconf 90' lang='lat' dir='ltr'>s.</span> <span class='ocrx_word' id='word_1_188' title='bbox 1526 3055 1722 3136; x_wconf 90' lang='lat' dir='ltr'>Lamberti,</span> <span class='ocrx_word' id='word_1_189' title='bbox 1754 3055 1958 3137; x_wconf 85' lang='lat' dir='ltr'>Millstattii,</span> 
     </span>
     <span class='ocr_line' id='line_1_20' title="bbox 221 3191 1957 3276; baseline 0.002 -22"><span class='ocrx_word' id='word_1_190' title='bbox 221 3214 247 3257; x_wconf 91' lang='lat' dir='ltr'>s.</span> <span class='ocrx_word' id='word_1_191' title='bbox 271 3192 433 3275; x_wconf 92' lang='lat' dir='ltr'>Arnoldi,</span> <span class='ocrx_word' id='word_1_192' title='bbox 458 3191 608 3256; x_wconf 90' lang='lat' dir='ltr'>Ossiaci.</span> <span class='ocrx_word' id='word_1_193' title='bbox 654 3193 695 3255; x_wconf 93' lang='lat' dir='ltr'>In</span> <span class='ocrx_word' id='word_1_194' title='bbox 718 3196 799 3276; x_wconf 87' lang='lat' dir='ltr'>hoc,</span> <span class='ocrx_word' id='word_1_195' title='bbox 824 3196 919 3275; x_wconf 91' lang='lat' dir='ltr'>quod</span> <span class='ocrx_word' id='word_1_196' title='bbox 943 3194 1067 3257; x_wconf 92' lang='lat' dir='ltr'>ultimo</span> <span class='ocrx_word' id='word_1_197' title='bbox 1090 3195 1170 3256; x_wconf 92' lang='lat' dir='ltr'>loco</span> <span class='ocrx_word' id='word_1_198' title='bbox 1193 3194 1365 3276; x_wconf 82' lang='lat' dir='ltr'>diximus,</span> <span class='ocrx_word' id='word_1_199' title='bbox 1396 3194 1614 3258; x_wconf 90' lang='lat' dir='ltr'>monasterio</span> <span class='ocrx_word' id='word_1_200' title='bbox 1644 3194 1799 3257; x_wconf 89' lang='lat' dir='ltr'>maxime</span> <span class='ocrx_word' id='word_1_201' title='bbox 1823 3193 1957 3258; x_wconf 92' lang='lat' dir='ltr'>Slavici</span> 
     </span>
    </p>
   </div>
   <div class='ocr_carea' id='block_1_6' title="bbox 221 3330 1959 3415">
    <p class='ocr_par' dir='ltr' id='par_1_7' title="bbox 221 3330 1959 3415">
     <span class='ocr_line' id='line_1_21' title="bbox 221 3330 1959 3415; baseline 0.001 -21"><span class='ocrx_word' id='word_1_202' title='bbox 221 3330 424 3413; x_wconf 90' lang='lat' dir='ltr'>presbyteri</span> <span class='ocrx_word' id='word_1_203' title='bbox 440 3331 727 3413; x_wconf 84' lang='lat' dir='ltr'>instituebantur,</span> <span class='ocrx_word' id='word_1_204' title='bbox 752 3344 791 3395; x_wconf 93' lang='lat' dir='ltr'>ut</span> <span class='ocrx_word' id='word_1_205' title='bbox 808 3331 983 3397; x_wconf 90' lang='lat' dir='ltr'>Slovenos</span> <span class='ocrx_word' id='word_1_206' title='bbox 999 3333 1203 3415; x_wconf 89' lang='lat' dir='ltr'>praeceptis</span> <span class='ocrx_word' id='word_1_207' title='bbox 1218 3331 1301 3396; x_wconf 89' lang='lat' dir='ltr'>fidei</span> <span class='ocrx_word' id='word_1_208' title='bbox 1319 3333 1542 3396; x_wconf 89' lang='lat' dir='ltr'>Christianae</span> <span class='ocrx_word' id='word_1_209' title='bbox 1558 3334 1758 3396; x_wconf 93' lang='lat' dir='ltr'>imbuerent</span> <span class='ocrx_word' id='word_1_210' title='bbox 1768 3333 1815 3414; x_wconf 86' lang='lat'>¹¹).</span> <span class='ocrx_word' id='word_1_211' title='bbox 1840 3334 1959 3403; x_wconf 89' lang='lat' dir='ltr'>Etiam</span> 
     </span>
    </p>
   </div>
   <div class='ocr_carea' id='block_1_7' title="bbox 219 3705 2022 5361">
    <p class='ocr_par' dir='ltr' id='par_1_8' title="bbox 221 3705 1958 3898">
     <span class='ocr_line' id='line_1_22' title="bbox 352 3705 1958 3786; baseline 0.002 -22"><span class='ocrx_word' id='word_1_212' title='bbox 352 3705 373 3786; x_wconf 88' lang='lat'>¹)</span> <span class='ocrx_word' id='word_1_213' title='bbox 397 3705 509 3764; x_wconf 87' lang='lat' dir='ltr'>Schola</span> <span class='ocrx_word' id='word_1_214' title='bbox 531 3706 746 3766; x_wconf 87' lang='lat' dir='ltr'>Admontensis</span> <span class='ocrx_word' id='word_1_215' title='bbox 771 3712 903 3766; x_wconf 85' lang='lat' dir='ltr'>exterior</span> <span class='ocrx_word' id='word_1_216' title='bbox 925 3723 1011 3766; x_wconf 80' lang='lat' dir='ltr'>extra</span> <span class='ocrx_word' id='word_1_217' title='bbox 1040 3712 1212 3767; x_wconf 88' lang='lat' dir='ltr'>monasterii</span> <span class='ocrx_word' id='word_1_218' title='bbox 1241 3729 1343 3767; x_wconf 89' lang='lat' dir='ltr'>muros</span> <span class='ocrx_word' id='word_1_219' title='bbox 1372 3722 1437 3767; x_wconf 86' lang='lat' dir='ltr'>erat</span> <span class='ocrx_word' id='word_1_220' title='bbox 1466 3711 1495 3765; x_wconf 91' lang='lat' dir='ltr'>in</span> <span class='ocrx_word' id='word_1_221' title='bbox 1524 3708 1661 3765; x_wconf 86' lang='lat' dir='ltr'>aedificio</span> <span class='ocrx_word' id='word_1_222' title='bbox 1691 3710 1837 3768; x_wconf 86' lang='lat' dir='ltr'>altissimo</span> <span class='ocrx_word' id='word_1_223' title='bbox 1865 3713 1958 3767; x_wconf 90' lang='lat' dir='ltr'>turris</span> 
     </span>
     <span class='ocr_line' id='line_1_23' title="bbox 221 3818 1354 3898; baseline 0.004 -25"><span class='ocrx_word' id='word_1_224' title='bbox 221 3821 316 3874; x_wconf 86' lang='lat' dir='ltr'>instar</span> <span class='ocrx_word' id='word_1_225' title='bbox 338 3831 504 3887; x_wconf 87' lang='lat' dir='ltr'>exstructo,</span> <span class='ocrx_word' id='word_1_226' title='bbox 528 3818 567 3876; x_wconf 81' lang='lat' dir='ltr'>cs.</span> <span class='ocrx_word' id='word_1_227' title='bbox 592 3820 767 3896; x_wconf 82' lang='lat' dir='ltr'>Wegmayr‚</span> <span class='ocrx_word' id='word_1_228' title='bbox 792 3822 822 3877; x_wconf 90' lang='lat' dir='ltr'>T</span> <span class='ocrx_word' id='word_1_229' title='bbox 823 3823 1012 3898; x_wconf 86' lang='lat' dir='ltr'>opographie</span> <span class='ocrx_word' id='word_1_230' title='bbox 1037 3821 1091 3878; x_wconf 91' lang='lat' dir='ltr'>des</span> <span class='ocrx_word' id='word_1_231' title='bbox 1115 3821 1354 3879; x_wconf 89' lang='lat' dir='ltr'>Admontthales.</span> 
     </span>
    </p>

    <p class='ocr_par' dir='ltr' id='par_1_9' title="bbox 351 3928 1368 4009">
     <span class='ocr_line' id='line_1_24' title="bbox 351 3928 1368 4009; baseline 0.003 -23"><span class='ocrx_word' id='word_1_232' title='bbox 351 3928 373 4009; x_wconf 89' lang='lat'>²)</span> <span class='ocrx_word' id='word_1_233' title='bbox 399 3929 492 3987; x_wconf 88' lang='lat' dir='ltr'>Liber</span> <span class='ocrx_word' id='word_1_234' title='bbox 515 3931 627 3988; x_wconf 88' lang='lat' dir='ltr'>traditt.</span> <span class='ocrx_word' id='word_1_235' title='bbox 652 3932 861 3990; x_wconf 88' lang='lat' dir='ltr'>Gottvicensis</span> <span class='ocrx_word' id='word_1_236' title='bbox 885 3935 913 3989; x_wconf 91' lang='lat' dir='ltr'>in</span> <span class='ocrx_word' id='word_1_237' title='bbox 937 3935 1051 3991; x_wconf 84' lang='lat' dir='ltr'>Fontes</span> <span class='ocrx_word' id='word_1_238' title='bbox 1076 3952 1135 3990; x_wconf 86' lang='lat' dir='ltr'>rer.</span> <span class='ocrx_word' id='word_1_239' title='bbox 1159 3934 1261 3991; x_wconf 87' lang='lat' dir='ltr'>Austr.</span> <span class='ocrx_word' id='word_1_240' title='bbox 1287 3935 1368 3990; x_wconf 87' lang='lat' dir='ltr'>V111.</span> 
     </span>
    </p>

    <p class='ocr_par' dir='ltr' id='par_1_10' title="bbox 220 4040 1958 4346">
     <span class='ocr_line' id='line_1_25' title="bbox 349 4040 1958 4123; baseline 0.004 -25"><span class='ocrx_word' id='word_1_241' title='bbox 349 4040 372 4123; x_wconf 78' lang='lat'>³)</span> <span class='ocrx_word' id='word_1_242' title='bbox 398 4044 431 4098; x_wconf 91' lang='lat' dir='ltr'>ln</span> <span class='ocrx_word' id='word_1_243' title='bbox 454 4043 639 4118; x_wconf 86' lang='lat' dir='ltr'>Necrologio</span> <span class='ocrx_word' id='word_1_244' title='bbox 663 4045 827 4102; x_wconf 88' lang='lat' dir='ltr'>Mellicensi</span> <span class='ocrx_word' id='word_1_245' title='bbox 851 4041 943 4122; x_wconf 85' lang='lat' dir='ltr'>(apud</span> <span class='ocrx_word' id='word_1_246' title='bbox 966 4047 1034 4114; x_wconf 88' lang='lat' dir='ltr'>Pez,</span> <span class='ocrx_word' id='word_1_247' title='bbox 1059 4043 1170 4122; x_wconf 86' lang='lat' dir='ltr'>Script.</span> <span class='ocrx_word' id='word_1_248' title='bbox 1195 4064 1254 4103; x_wconf 91' lang='lat' dir='ltr'>rer.</span> <span class='ocrx_word' id='word_1_249' title='bbox 1275 4046 1378 4103; x_wconf 82' lang='lat' dir='ltr'>Austr.</span> <span class='ocrx_word' id='word_1_250' title='bbox 1405 4043 1454 4123; x_wconf 91' lang='lat' dir='ltr'>ll.)</span> <span class='ocrx_word' id='word_1_251' title='bbox 1483 4048 1653 4122; x_wconf 89' lang='lat' dir='ltr'>complures</span> <span class='ocrx_word' id='word_1_252' title='bbox 1676 4048 1812 4104; x_wconf 88' lang='lat' dir='ltr'>scolares</span> <span class='ocrx_word' id='word_1_253' title='bbox 1835 4061 1865 4104; x_wconf 84' lang='lat' dir='ltr'>et</span> <span class='ocrx_word' id='word_1_254' title='bbox 1888 4067 1958 4105; x_wconf 89' lang='lat' dir='ltr'>sco·</span> 
     </span>
     <span class='ocr_line' id='line_1_26' title="bbox 220 4156 1955 4232; baseline 0.003 -21"><span class='ocrx_word' id='word_1_255' title='bbox 220 4156 317 4212; x_wconf 88' lang='lat' dir='ltr'>lastici</span> <span class='ocrx_word' id='word_1_256' title='bbox 347 4158 546 4213; x_wconf 89' lang='lat' dir='ltr'>nominantur.</span> <span class='ocrx_word' id='word_1_257' title='bbox 592 4157 639 4213; x_wconf 82' lang='lat' dir='ltr'>Ad</span> <span class='ocrx_word' id='word_1_258' title='bbox 672 4175 722 4213; x_wconf 90' lang='lat' dir='ltr'>res</span> <span class='ocrx_word' id='word_1_259' title='bbox 752 4157 951 4215; x_wconf 84' lang='lat' dir='ltr'>scholasticas</span> <span class='ocrx_word' id='word_1_260' title='bbox 984 4157 1191 4215; x_wconf 89' lang='lat' dir='ltr'>reformandas</span> <span class='ocrx_word' id='word_1_261' title='bbox 1222 4161 1337 4216; x_wconf 84' lang='lat' dir='ltr'>accitus</span> <span class='ocrx_word' id='word_1_262' title='bbox 1367 4171 1413 4214; x_wconf 83' lang='lat' dir='ltr'>est</span> <span class='ocrx_word' id='word_1_263' title='bbox 1450 4173 1530 4232; x_wconf 85' lang='lat'>1199</span> <span class='ocrx_word' id='word_1_264' title='bbox 1562 4159 1762 4216; x_wconf 89' lang='lat' dir='ltr'>scholasticus</span> <span class='ocrx_word' id='word_1_265' title='bbox 1790 4160 1955 4217; x_wconf 86' lang='lat' dir='ltr'>Adeloldus</span> 
     </span>
     <span class='ocr_line' id='line_1_27' title="bbox 220 4267 1248 4346; baseline 0.003 -22"><span class='ocrx_word' id='word_1_266' title='bbox 220 4267 464 4342; x_wconf 78' lang='lat' dir='ltr'>BambergensiS‚</span> <span class='ocrx_word' id='word_1_267' title='bbox 489 4271 539 4344; x_wconf 90' lang='lat' dir='ltr'>qui</span> <span class='ocrx_word' id='word_1_268' title='bbox 558 4283 635 4326; x_wconf 77' lang='lat' dir='ltr'>‘vota</span> <span class='ocrx_word' id='word_1_269' title='bbox 659 4270 813 4326; x_wconf 88' lang='lat' dir='ltr'>sollemnia</span> <span class='ocrx_word' id='word_1_270' title='bbox 837 4273 944 4327; x_wconf 89' lang='lat' dir='ltr'>emisit.</span> <span class='ocrx_word' id='word_1_271' title='bbox 976 4270 1154 4346; x_wconf 79' lang='lat' dir='ltr'>Keiblinger</span> <span class='ocrx_word' id='word_1_272' title='bbox 1179 4271 1196 4329; x_wconf 94' lang='grc' dir='ltr'>Ι.</span> <span class='ocrx_word' id='word_1_273' title='bbox 1222 4291 1248 4329; x_wconf 95' lang='lat' dir='ltr'>c.</span> 
     </span>
    </p>

    <p class='ocr_par' dir='ltr' id='par_1_11' title="bbox 349 4380 1349 4460">
     <span class='ocr_line' id='line_1_28' title="bbox 349 4380 1349 4460; baseline 0.004 -24"><span class='ocrx_word' id='word_1_274' title='bbox 349 4380 372 4460; x_wconf 79' lang='lat'>⁴)</span> <span class='ocrx_word' id='word_1_275' title='bbox 396 4381 518 4456; x_wconf 69' lang='lat' dir='ltr'>Hdnigh</span> <span class='ocrx_word' id='word_1_276' title='bbox 542 4381 726 4439; x_wconf 84' lang='lat' dir='ltr'>Geschichte</span> <span class='ocrx_word' id='word_1_277' title='bbox 750 4382 804 4439; x_wconf 90' lang='lat' dir='ltr'>des</span> <span class='ocrx_word' id='word_1_278' title='bbox 827 4383 1040 4459; x_wconf 88' lang='lat' dir='ltr'>Gymnasiums</span> <span class='ocrx_word' id='word_1_279' title='bbox 1063 4404 1098 4440; x_wconf 91' lang='lat' dir='ltr'>zu</span> <span class='ocrx_word' id='word_1_280' title='bbox 1122 4382 1349 4440; x_wconf 86' lang='lat' dir='ltr'>Seitenstetten.</span> 
     </span>
    </p>

    <p class='ocr_par' dir='ltr' id='par_1_12' title="bbox 349 4493 1953 4574">
     <span class='ocr_line' id='line_1_29' title="bbox 349 4493 1953 4574; baseline 0.004 -25"><span class='ocrx_word' id='word_1_281' title='bbox 349 4494 372 4574; x_wconf 85' lang='lat'>⁵)</span> <span class='ocrx_word' id='word_1_282' title='bbox 395 4495 420 4550; x_wconf 85' lang='lat' dir='ltr'>F</span> <span class='ocrx_word' id='word_1_283' title='bbox 422 4496 508 4561; x_wconf 86' lang='lat' dir='ltr'>riess,</span> <span class='ocrx_word' id='word_1_284' title='bbox 526 4493 709 4551; x_wconf 89' lang='lat' dir='ltr'>Geschichte</span> <span class='ocrx_word' id='word_1_285' title='bbox 727 4514 786 4552; x_wconf 88' lang='lat' dir='ltr'>von</span> <span class='ocrx_word' id='word_1_286' title='bbox 802 4495 944 4553; x_wconf 86' lang='lat' dir='ltr'>Garsten.</span> <span class='ocrx_word' id='word_1_287' title='bbox 973 4497 1020 4552; x_wconf 88' lang='lat' dir='ltr'>Ex</span> <span class='ocrx_word' id='word_1_288' title='bbox 1037 4499 1097 4553; x_wconf 87' lang='lat' dir='ltr'>vita</span> <span class='ocrx_word' id='word_1_289' title='bbox 1113 4495 1143 4553; x_wconf 96' lang='lat' dir='ltr'>b.</span> <span class='ocrx_word' id='word_1_290' title='bbox 1161 4496 1312 4553; x_wconf 88' lang='lat' dir='ltr'>Bertholdi</span> <span class='ocrx_word' id='word_1_291' title='bbox 1330 4496 1487 4572; x_wconf 89' lang='lat' dir='ltr'>complura</span> <span class='ocrx_word' id='word_1_292' title='bbox 1503 4495 1603 4552; x_wconf 86' lang='lat' dir='ltr'>afferri</span> <span class='ocrx_word' id='word_1_293' title='bbox 1621 4510 1750 4572; x_wconf 88' lang='lat' dir='ltr'>possunt</span> <span class='ocrx_word' id='word_1_294' title='bbox 1765 4513 1953 4572; x_wconf 88' lang='lat' dir='ltr'>argumenta.</span> 
     </span>
    </p>

    <p class='ocr_par' dir='ltr' id='par_1_13' title="bbox 219 4603 2022 4907">
     <span class='ocr_line' id='line_1_30' title="bbox 349 4603 2022 4686; baseline 0.004 -24"><span class='ocrx_word' id='word_1_295' title='bbox 349 4603 372 4686; x_wconf 78' lang='grc'>6)</span> <span class='ocrx_word' id='word_1_296' title='bbox 396 4605 517 4663; x_wconf 86' lang='lat' dir='ltr'>Abbate</span> <span class='ocrx_word' id='word_1_297' title='bbox 540 4606 682 4663; x_wconf 89' lang='lat' dir='ltr'>Conrado</span> <span class='ocrx_word' id='word_1_298' title='bbox 706 4609 729 4663; x_wconf 93' lang='grc' dir='ltr'>Ι.</span> <span class='ocrx_word' id='word_1_299' title='bbox 753 4604 991 4686; x_wconf 85' lang='lat'>(1222—1237)</span> <span class='ocrx_word' id='word_1_300' title='bbox 1014 4611 1141 4684; x_wconf 91' lang='lat' dir='ltr'>primum</span> <span class='ocrx_word' id='word_1_301' title='bbox 1166 4611 1314 4666; x_wconf 89' lang='lat' dir='ltr'>invenitur</span> <span class='ocrx_word' id='word_1_302' title='bbox 1337 4610 1424 4665; x_wconf 92' lang='lat' dir='ltr'>huius</span> <span class='ocrx_word' id='word_1_303' title='bbox 1447 4609 1572 4666; x_wconf 89' lang='lat' dir='ltr'>scholae</span> <span class='ocrx_word' id='word_1_304' title='bbox 1594 4611 1763 4684; x_wconf 86' lang='lat' dir='ltr'>vestigium.</span> <span class='ocrx_word' id='word_1_305' title='bbox 1803 4611 1865 4667; x_wconf 89' lang='lat' dir='ltr'>Nec</span> <span class='ocrx_word' id='word_1_306' title='bbox 1895 4631 1956 4669; x_wconf 90' lang='lat' dir='ltr'>non</span> <span class='ocrx_word' id='word_1_307' title='bbox 2019 4637 2022 4642; x_wconf 24' lang='grc' dir='ltr'><strong>Δ</strong></span> 
     </span>
     <span class='ocr_line' id='line_1_31' title="bbox 219 4717 1954 4796; baseline 0.002 -20"><span class='ocrx_word' id='word_1_308' title='bbox 219 4739 238 4776; x_wconf 89' lang='lat' dir='ltr'>e</span> <span class='ocrx_word' id='word_1_309' title='bbox 260 4719 362 4777; x_wconf 86' lang='lat' dir='ltr'>Sifridi</span> <span class='ocrx_word' id='word_1_310' title='bbox 387 4721 425 4776; x_wconf 87' lang='lat' dir='ltr'>de</span> <span class='ocrx_word' id='word_1_311' title='bbox 447 4717 576 4796; x_wconf 87' lang='lat' dir='ltr'>Alpibus</span> <span class='ocrx_word' id='word_1_312' title='bbox 600 4720 762 4777; x_wconf 89' lang='lat' dir='ltr'>donatione</span> <span class='ocrx_word' id='word_1_313' title='bbox 786 4723 958 4778; x_wconf 87' lang='lat' dir='ltr'>monasterii</span> <span class='ocrx_word' id='word_1_314' title='bbox 983 4740 1007 4778; x_wconf 88' lang='lat' dir='ltr'>s.</span> <span class='ocrx_word' id='word_1_315' title='bbox 1032 4723 1126 4789; x_wconf 87' lang='lat' dir='ltr'>Pauli,</span> <span class='ocrx_word' id='word_1_316' title='bbox 1155 4724 1202 4779; x_wconf 93' lang='lat' dir='ltr'>cui</span> <span class='ocrx_word' id='word_1_317' title='bbox 1227 4722 1348 4778; x_wconf 87' lang='lat' dir='ltr'>fratrem</span> <span class='ocrx_word' id='word_1_318' title='bbox 1381 4723 1436 4792; x_wconf 89' lang='lat' dir='ltr'>„ad</span> <span class='ocrx_word' id='word_1_319' title='bbox 1466 4723 1581 4778; x_wconf 88' lang='lat' dir='ltr'>litteras</span> <span class='ocrx_word' id='word_1_320' title='bbox 1609 4722 1787 4780; x_wconf 85' lang='lat' dir='ltr'>discendas“</span> <span class='ocrx_word' id='word_1_321' title='bbox 1823 4724 1954 4791; x_wconf 88' lang='lat' dir='ltr'>tradidit,</span> 
     </span>
     <span class='ocr_line' id='line_1_32' title="bbox 219 4832 1111 4907; baseline 0.001 -18"><span class='ocrx_word' id='word_1_322' title='bbox 219 4833 355 4889; x_wconf 88' lang='lat' dir='ltr'>scholam</span> <span class='ocrx_word' id='word_1_323' title='bbox 379 4832 418 4890; x_wconf 89' lang='lat' dir='ltr'>ibi</span> <span class='ocrx_word' id='word_1_324' title='bbox 443 4835 596 4890; x_wconf 85' lang='lat' dir='ltr'>exstitisse</span> <span class='ocrx_word' id='word_1_325' title='bbox 620 4833 804 4907; x_wconf 84' lang='lat' dir='ltr'>intelligitur.</span> <span class='ocrx_word' id='word_1_326' title='bbox 836 4833 1050 4891; x_wconf 85' lang='lat' dir='ltr'>Ankershofen</span> <span class='ocrx_word' id='word_1_327' title='bbox 1074 4835 1111 4890; x_wconf 93' lang='lat' dir='ltr'>ll.</span> 
     </span>
    </p>

    <p class='ocr_par' dir='ltr' id='par_1_14' title="bbox 350 4943 1381 5023">
     <span class='ocr_line' id='line_1_33' title="bbox 350 4943 1381 5023; baseline 0.002 -23"><span class='ocrx_word' id='word_1_328' title='bbox 350 4943 372 5023; x_wconf 87' lang='lat'>7)</span> <span class='ocrx_word' id='word_1_329' title='bbox 396 4946 617 5011; x_wconf 89' lang='lat' dir='ltr'>Prennsteiner‚</span> <span class='ocrx_word' id='word_1_330' title='bbox 642 4945 827 5001; x_wconf 84' lang='lat' dir='ltr'>Geschichte</span> <span class='ocrx_word' id='word_1_331' title='bbox 850 4945 904 5002; x_wconf 88' lang='lat' dir='ltr'>des</span> <span class='ocrx_word' id='word_1_332' title='bbox 927 4945 1140 5021; x_wconf 88' lang='lat' dir='ltr'>Gymnasiums</span> <span class='ocrx_word' id='word_1_333' title='bbox 1164 4966 1199 5002; x_wconf 94' lang='lat' dir='ltr'>zu</span> <span class='ocrx_word' id='word_1_334' title='bbox 1223 4945 1381 5021; x_wconf 88' lang='lat' dir='ltr'>Salzburg.</span> 
     </span>
    </p>

    <p class='ocr_par' dir='ltr' id='par_1_15' title="bbox 350 5051 1279 5135">
     <span class='ocr_line' id='line_1_34' title="bbox 350 5051 1279 5135; baseline 0.003 -22"><span class='ocrx_word' id='word_1_335' title='bbox 350 5051 372 5135; x_wconf 73' lang='grc'>8)</span> <span class='ocrx_word' id='word_1_336' title='bbox 396 5058 572 5132; x_wconf 84' lang='lat' dir='ltr'>Pachmayr,</span> <span class='ocrx_word' id='word_1_337' title='bbox 597 5055 700 5114; x_wconf 87' lang='lat' dir='ltr'>Series</span> <span class='ocrx_word' id='word_1_338' title='bbox 723 5055 867 5114; x_wconf 89' lang='lat' dir='ltr'>abbatum</span> <span class='ocrx_word' id='word_1_339' title='bbox 891 5070 921 5114; x_wconf 91' lang='lat' dir='ltr'>et</span> <span class='ocrx_word' id='word_1_340' title='bbox 944 5058 1156 5133; x_wconf 86' lang='lat' dir='ltr'>religiosorum</span> <span class='ocrx_word' id='word_1_341' title='bbox 1179 5059 1279 5116; x_wconf 87' lang='lat' dir='ltr'>Crem.</span> 
     </span>
    </p>

    <p class='ocr_par' dir='ltr' id='par_1_16' title="bbox 349 5167 1876 5247">
     <span class='ocr_line' id='line_1_35' title="bbox 349 5167 1876 5247; baseline 0.003 -21"><span class='ocrx_word' id='word_1_342' title='bbox 349 5167 372 5247; x_wconf 83' lang='lat'>⁹)</span> <span class='ocrx_word' id='word_1_343' title='bbox 396 5171 428 5225; x_wconf 90' lang='lat' dir='ltr'>ln</span> <span class='ocrx_word' id='word_1_344' title='bbox 452 5171 498 5227; x_wconf 92' lang='lat' dir='ltr'>his</span> <span class='ocrx_word' id='word_1_345' title='bbox 522 5172 712 5227; x_wconf 90' lang='lat' dir='ltr'>monasteriis</span> <span class='ocrx_word' id='word_1_346' title='bbox 736 5171 857 5227; x_wconf 87' lang='lat' dir='ltr'>scholas</span> <span class='ocrx_word' id='word_1_347' title='bbox 880 5170 972 5227; x_wconf 85' lang='lat' dir='ltr'>fuisse</span> <span class='ocrx_word' id='word_1_348' title='bbox 996 5184 1079 5246; x_wconf 87' lang='lat' dir='ltr'>patet</span> <span class='ocrx_word' id='word_1_349' title='bbox 1102 5189 1139 5226; x_wconf 84' lang='lat' dir='ltr'>ex</span> <span class='ocrx_word' id='word_1_350' title='bbox 1163 5169 1246 5228; x_wconf 89' lang='lat' dir='ltr'>libris</span> <span class='ocrx_word' id='word_1_351' title='bbox 1270 5172 1462 5228; x_wconf 89' lang='lat' dir='ltr'>traditionum</span> <span class='ocrx_word' id='word_1_352' title='bbox 1487 5172 1591 5229; x_wconf 89' lang='lat' dir='ltr'>horum</span> <span class='ocrx_word' id='word_1_353' title='bbox 1616 5175 1876 5230; x_wconf 87' lang='lat' dir='ltr'>monasteriorum.</span> 
     </span>
    </p>

    <p class='ocr_par' dir='ltr' id='par_1_17' title="bbox 337 5280 660 5361">
     <span class='ocr_line' id='line_1_36' title="bbox 337 5280 660 5361; baseline 0.003 -24"><span class='ocrx_word' id='word_1_354' title='bbox 337 5280 371 5361; x_wconf 86' lang='lat'>¹⁰)</span> <span class='ocrx_word' id='word_1_355' title='bbox 395 5283 565 5357; x_wconf 83' lang='lat' dir='ltr'>Bergmann</span> <span class='ocrx_word' id='word_1_356' title='bbox 590 5282 608 5339; x_wconf 92' lang='lat' dir='ltr'>l.</span> <span class='ocrx_word' id='word_1_357' title='bbox 635 5302 660 5338; x_wconf 91' lang='lat' dir='ltr'>c.</span> 
     </span>
    </p>
   </div>
   <div class='ocr_carea' id='block_1_8' title="bbox 337 5392 1179 5473">
    <p class='ocr_par' dir='ltr' id='par_1_18' title="bbox 337 5392 1179 5473">
     <span class='ocr_line' id='line_1_37' title="bbox 337 5392 1179 5473; baseline 0.001 -22"><span class='ocrx_word' id='word_1_358' title='bbox 337 5392 371 5473; x_wconf 87' lang='lat'>¹¹)</span> <span class='ocrx_word' id='word_1_359' title='bbox 396 5395 589 5464; x_wconf 90' lang='lat' dir='ltr'>Hohenauer‚</span> <span class='ocrx_word' id='word_1_360' title='bbox 614 5395 925 5470; x_wconf 87' lang='lat' dir='ltr'>Kirchengeschichte</span> <span class='ocrx_word' id='word_1_361' title='bbox 948 5413 1008 5452; x_wconf 90' lang='lat' dir='ltr'>von</span> <span class='ocrx_word' id='word_1_362' title='bbox 1032 5397 1179 5452; x_wconf 66' lang='lat' dir='ltr'>Kirnten.</span> 
     </span>
    </p>
   </div>
   <div class='ocr_carea' id='block_1_9' title="bbox 0 0 2094 6196">
    <p class='ocr_par' dir='ltr' id='par_1_19' title="bbox 0 0 2094 6196">
     <span class='ocr_line' id='line_1_38' title="bbox 0 0 2094 6196; baseline 0 0"><span class='ocrx_word' id='word_1_363' title='bbox 0 0 2094 6196; x_wconf 95' lang='lat' dir='ltr'> </span> 
     </span>
    </p>
   </div>
  </div>
 </body>
</html>
