4178 6196
905 565 1186 636 ..451-

171 751 263 813 licet.
302 750 466 812 Annulus
493 748 651 831 ligneus,
680 751 826 831 globum
855 748 1002 811 circum·
1040 776 1043 853 7
1083 748 1129 811 sit
1153 749 1422 830 professionem.
1448 749 1624 812 Sacerdos
1649 751 1833 813 ordinatus
1859 764 1914 816 est

172 874 274 952 danS,
299 872 359 952 qui
383 872 418 933 in
441 871 559 952 globis
580 871 768 934 venalibus
792 873 1001 953 plerumque

172 994 353 1055 zodiacum
371 1002 628 1074 repraesentat,
650 993 685 1054 in
702 1002 824 1055 nostro
842 969 950 1074 globo
968 991 1003 1052 in

172 1115 358 1176 duodecim
381 1114 525 1176 diurnas
549 1123 586 1175 et
606 1123 798 1175 nocturnas
822 1115 928 1176 horas
952 1112 1003 1174 di-

171 1239 268 1299 visus
282 1236 438 1316 inservit,
452 1244 491 1297 ut
503 1237 608 1297 modo
618 1235 879 1316 simplicissimo
890 1253 1003 1315 aeque

171 1379 213 1420 ac
231 1356 516 1439 ingeniosissimo
531 1356 624 1418 illico
638 1356 865 1419 determinari
878 1355 1003 1436 possit,

173 1499 276 1560 quarn
294 1478 366 1540 diei
382 1477 567 1558 noctisque
580 1478 701 1538 horam
719 1478 819 1538 locus
835 1477 870 1538 in
887 1486 1004 1538 terrae

172 1599 359 1681 superficie
386 1601 432 1661 ad
457 1599 595 1660 libitum
617 1599 840 1660 desideratus
861 1599 1003 1677 habeat,

172 1724 217 1785 ad
234 1723 328 1803 quod
346 1721 529 1802 negotium
551 1720 587 1781 id
604 1720 717 1780 solum
739 1718 943 1799 requiritur,
966 1727 1005 1779 ut

173 1844 247 1905 eius
269 1843 337 1905 loci
358 1843 544 1924 longitudo
567 1841 811 1923 geographica
835 1842 871 1903 in
896 1841 1004 1921 globo

172 1968 322 2048 legatur.
346 1965 441 2026 Viris
458 1965 509 2026 rei
525 1964 656 2046 gnaris,
679 1963 778 2045 globi
800 1962 911 2024 nostri
934 1981 1004 2023 me·

173 2088 391 2150 chanismum
417 2086 726 2148 considerantibus
735 2135 744 2165 ,
769 2083 1003 2165 proculdubio

173 2210 328 2292 patebit,
357 2209 580 2270 sacerdotem
609 2216 766 2269 nostrum
794 2204 1004 2287 ingeniosis·

173 2332 258 2393 sime
290 2329 469 2393 invenisse
497 2339 605 2410 atque
634 2328 877 2390 construxisse
904 2344 1004 2406 opuS,

173 2454 432 2532 nullounquam
442 2471 550 2532 opere
560 2450 664 2512 simili
675 2447 1003 2530 superatquuod

174 2576 202 2636 si
219 2573 423 2636 inveniendi
439 2573 591 2635 indolem
610 2571 824 2650 manifestat,
842 2569 1004 2650 profecto

172 2699 283 2758 altera
301 2716 346 2757 ex
362 2705 464 2776 parte
482 2695 625 2756 tabulae
642 2692 906 2775 geographicae
929 2690 1005 2752 dili·

173 2818 380 2900 gentissime
412 2837 453 2878 ac
485 2814 753 2896 elegantissime
789 2813 1003 2893 descriptae,

175 2940 258 3002 nihil
275 2959 406 3018 eorum,
418 2958 510 3019 quae
523 2937 714 2998 novissime
728 2938 893 2997 detectae
911 2943 1003 3013 sunt,

172 3061 414 3143 negligenteS,
441 3079 511 3121 non
535 3059 649 3121 minus
677 3058 879 3120 indefessae
904 3058 1003 3119 indu-

172 3184 297 3264 striae,
326 3203 431 3264 quam
463 3181 666 3243 inveniendi
697 3178 842 3242 artificis
869 3179 1002 3260 ingenii

173 3304 413 3368 testimonium
435 3304 620 3384 praebent.
645 3301 736 3363 Tota
760 3301 857 3383 globi
880 3320 1002 3381 super-

171 3427 269 3490 ficies
287 3425 449 3488 consistit
465 3445 527 3502 ²90
539 3423 670 3485 tabulis
683 3421 935 3504 geographicis
952 3423 1002 3483 in·

171 3563 225 3612 ter
246 3569 284 3611 se
307 3546 560 3630 conglutinatis
582 3557 618 3606 et
638 3546 737 3607 lacca
758 3543 933 3624 obductiS,
958 3563 1001 3604 ne

171 3672 262 3732 aeris
280 3668 489 3748 intemperie
502 3667 596 3729 laedi
613 3686 765 3748 unquam
778 3666 927 3747 possint.
951 3665 1001 3727 Ut

172 3793 324 3873 (lenique
338 3790 511 3871 quidquid
525 3790 801 3851 mechanismum
819 3798 854 3850 et
871 3789 1001 3851 iustum

171 3915 269 3996 globi
285 3922 417 3976 motum
434 3915 577 3974 turbare
592 3911 715 3992 possit,
733 3921 1001 3992 praecaveatur,

172 4036 300 4117 globus
328 4035 458 4096 circum
483 4034 648 4094 annulum
673 4032 829 4114 ligneum
858 4031 1002 4094 clathris

174 4155 362 4218 artificiose
380 4153 552 4215 confectis
570 4154 762 4215 instructus
779 4163 843 4215 est.

261 4277 340 4338 Hac
356 4275 494 4337 ratione
510 4286 593 4355 post
615 4280 649 4337 15
667 4295 838 4337 annorum
855 4287 1003 4337 conatus

172 4412 279 4481 atque
291 4401 432 4461 labores
446 4417 536 4479 opus
552 4397 837 4480 „monachicum“
853 4397 1005 4459 feliciter

172 4521 372 4584 confectum
403 4519 645 4582 iudicantibus
673 4519 858 4600 quibusvis
884 4538 1001 4580 rerum

175 4645 294 4726 gnaris
319 4644 353 4705 in
378 4643 596 4705 bibliotheca
620 4641 875 4724 Raigradiensi
901 4660 1003 4722 spec·

172 4767 317 4827 tandum
342 4765 565 4845 proponitur,
591 4764 686 4844 quod
711 4783 814 4825 nemo
838 4773 1002 4844 spectan-

173 4887 258 4947 tium
276 4887 350 4947 sine
368 4884 660 4965 comprobatione
677 4883 862 4964 relinquet.

258 4998 415 5072 Smolik
449 5010 668 5091 Rupertus
701 5009 1002 5088 (Blevnoveno-

173 5125 456 5207 Braunensis),
482 5135 587 5188 natus
613 5125 754 5206 Pragae
779 5124 866 5188 Boh.
891 5124 948 5185 die
973 5128 1001 5186 5.

173 5246 252 5311 Oct.
274 5251 363 5308 1832.
390 5245 576 5328 Gymnasii
597 5247 724 5309 studiis
741 5247 882 5328 Pragae
899 5248 1002 5307 abso·

171 5369 253 5430 lutis
270 5368 430 5430 habitum
449 5368 721 5430 Benedictinum
738 5367 930 5430 Btevnovii
952 5366 1001 5429 in-

1087 874 1167 948 1859
1182 871 1239 933 die
1254 893 1303 949 24.
1317 872 1380 934 Iul.
1405 873 1528 934 Iussus
1545 874 1592 933 ab
1608 875 1739 935 abbate
1757 894 1822 935 suo
1838 885 1914 937 ten·

1083 992 1216 1054 tamina
1233 1013 1279 1054 ex
1300 994 1467 1056 universa
1489 995 1672 1076 theologia
1693 996 1801 1058 subiit
1822 997 1916 1079 rigo·

1083 1133 1164 1176 rosa
1181 1134 1223 1176 ac
1239 1115 1341 1177 brevi
1358 1118 1566 1178 doctoratus
1582 1119 1703 1179 laurea
1715 1119 1842 1179 meruit
1855 1121 1915 1181 de-

1084 1235 1206 1297 corari.
1232 1234 1483 1317 Cooperatoris
1500 1238 1581 1300 dein
1594 1239 1785 1320 parochiae
1798 1240 1915 1302 Metli-

1085 1357 1248 1418 canensis
1271 1357 1425 1440 fungens
1447 1358 1565 1422 officio
1589 1362 1634 1422 ad
1661 1362 1857 1423 docendam
1882 1363 1916 1424 in

1084 1477 1246 1540 instituto
1285 1480 1499 1542 dioecesano
1536 1481 1915 1564 Reginaehradecensi

1084 1599 1302 1681 theologiam
1319 1603 1535 1681 pastoralem
1556 1622 1708 1665 necnon
1732 1615 1767 1665 et
1791 1603 1917 1666 funda-

1084 1722 1274 1783 mentalem
1292 1733 1441 1784 vocatus
1458 1742 1527 1785 non
1544 1725 1650 1806 longe
1663 1735 1746 1805 post
1762 1725 1916 1806 dignita·

1083 1853 1155 1903 tem
1178 1854 1213 1904 et
1235 1843 1380 1924 negotia
1403 1845 1593 1906 consiliarii
1618 1845 1818 1908 consistorii
1842 1847 1916 1928 epi-

1085 1964 1241 2042 scopalis
1263 1964 1416 2027 obtinuit
1432 1966 1608 2027 obeunda.
1632 1966 1739 2028 Anno
1766 1972 1844 2045 1875
1871 1969 1916 2029 ad

1085 2085 1291 2147 cathedram
1319 2087 1522 2168 theologiae
1546 2088 1735 2168 pastoralis
1764 2088 1798 2149 in
1823 2089 1916 2153 univ.

1085 2206 1251 2288 Pragena
1279 2206 1313 2269 in
1343 2208 1509 2270 idiomate
1535 2208 1703 2271 Bohemis
1726 2212 1916 2273 vernaculo

1085 2327 1268 2389 docendae
1286 2330 1480 2391 translatus
1497 2350 1641 2392 munere
1659 2332 1784 2393 decani
1804 2331 1914 2394 facul-

1086 2449 1170 2511 tatis
1187 2450 1389 2532 theologiae
1407 2451 1534 2514 iterato
1552 2453 1621 2514 iam
1637 2453 1780 2516 functus
1797 2465 1861 2516 est.

1173 2569 1339 2653 Scripsit:

1176 2697 1350 2753 1.Ruk0vdt
1360 2717 1415 2773 pro
1425 2700 1625 2774 zpovddniky.
1636 2697 1664 2778 (i.
1673 2719 1698 2756 e.
1709 2701 1915 2757 Institutiones

1085 2799 1362 2881 confessariorum.)
1378 2802 1445 2858 Vol.
1469 2817 1493 2857 1.
1511 2801 1553 2859 8⁰.
1572 2818 1634 2875 290
1646 2823 1675 2879 p.
1693 2804 1819 2877 Pragae,
1834 2806 1913 2879 typis

1084 2904 1246 2960 Bellmann.
1270 2904 1361 2961 1868.

1171 3010 1207 3064 ll.
1237 3009 1341 3065 Plures
1365 3011 1560 3065 recensiones
1587 3010 1747 3066 litterarias
1778 3024 1808 3066 et
1836 3031 1911 3067 non·

1084 3112 1181 3169 nullos
1206 3127 1351 3170 tractatus
1375 3131 1437 3168 rem
1460 3114 1636 3170 catholicam
1653 3128 1836 3191 spectantes,
1861 3117 1912 3189 qui

1084 3216 1231 3272 habentur
1248 3218 1276 3270 in
1292 3201 1441 3292 „Casopis
1454 3217 1648 3274 katolickeho
1662 3218 1910 3275 duchovenstva“

1083 3319 1221 3398 (Pragae,
1239 3322 1318 3395 typis
1336 3318 1504 3399 Rohlidek),
1526 3336 1557 3377 et
1578 3322 1699 3396 quidem
1717 3341 1795 3379 anno
1817 3323 1913 3395 1874:

1082 3424 1224 3481 Cirkevni
1241 3425 1339 3480 umdni
1355 3443 1392 3480 na
1408 3427 1534 3499 vy'stavd
1554 3426 1693 3494 svdt0v63
1717 3445 1796 3482 auno
1818 3428 1912 3500 1877:

1082 3526 1211 3583 Svdceni
1226 3528 1316 3602 vody,
1334 3543 1364 3584 et
1377 3529 1484 3585 eodem
1500 3547 1595 3586 anno:
1612 3530 1809 3586 Budoucnost
1826 3531 1914 3586 karo·

1081 3632 1343 3707 lickychnarodd.

1169 3777 1329 3852 Socher
1368 3790 1577 3874 Georgius
1617 3793 1916 3874 (Lunaelacen-

1082 3904 1162 3987 sis).
1198 3909 1233 3969 A
1261 3905 1542 3971 Strasswalchen
1573 3910 1608 3971 in
1640 3912 1771 3973 ducatu
1803 3909 1911 3974 Salis-

1082 4029 1253 4110 burgensi
1270 4029 1327 4092 die
1340 4035 1369 4091 ὁ.
1385 4031 1479 4112 Aug.
1499 4050 1577 4110 1747
1592 4043 1705 4114 natus,
1723 4033 1861 4095 emissis
1877 4033 1911 4094 in

1082 4151 1298 4213 monasterio
1314 4151 1572 4215 Lunaelacensi
1588 4154 1645 4215 die
1663 4158 1712 4216 28.
1731 4153 1809 4217 Oct.
1832 4158 1910 4231 1705

1082 4272 1175 4335 votis
1196 4272 1426 4334 sollemnibus
1447 4293 1540 4335 anno
1561 4279 1640 4352 1769
1657 4274 1840 4336 ordinatus
1857 4284 1912 4336 est

1082 4396 1259 4457 sacerdos.
1284 4395 1344 4456 Ab
1368 4414 1460 4456 anno
1481 4414 1560 4473 1774
1584 4415 1695 4476 usque
1716 4397 1762 4457 ad
1783 4415 1912 4457 annum

1086 4520 1165 4594 1775
1191 4517 1225 4577 in
1250 4516 1344 4578 univ.
1366 4513 1629 4597 Salisburgensi
1651 4516 1912 4597 philosophiam

1082 4634 1313 4697 theoreticam
1327 4636 1457 4717 docuit,
1474 4635 1579 4697 rediit
1591 4655 1683 4697 anno
1700 4635 1911 4698 scholastico

1087 4761 1166 4836 1776
1203 4766 1356 4820 exeunte
1392 4758 1426 4818 in
1457 4757 1708 4820 monasterium
1739 4757 1912 4819 Lunaela-

1083 4898 1199 4958 cense,
1223 4898 1292 4959 quo
1314 4878 1472 4941 extincto
1494 4879 1540 4939 ab
1556 4896 1649 4938 anno
1672 4898 1747 4956 1791
1767 4897 1911 4939 munere

1081 4999 1277 5081 parochiali
1304 4998 1339 5061 in
1367 4998 1650 5062 Strasswalchen
1678 5008 1732 5061 est
1758 4998 1910 5061 functus.

1082 5120 1181 5184 Obiit
1198 5121 1232 5183 in
1249 5121 1373 5183 eodem
1396 5121 1475 5181 loco
1498 5120 1555 5181 die
1577 5125 1627 5182 26.
1644 5119 1734 5182 Nov.
1756 5124 1844 5197 1807.

1169 5242 1335 5322 Scripsit:

1168 5388 1191 5443 I.
1213 5387 1383 5442 Positiones
1400 5403 1436 5440 ex
1453 5384 1680 5460 prolegomenis
1701 5384 1911 5460 philosophiae

172 5490 248 5551 duit
268 5493 359 5570 1854,
376 5490 496 5571 ibique
510 5494 538 5552 ὁ.
553 5489 652 5571 Sept.
673 5493 750 5568 1857
766 5509 903 5552 sacram
917 5489 1001 5552 emi·
1082 5504 1111 5548 et
1127 5487 1364 5547 institutionibus
1380 5487 1498 5562 logicis.
1516 5485 1697 5563 salisburgi,
1719 5501 1809 5562 1775.
1827 5494 1869 5560 4⁰.

1652 5589 1704 5651 57*
