4178 6196
910 407 1194 496 -430-

266 609 393 704 Tiray
412 622 556 683 Benno
573 619 799 683 Mauritius
822 616 1012 701 (Raigra-
1051 609 1053 618 ’

180 739 367 820 diensis),
380 738 794 821 Magno-Bitteschensis
805 748 909 800 natus
919 756 1012 799 anno

184 865 264 922 1818
282 860 339 923 die
360 884 407 924 11.
425 860 525 943 Sept.
550 861 679 923 Primis
699 861 898 923 litterarum
919 859 1013 921 rudi·

180 984 308 1046 mentis
325 983 359 1044 in
377 984 498 1045 schola
515 982 645 1045 triviali
667 983 761 1045 dorni
782 1002 846 1064 per
869 983 1013 1044 charum

179 1117 365 1186 parentem
382 1126 494 1186 suum,
518 1106 578 1186 qui
594 1105 641 1168 M.
660 1104 847 1167 Bitteschii
864 1104 1012 1165 ludima-

180 1228 282 1308 gistri
295 1227 412 1290 officio
425 1227 651 1309 fungebatur,
671 1226 827 1288 imbutus
844 1236 952 1306 atque
966 1226 1012 1286 ab

180 1351 306 1412 eodem
335 1351 441 1413 etiam
468 1351 624 1413 musicae
652 1350 828 1411 elementa
853 1349 1011 1425 edoctus,

180 1492 262 1533 mox
280 1472 405 1534 docilis
421 1492 511 1553 puer
526 1491 619 1533 anno
641 1475 721 1548 1829
739 1470 774 1532 in
790 1490 924 1552 pagum
937 1469 1010 1530 Un-

180 1593 436 1656 ter-Danowitz
466 1593 610 1676 linguae
645 1590 880 1655 Germanicae
911 1590 1011 1653 addi-

179 1717 334 1778 scendae
348 1735 456 1778 causa
469 1715 633 1787 mittitur;
651 1734 729 1776 curn
742 1732 828 1774 vero
841 1722 1011 1793 parentes

180 1847 216 1899 et
225 1837 385 1899 discendi
398 1856 554 1898 amorem
565 1846 601 1898 et
609 1835 816 1898 facultatem
827 1832 1011 1915 egregiam

179 1961 412 2021 observarent
428 1959 463 2020 in
479 1957 551 2020 filio
568 1958 746 2038 adamat0,
769 1956 895 2018 eodem
919 1975 1012 2017 anno

179 2100 300 2142 mense
315 2078 463 2142 Octobri
480 2078 685 2141 Mauritium
699 2079 854 2141 Brunam
869 2077 1013 2139 mittunt

179 2202 225 2264 ad
243 2201 359 2263 studia
377 2201 577 2263 delibanda.
603 2200 683 2282 Qua
704 2212 828 2263 cantor
844 2199 1013 2281 egregius

181 2333 216 2385 et
239 2322 392 2385 musicus
411 2323 445 2383 in
461 2322 671 2385 fundatione
692 2342 804 2404 penes
825 2320 1013 2385 ecclesiam

180 2467 207 2509 s,
225 2445 347 2508 Iacobi
363 2446 603 2528 provisionem
620 2446 766 2525 invenit,
789 2465 868 2507 curn
885 2463 1012 2526 paren-

179 2578 254 2631 tum
267 2588 348 2630 aere
358 2568 420 2629 vix
431 2567 623 2630 sustentari
636 2567 813 2649 potuisset
826 2566 860 2628 in
875 2567 1011 2628 studiis.

179 2690 232 2752 lbi
261 2699 413 2771 quatuor
440 2710 552 2751 annos
581 2688 771 2771 transegit,
804 2690 1012 2769 complexus

178 2811 320 2873 tertiam
337 2813 487 2873 classem
501 2811 695 2872 normalem
712 2821 857 2890 tresque
874 2810 1012 2891 priores

179 2936 312 2996 classes
341 2933 637 3015 grammaticales
671 2933 851 2995 Absoluto
879 2932 1011 2994 ibidem

179 3056 323 3138 syntaxi
341 3066 376 3118 et
392 3055 661 3117 humanioribus
679 3055 806 3117 studiis
823 3074 902 3117 sese
919 3056 1012 3117 ultra

178 3180 223 3241 ad
251 3158 511 3260 philosophiam
539 3178 701 3258 contulit,
734 3198 803 3258 qua
834 3178 1010 3240 eminente

178 3320 257 3363 curn
274 3319 467 3382 progressu
484 3300 649 3361 absoluta
667 3320 774 3380 quum
792 3299 827 3362 in
844 3318 886 3361 eo
904 3310 1009 3379 esset,

178 3432 216 3484 ut
233 3422 277 3483 de
294 3422 461 3503 eligendo
478 3431 575 3483 statu
597 3421 689 3483 serio
712 3421 903 3503 cogitaret;
929 3440 1010 3482 con-

178 3543 293 3606 silium
309 3544 404 3624 quod
426 3543 495 3605 iam
518 3546 662 3624 dudum,
688 3544 850 3626 quamvis
875 3544 1011 3605 dissua-

178 3664 344 3726 dentibus
360 3665 559 3727 fautoribus
580 3666 729 3747 ipsaque
752 3676 863 3728 matre
886 3684 1010 3727 conce-

177 3795 289 3867 perat,
306 3786 543 3868 amplectendi
561 3797 692 3849 statum
706 3787 912 3869 religiosum
927 3806 1009 3848 exe·

177 3918 322 3969 cuturus
339 3907 575 3989 Raigradium
593 3918 772 3991 properat,
794 3929 860 3990 pro
881 3909 1010 3970 admis-

176 4031 275 4092 sione
292 4032 337 4092 ad
355 4030 570 4110 palaestram
586 4031 851 4092 benedictinam
866 4050 891 4108 7.
908 4028 1007 4111 Sept.

181 4157 261 4214 1838
276 4154 405 4233 pulsat,
423 4162 459 4214 et
471 4152 686 4213 resolutione
700 4152 842 4213 abbatis
852 4152 1008 4214 Victoris

176 4274 232 4336 die
254 4279 300 4336 15.
319 4275 477 4336 eiusdem
496 4293 539 4335 111.
557 4273 662 4335 ianua
684 4273 843 4355 aperitur
867 4273 1007 4336 florenti

176 4397 304 4477 iuveni,
323 4397 382 4477 qui
398 4408 500 4458 veste
516 4395 745 4458 benedictina
768 4416 818 4474 29·
836 4393 931 4475 Sept.
949 4416 1006 4459 ac-

175 4529 289 4599 cepta,
306 4518 505 4580 tirocinium
520 4539 668 4581 exorsus
681 4528 736 4580 est
749 4518 921 4600 magistro
935 4519 1006 4601 spi-

173 4639 291 4701 rituali
308 4640 347 4701 P.
364 4640 497 4701 loanne
514 4639 620 4721 Bapt.
637 4639 756 4701 Miick.
790 4639 878 4702 Cum
899 4660 1005 4702 voca-

173 4760 270 4823 tione
292 4761 477 4843 religiosa,
507 4762 666 4841 perbona
693 4762 826 4843 indole,
852 4772 888 4824 et
912 4762 1005 4824 litte·

173 4903 289 4944 rarum
306 4901 425 4944 amore
441 4883 614 4963 probatus
632 4881 797 4944 inventus
809 4882 925 4964 fuerit,
943 4885 1004 4945 ab·

173 5005 289 5066 soluto
305 5003 480 5065 novitiatu
493 5003 649 5064 Brunam
665 5003 815 5066 mittitur
827 5005 872 5065 ad
886 5005 1004 5067 studia

172 5126 375 5207 theologica
391 5125 591 5186 inchoanda
604 5136 640 5188 et
653 5127 817 5188 absoluto
836 5131 1002 5205 1841—42

172 5247 285 5327 primo
303 5257 338 5308 et
355 5248 511 5309 secundo
527 5248 731 5330 theologiae
748 5239 852 5310 cursu
874 5249 1003 5310 admis-

172 5367 306 5429 sionem
323 5368 369 5429 ad
386 5389 413 5431 s,
431 5368 689 5448 professionem
706 5370 819 5450 petiit,
838 5370 904 5449 cui,
923 5389 1002 5432 curn

1091 610 1246 694 legalem
1270 631 1411 693 quoque
1436 621 1592 675 aetatem
1620 613 1821 698 attigisset,
1846 615 1930 678 nihil

1092 735 1330 815 repugnabat.
1368 734 1535 798 Octobris
1559 735 1680 818 itaque
1708 736 1816 800 tertia
1850 743 1924 816 1841

1092 854 1241 918 solemni
1254 865 1417 919 votorum
1432 858 1697 938 nuncupatione
1710 860 1928 924 monasterio

1092 996 1130 1039 se
1149 978 1341 1041 adstrinxit
1363 989 1399 1041 et
1414 988 1489 1042 tum
1512 981 1629 1043 denuo
1645 981 1804 1044 Brunam
1820 982 1928 1045 mitti-

1092 1110 1148 1161 tur
1165 1101 1210 1161 ad
1227 1104 1514 1182 prosequendam
1539 1125 1565 1164 s.
1590 1103 1809 1187 theologiam
1833 1103 1928 1168 tertii

1092 1231 1128 1283 et
1145 1222 1261 1302 quarti
1278 1224 1370 1287 anni.
1396 1223 1483 1287 Cum
1505 1224 1540 1287 in
1556 1234 1632 1288 arte
1656 1226 1803 1308 musica,
1821 1248 1926 1308 quarn

1091 1363 1112 1404 a
1129 1344 1282 1424 pueritia
1303 1346 1425 1428 coluit,
1455 1346 1672 1410 laudabilem
1696 1348 1823 1411 fecerit
1847 1369 1926 1430 pro·

1090 1485 1264 1547 gressum,
1278 1478 1428 1548 accepta
1440 1469 1586 1550 insuper
1600 1475 1680 1547 1840
1693 1470 1926 1534 instructione

1091 1586 1126 1649 in
1141 1589 1299 1669 generali
1312 1591 1429 1672 basso,
1448 1610 1494 1652 ex
1510 1610 1579 1672 quo
1593 1600 1629 1654 et
1642 1611 1795 1654 examen
1808 1594 1925 1676 subiit,

1091 1719 1130 1772 ut
1147 1710 1238 1772 ultra
1255 1712 1388 1773 coleret
1404 1722 1517 1775 artem
1530 1713 1711 1795 musicam,
1728 1734 1860 1777 novum
1877 1716 1925 1778 in·

1092 1839 1327 1895 strumentum
1343 1833 1545 1915 pianoforte
1563 1837 1609 1897 ab
1626 1838 1758 1899 abbate
1776 1838 1923 1920 accepit.

1092 1952 1229 2017 Studiis
1246 1956 1459 2038 theologicis
1480 1962 1560 2036 1843
1577 1956 1686 2020 finitis
1703 1962 1731 2021 6.
1749 1960 1847 2043 Aug.
1864 1963 1924 2023 hu·

1092 2076 1146 2138 ius
1164 2077 1365 2138 sacerdotio
1382 2077 1542 2141 initiatus
1558 2090 1614 2142 est
1626 2083 1672 2143 ab
1688 2081 1924 2145 illustrissimo

1092 2198 1234 2259 domino
1256 2199 1426 2280 episcopo
1449 2201 1625 2265 Brunensi
1641 2202 1802 2267 Antonio
1818 2205 1920 2267 Erne-

1092 2331 1147 2382 sto
1165 2321 1294 2383 comite
1311 2341 1330 2383 e
1347 2320 1632 2405 Schaafgotsche
1650 2336 1686 2388 et
1703 2330 1749 2388 15.
1760 2327 1856 2410 Aug.
1869 2327 1923 2390 hic

1092 2441 1266 2523 primitias
1283 2445 1487 2506 celebravit.
1513 2446 1553 2507 In
1577 2447 1734 2527 capitulo
1757 2453 1808 2513 28.
1825 2446 1923 2530 Sept.

1097 2567 1174 2640 1843
1207 2584 1277 2644 qua
1305 2565 1553 2648 vice-regens
1581 2568 1795 2632 constitutus
1823 2570 1924 2632 simul

1092 2686 1407 2748 caeremoniarium
1421 2689 1563 2750 abbatis
1578 2690 1662 2772 egit.
1683 2696 1713 2753 3.
1725 2691 1829 2754 Febr.
1843 2692 1924 2755 anni

1096 2811 1176 2885 1844
1204 2809 1369 2870 absoluto
1392 2809 1431 2872 P.
1457 2811 1617 2873 Antonio
1645 2833 1667 2874 a
1690 2825 1925 2895 cooperatura

1091 2929 1130 2991 P.
1142 2929 1267 2992 Benno
1281 2932 1565 3012 cooperatoriam
1576 2933 1855 2998 iurisdictionem
1869 2957 1924 2999 00-

1091 3051 1187 3133 cepit
1217 3071 1329 3132 penes
1359 3052 1547 3116 ecelesiam
1572 3057 1814 3136 parochialem
1838 3058 1923 3120 Rai-

1090 3173 1316 3255 gradiensem
1341 3186 1377 3237 et
1399 3175 1499 3238 initio
1522 3182 1599 3255 1845
1627 3178 1778 3241 mittitur
1793 3181 1924 3243 Doma-

1090 3295 1238 3374 sovium,
1255 3306 1294 3359 ut
1307 3297 1438 3360 ibidem
1452 3301 1577 3361 eodem
1591 3291 1736 3363 munere
1749 3322 1815 3383 per
1827 3303 1923 3364 bien·

1090 3418 1184 3479 nium
1209 3419 1427 3501 fungeretur.
1463 3422 1617 3484 Domum
1640 3424 1755 3485 redux
1778 3445 1922 3508 regens·

1091 3539 1188 3602 chori
1202 3552 1237 3603 et
1250 3541 1377 3605 iterato
1389 3555 1601 3624 cooperator
1614 3544 1819 3629 instituitur,
1832 3541 1923 3609 anno

1094 3666 1173 3724 1853
1203 3665 1248 3725 ad
1276 3662 1382 3726 finem
1410 3677 1584 3748 vergente
1612 3665 1758 3749 insuper
1786 3668 1922 3731 culinae

1090 3783 1294 3865 praefectus
1318 3799 1354 3849 et
1378 3787 1551 3869 provisor,
1579 3808 1649 3870 quo
1673 3789 1708 3851 in
1732 3790 1922 3870 posteriori

1089 3928 1233 3970 munere
1262 3907 1471 3973 affabilitate
1501 3930 1614 3992 aeque
1639 3931 1681 3974 ac
1705 3913 1921 3977 dexteritate

1089 4049 1154 4090 sua
1171 4029 1324 4093 omnium
1348 4033 1416 4094 sibi
1441 4031 1549 4116 longe
1567 4034 1711 4115 lateque
1728 4035 1921 4117 adquisivit

1089 4153 1382 4216 aestimationem.
1408 4155 1479 4217 Ast
1494 4154 1564 4217 iam
1577 4155 1659 4218 inde
1672 4159 1718 4219 ab
1733 4177 1827 4220 anno
1840 4161 1920 4236 1850

1088 4273 1225 4336 iteratis
1242 4275 1380 4339 vicibus
1397 4296 1442 4338 ex
1460 4279 1592 4358 hepate
1605 4279 1774 4341 laborans
1789 4278 1920 4342 frustra

1086 4415 1178 4458 anno
1208 4401 1286 4459 1863
1317 4398 1481 4461 sanitatis
1508 4402 1776 4481 recuperandae
1803 4402 1919 4484 gratia

1085 4519 1278 4581 Karolinas
1288 4521 1444 4583 thermas
1457 4521 1636 4603 visitabat,
1647 4525 1741 4585 unde
1754 4542 1919 4586 reversus

1085 4641 1357 4723 ingravescente
1379 4663 1520 4725 semper
1541 4646 1663 4706 morbo
1680 4644 1873 4728 Raigradii
1888 4668 1917 4723 4.

1084 4763 1157 4826 Ian.
1175 4767 1255 4841 1804
1273 4783 1476 4846 supremum
1490 4765 1602 4828 obivit
1612 4766 1719 4848 diem,
1733 4766 1860 4830 merito
1873 4769 1918 4829 ab

1084 4886 1215 4948 abbate
1234 4904 1298 4948 suo
1316 4906 1449 4949 coaevo
1462 4907 1577 4968 aeque
1590 4908 1631 4950 ac
1645 4908 1666 4950 a
1679 4888 1916 4952 confratribus

1083 5006 1237 5068 lacrimis
1261 5006 1425 5088 iustoque
1450 5009 1672 5090 comploratu
1695 5021 1915 5091 prosecutus.

1171 5126 1340 5209 Sequitur
1363 5129 1473 5191 index
1499 5130 1653 5193 omnium
1673 5131 1713 5193 P.
1735 5131 1916 5195 Bennonis

1083 5248 1192 5332 Tiray
1208 5251 1513 5332 compositionum,
1532 5273 1624 5334 quae
1636 5253 1671 5315 in
1684 5254 1830 5316 archivo
1843 5275 1916 5316 mu·

1084 5371 1183 5433 sicali
1201 5374 1298 5453 apud
1315 5392 1381 5435 nos
1397 5376 1647 5437 adservantur:
