4178 6196
919 439 1173 501 -XX-

179 664 398 728 incrementa
421 674 571 746 accepta
595 663 753 727 referunt
770 667 801 746 ¹).
838 663 952 745 Quam
977 665 1012 726 in
1035 684 1109 727 rem
1134 684 1180 726 ex
1204 665 1323 728 multis
1347 665 1488 727 adferre
1512 665 1609 747 libet,
1635 678 1805 750 quantum
1823 669 1922 732 Iurik

179 807 372 867 monachus
396 805 657 888 Raigradensis
682 768 849 866 effecerit.
894 802 957 866 Cui
990 824 1068 867 cum
1099 823 1165 885 per
1196 803 1388 866 Henricum
1419 806 1587 867 abbatem
1615 806 1920 872 Breunoviensem

180 943 217 1005 in
241 942 467 1006 solitudinem
492 943 665 1005 decedere
690 942 824 1022 liceret,
848 961 891 1004 eo
914 943 1003 1022 loco,
1027 962 1097 1023 quo
1121 963 1213 1004 nunc
1234 944 1318 1004 urbs
1334 962 1490 1024 amoena,
1507 942 1742 1027 Weisskirch,
1766 946 1835 1008 sita
1853 957 1919 1028 est,

183 1087 261 1161 1167
288 1081 428 1144 circiter
451 1083 575 1145 cellam
600 1079 812 1161 aedificavit,
837 1080 946 1142 silvas
971 1080 1114 1161 excidit,
1138 1080 1320 1162 regionem
1344 1081 1380 1143 in
1405 1101 1570 1144 arvorum
1593 1082 1742 1145 formam
1765 1085 1918 1168 redegit.

175 1221 243 1284 His
266 1221 361 1283 arvis
378 1220 578 1283 Fridericus
599 1220 672 1280 dux
689 1218 934 1281 Olomucensis
956 1225 1035 1297 1109
1060 1220 1311 1282 monasterium
1328 1219 1580 1301 Raigradense
1596 1221 1752 1284 donavit.
1778 1222 1917 1286 Eodem
1940 1287 1942 1292 ,

177 1359 293 1422 animo
318 1358 424 1421 etiarn
448 1357 547 1419 multi
571 1357 629 1419 alii
654 1375 699 1418 ex
723 1356 946 1419 monasteriis
970 1357 1005 1419 in
1028 1358 1106 1419 loca
1131 1357 1275 1419 deserta
1298 1376 1337 1419 se
1362 1358 1585 1420 abdiderunt.
1632 1357 1806 1422 Omnibus
1831 1381 1918 1424 vero

178 1497 358 1580 praestitit
382 1495 632 1577 Breunovium,
656 1495 757 1557 cuius
781 1496 894 1556 abbas
917 1496 963 1556 ab
987 1494 1121 1557 Ioanne
1146 1494 1229 1557 XV.
1258 1515 1394 1558 summo
1423 1496 1591 1576 pontifice
1615 1497 1779 1560 visitator
1807 1519 1917 1581 gene·

176 1637 259 1699 ralis
288 1646 324 1698 et
347 1645 542 1716 perpetuus
566 1633 880 1696 Benedictinorum
904 1633 1627 1718 Bohemico·Moraviensium'designatus
1656 1657 1735 1699 esse
1764 1658 1917 1702 comme·

176 1786 332 1838 moratur
347 1775 381 1854 ²).

306 1913 439 1975 Verum
456 1911 562 1974 etiam
578 1911 740 1973 monachi
757 1911 1044 1973 Blevnovienses
1061 1911 1153 1973 inter
1169 1930 1291 1972 omnes
1309 1910 1472 1993 diligenti
1489 1915 1739 1977 observatione
1756 1916 1915 1998 regulae,

177 2076 303 2119 severa
319 2053 518 2135 disciplina,
542 2052 667 2114 timore
684 2050 836 2132 Domini,
862 2051 990 2132 dignos
1007 2070 1045 2113 se
1062 2053 1313 2133 praebuerunt,
1339 2050 1399 2132 qui
1415 2051 1482 2113 hac
1499 2051 1676 2134 dignitate
1693 2065 1914 2118 ornarentur.

175 2193 322 2257 Plurimi
346 2191 507 2273 episcopi
532 2191 735 2272 Pragenses
759 2189 891 2251 saeculi
917 2189 982 2252 XI.
1007 2209 1052 2251 ex
1075 2191 1142 2252 hoc
1167 2190 1381 2252 monasterio
1411 2191 1521 2253 creati
1545 2201 1637 2271 sunt,
1670 2193 1770 2255 multi
1801 2195 1916 2257 sancti

177 2353 223 2394 ex
247 2352 289 2394 eo
311 2330 521 2412 prodierunt
534 2332 569 2410 ³).

305 2471 429 2534 Novus
453 2488 600 2551 campus
625 2468 758 2531 ordinis
782 2467 976 2529 industriae
1001 2469 1144 2530 saeculo
1168 2467 1306 2529 decimo
1337 2468 1383 2528 ad
1413 2465 1519 2528 finem
1543 2476 1715 2550 vergente
1744 2469 1778 2530 in
1802 2469 1915 2532 vastis

176 2609 315 2692 imperii
331 2608 528 2691 Hungarici
553 2607 655 2669 terris
678 2616 824 2687 apertus
841 2616 905 2669 est.
938 2606 1099 2690 Hungari
1123 2607 1226 2687 enim,
1250 2626 1329 2668 cum
1352 2606 1490 2687 proelio
1514 2608 1559 2668 ad
1583 2608 1705 2670 Licum
1730 2612 1791 2686 955
1817 2608 1914 2672 facto

176 2771 284 2831 supra
308 2749 468 2812 Leitham
492 2747 615 2810 reiecti
639 2766 830 2828 eorumque
854 2746 1009 2828 impetus
1041 2747 1076 2808 in
1107 2766 1255 2828 regnum
1279 2745 1516 2827 Byzantinum
1540 2749 1602 2824 968
1627 2739 1663 2808 et
1687 2765 1747 2825 972
1778 2747 1914 2828 repulsi

175 2897 312 2970 essent,
344 2891 389 2950 ab
420 2886 680 2949 incursionibus
705 2885 917 2948 destiterunt
942 2895 977 2947 et
1001 2905 1080 2947 cum
1103 2884 1259 2948 finitimis
1283 2905 1410 2966 pacem
1435 2895 1470 2948 et
1495 2887 1720 2948 concordiam
1749 2887 1912 2952 inierunt.

174 3029 302 3091 Eorum
326 3047 411 3090 vero
435 3026 602 3108 princeps
626 3022 748 3106 Geysa
772 3025 920 3105 eiusque
945 3043 1034 3086 uxor
1057 3025 1190 3087 Iarolta
1219 3026 1311 3086 bene
1343 3024 1612 3106 intellexerunt,
1640 3024 1833 3107 Hungaros
1858 3027 1912 3088 sui

176 3166 260 3228 iuris
284 3185 363 3228 esse
381 3185 450 3226 non
467 3183 583 3245 posse,
608 3162 674 3224 nisi
698 3163 869 3244 religione
887 3160 1087 3225 Christiana
1114 3163 1357 3225 imbuerentur
1378 3171 1485 3243 atque
1501 3163 1721 3226 humanitate
1739 3162 1914 3226 Occiden-

176 3305 299 3366 talium
322 3304 527 3384 polirentur.
567 3301 734 3381 Apostoli
758 3300 876 3382 igitur,
902 3301 961 3382 qui
985 3301 1178 3382 praecipue
1196 3320 1241 3362 ex
1259 3299 1451 3364 Germania
1475 3303 1731 3383 adventabant,
1755 3304 1911 3384 benigne

177 3441 457 3522 excipiebantur.

304 3581 413 3643 Utin
438 3577 629 3642 Germania
653 3587 689 3641 et
713 3579 885 3641 Bohemia
908 3579 958 3641 ita
981 3579 1016 3641 in
1040 3579 1227 3661 Hungaria
1251 3598 1391 3660 quoque
1415 3577 1477 3640 filii
1501 3599 1528 3642 s.
1549 3579 1736 3642 Benedicti
1759 3599 1830 3640 non
1854 3580 1914 3641 de·

173 3720 316 3782 fuerunt
339 3718 527 3801 evangelio
551 3719 802 3800 praedicando.
841 3720 915 3781 Iam
939 3738 1003 3799 per
1028 3739 1054 3780 s.
1079 3718 1376 3801 Wolfgangum⁴)
1410 3728 1446 3781 et
1474 3719 1582 3799 alios,
1614 3720 1673 3800 qui
1698 3740 1719 3781 a
1742 3718 1913 3801 Pilgrimo

172 3857 379 3921 Pataviensi
403 3858 439 3919 in
461 3857 683 3939 Hungariam
707 3857 804 3920 missi
829 3869 939 3937 erant,
965 3858 1063 3920 multi
1089 3856 1218 3919 Christi
1243 3857 1441 3919 doctrinam
1467 3857 1624 3938 amplexi
1649 3866 1750 3919 erant
1765 3859 1798 3938 ⁵).
1838 3857 1913 3918 Fir-

173 3996 277 4058 miter
299 4015 384 4058 vero
409 3996 604 4059 consistere
629 4007 665 4059 et
687 3997 760 4058 late
782 3995 892 4059 fluere
914 3972 1039 4079 religio
1057 3981 1256 4058 Christiana
1273 3996 1403 4076 coepit,
1420 4015 1498 4057 cum
1517 3995 1639 4078 Geysa
1655 3997 1804 4077 eiusque
1819 3994 1913 4058 filius

174 4135 325 4197 Vaikius
343 4135 571 4216 (Stephanus)
586 4158 648 4214 994
666 4155 805 4198 sacrum
820 4136 1000 4216 baptisma
1017 4135 1249 4216 susciperent.
1281 4136 1498 4215 Perpetuam
1515 4133 1569 4196 sui
1585 4135 1789 4197 memoriam
1807 4134 1913 4196 etiam

176 4284 298 4292 -u——-

304 4369 325 4450 ι)
348 4373 489 4447 Longum
513 4386 569 4439 est,
595 4385 669 4446 quot
693 4372 806 4448 oppida
822 4391 840 4427 a
856 4370 1058 4427 Benedictinis
1082 4372 1202 4428 condita
1219 4375 1294 4438 sint,
1311 4389 1497 4427 enumerare.
1531 4370 1659 4428 Adferre
1680 4372 1767 4428 liceat
1791 4385 1914 4447 praeter

173 4484 286 4561 oppida
309 4487 338 4540 in
363 4487 488 4541 circuitu
512 4487 762 4541 monasteriorum
787 4488 854 4549 sita,
879 4482 1001 4551 Schlan‚
1026 4482 1179 4550 Teschhn,
1198 4484 1324 4550 Weletz‚
1342 4483 1532 4540 Weisskirch
1557 4482 1596 4559 (in
1612 4480 1769 4560 Moram),
1788 4484 1912 4539 Hohen·

173 4596 250 4666 elbe,
275 4596 491 4672 Plrauenberg,
517 4597 669 4654 Kldsterle
693 4612 751 4654 etc.

303 4707 325 4787 ²)
349 4710 435 4765 Hanc
458 4709 568 4766 bullam
593 4712 754 4783 genuinam
779 4728 846 4765 esse
871 4710 1038 4784 scriptores
1062 4721 1092 4764 et
1114 4722 1235 4765 veteres
1259 4721 1289 4764 et
1312 4721 1453 4766 recentes
1484 4727 1543 4766 non
1576 4711 1640 4764 sine
1670 4727 1762 4765 causa
1790 4721 1912 4783 negant,

176 4834 338 4897 utcumque
362 4820 610 4897 Ziegelbauerius
634 4841 745 4895 magna
768 4821 905 4878 doctrina
929 4841 996 4877 eam
1021 4822 1184 4879 defendere
1208 4822 1318 4878 studet.

303 4933 325 5015 ³)
349 4936 441 4991 Frind
465 4935 483 4991 l.
508 4955 533 4992 c.
560 4936 597 4991 ΙΙ.

303 5045 326 5126 4)
350 5045 381 5103 S.
400 5047 604 5122 Wollgangus
629 5063 689 5121 972
716 5050 836 5105 circiter
859 5051 888 5103 in
911 5049 1068 5122 Hungaria
1092 5048 1275 5104 Crucifixum
1299 5028 1495 5124 praedicavit.

303 5157 326 5237 ⁵)
350 5159 508 5232 Pilgrimus
532 5163 561 5215 in
586 5160 692 5215 litteris
715 5160 753 5216 ad
770 5158 962 5215 Benedictum
979 5160 1043 5216 Vll.
1062 5160 1092 5215 P.
1110 5159 1150 5215 M.
1168 5159 1256 5225 datis,
1281 5179 1359 5234 quae
1376 5160 1412 5216 ad
1429 5174 1562 5217 nostram
1580 5173 1783 5236 pervenerunt
1799 5179 1911 5217 rnerno·

175 5273 259 5337 riam,
284 5273 417 5345 quinque
441 5273 521 5327 milia
546 5273 758 5346 Hungarorum
783 5290 837 5347 per
861 5272 1027 5328 monachos
1051 5285 1082 5328 et
1105 5271 1282 5328 sacerdotes
1306 5273 1476 5328 saeculares
1501 5273 1690 5329 Christianae
1714 5272 1852 5346 religioni
1878 5292 1911 5328 se

174 5383 326 5441 addixisse
350 5396 461 5440 narrat.
498 5386 573 5440 Num
599 5384 655 5440 hae
681 5385 797 5440 litterae
814 5386 963 5458 genuinae
985 5387 1053 5451 sint,
1072 5402 1108 5439 ex
1126 5383 1277 5440 Diimleri:
1302 5385 1422 5458 Pilgrim
1438 5402 1498 5441 von
1515 5385 1629 5442 Passau
1650 5386 1783 5460 perspici
1800 5398 1911 5460 potest.
