4178 6196
922 443 1193 506 —XXI—

187 690 209 732 s.
221 668 446 731 Adalbertus
460 669 654 751 Pragensis
666 669 818 749 reliquit,
833 668 892 751 qui
905 669 982 750 ipse
996 689 1137 751 quoque
1150 671 1336 732 nonnullos
1349 671 1531 752 apostolos
1548 690 1591 732 eo
1607 671 1702 735 misit
1713 674 1744 751 ¹).
1770 673 1927 754 Quorum

187 829 289 891 opera
313 817 355 870 ut
380 807 622 889 adiuvaretur,
646 807 769 890 Geysa
794 809 868 869 dux
895 807 930 869 in
958 807 1040 869 latis
1071 807 1208 888 imperii
1239 807 1367 870 finibus
1399 810 1514 872 ordini
1544 831 1571 872 s.
1597 810 1784 873 Benedicti
1817 812 1926 873 domi-

187 947 297 1010 cilium
323 945 466 1027 aperire
491 945 674 1009 constituit
698 956 734 1008 et
757 945 1010 1017 monasterium
1033 966 1126 1008 nunc
1151 946 1418 1009 celeberrimum
1443 949 1572 1011 montis
1596 949 1804 1011 Pannoniae
1828 950 1926 1011 aedi·

186 1087 287 1150 ficare
312 1084 484 1167 coepit2).
523 1085 746 1167 Quamquam
771 1084 803 1148 ei
827 1105 898 1147 non
922 1085 1087 1167 contigit,
1119 1096 1158 1147 ut
1190 1087 1225 1147 id
1255 1085 1455 1148 confectum
1479 1087 1698 1168 adspiceret,
1731 1098 1849 1150 tamen
1883 1106 1926 1149 eo

186 1228 262 1289 vivo
286 1225 430 1289 colonia
452 1223 586 1287 ordinis
610 1226 718 1287 ducta
741 1226 787 1286 ab
804 1224 965 1287 Adriano
989 1224 1103 1305 primo
1120 1225 1252 1287 abbate
1269 1224 1538 1305 Bievnoviensi,
1564 1227 1623 1307 qui
1639 1235 1787 1307 propter
1803 1229 1925 1288 turbu-

187 1368 276 1428 lenta
293 1375 459 1445 tempora
483 1384 529 1426 ex
553 1363 670 1444 patria
687 1371 894 1425 excesserat
907 1364 942 1442 ³),
966 1361 1003 1423 in
1027 1381 1157 1424 novum
1178 1362 1430 1425 monasterium
1447 1366 1652 1428 advenerat.
1684 1365 1763 1427 Hoc
1781 1363 1925 1444 Geysae

185 1503 272 1567 filius
295 1515 333 1567 et
356 1523 553 1584 successor,
578 1500 783 1583 Stephanus
799 1511 953 1581 sanctuS,
979 1498 1241 1563 exaedificavit.
1274 1501 1443 1582 Victoria,
1469 1522 1574 1583 quam
1589 1502 1647 1564 hic
1664 1522 1814 1585 magnus
1830 1502 1925 1584 prin-

188 1663 267 1726 ceps
284 1665 305 1705 a
321 1643 445 1724 Kupa,
471 1641 631 1723 principe
648 1640 813 1704 factionis
830 1639 1003 1720 ethnicae,
1020 1642 1067 1701 ad
1082 1639 1116 1700 V
1118 1639 1322 1720 esprimium
1339 1652 1586 1722 reportaverat
1603 1641 1710 1703 etiam
1726 1641 1924 1722 triumphus

186 1783 362 1866 religionis
386 1781 608 1845 Christianae
641 1790 677 1842 et
709 1779 824 1841 cultus
857 1789 964 1860 atque
994 1779 1225 1841 humanitatis
1258 1781 1423 1843 decretus
1455 1789 1541 1842 erat.
1581 1777 1786 1861 Stephanus
1817 1780 1926 1862 igitur

185 1922 387 2004 religionem
418 1917 654 1984 Christianam
684 1919 956 1999 propagandam
988 1918 1142 1998 curavit,
1174 1938 1323 2000 regnum
1355 1919 1389 1980 in
1422 1918 1607 1981 dioeceses
1640 1919 1778 1999 divisit,
1810 1919 1924 1981 ordini

184 2057 494 2121 Benedictinorum
517 2056 699 2138 complura
715 2054 892 2118 domicilia
908 2053 1122 2137 adsignavit.
1155 2054 1256 2135 Quae
1278 2067 1377 2119 sunt:
1403 2056 1549 2118 abbatia
1565 2057 1922 2137 Pecsvaradiensi54),

183 2217 208 2259 s.
232 2196 383 2260 Adriani
407 2197 452 2257 de
477 2193 630 2275 Szala5),
654 2215 681 2256 s,
705 2194 898 2276 Hippolyti
922 2196 966 2255 de
991 2193 1105 2256 Zobor
1120 2193 1154 2274 ⁶),
1180 2214 1206 2256 s.
1224 2195 1322 2257 Petri
1347 2205 1383 2257 et
1406 2196 1507 2258 Pauli
1533 2198 1576 2258 de
1594 2197 1685 2258 Tata
1702 2199 1735 2276 7).
1775 2198 1923 2259 Praeter

181 2338 244 2398 has
268 2336 315 2397 ad
339 2355 420 2397 eum
444 2345 626 2397 auctorem
648 2332 851 2395 referuntur
875 2332 1042 2394 abbatiae
1068 2351 1094 2395 s
1112 2331 1247 2394 Mariae
1273 2334 1317 2394 de
1334 2332 1444 2396 Bihar
1467 2344 1504 2397 et
1527 2354 1553 2399 s.
1572 2333 1721 2418 Georgii
1745 2338 1789 2398 de
1813 2333 1921 2415 Iak⁸);

180 2473 286 2535 Unde
310 2473 413 2555 primi
435 2463 560 2535 horum
584 2471 879 2533 monasteriorum
902 2470 1039 2533 incolae
1063 2471 1288 2552 advenerint,
1317 2482 1415 2534 certo
1440 2484 1584 2536 auctore
1608 2485 1827 2555 compertum
1852 2492 1920 2535 non

179 2615 363 2676 habemus.
402 2611 490 2675 Cum
513 2624 632 2675 tamen
649 2610 869 2692 exhibeatur,
893 2621 1055 2673 sanctum
1072 2611 1168 2672 illum
1185 2630 1307 2693 regem
1323 2630 1402 2672 cum
1420 2611 1571 2675 Odilone
1589 2610 1812 2674 Cluniacensi
1829 2632 1922 2674 com·

180 2751 351 2814 mercium
373 2751 580 2830 habuisse9)
606 2760 642 2812 et
665 2749 916 2812 monasterium
940 2770 966 2812 s.
991 2749 1089 2811 Petri
1115 2750 1258 2812 auxisse
1273 2752 1307 2830 ¹⁰)
1341 2758 1377 2842 et
1408 2771 1485 2813 cum
1515 2749 1663 2814 Cassino
1687 2751 1809 2814 Monte
1839 2772 1921 2814 con·

179 2893 338 2955 iunctum
362 2891 471 2966 fuisse
495 2891 649 2973 indeque
674 2892 762 2952 duos
785 2888 915 2952 fratres
939 2890 985 2950 ad
1010 2889 1218 2971 erigendum
1248 2889 1282 2951 in
1310 2910 1375 2951 suo
1403 2908 1514 2971 regno
1537 2891 1789 2952 monasterium
1813 2894 1920 2953 devo·

178 3050 282 3093 casse
296 3032 346 3110 ¹¹),
376 3050 397 3091 a
428 3049 513 3092 vero
549 3049 619 3092 non
649 3029 894 3092 aberrabimus
903 3077 912 3110 ,
947 3029 977 3091 si
1009 3029 1216 3110 statuimus,
1255 3029 1388 3109 primos
1423 3029 1631 3112 Hungariae
1667 3029 1920 3091 Benedictinos

176 3169 427 3233 instaurationi
450 3189 472 3231 a
494 3168 708 3231 monasterio
732 3167 957 3231 Cluniacensi
981 3178 1204 3250 propagatae
1229 3168 1392 3231 addictos
1415 3167 1536 3230 fuisse.
1576 3165 1612 3230 S.
1637 3165 1856 3248 Stephanus,
1881 3179 1920 3231 ut

176 3309 232 3389 id,
269 3309 364 3389 quod
400 3307 467 3369 sibi
502 3317 756 3388 proposuerat,
791 3306 999 3388 perficeret,
1039 3309 1128 3368 duos
1164 3307 1335 3388 cuiusque
1370 3305 1575 3368 monasterii
1610 3305 1740 3368 fratres
1775 3325 1918 3368 munere

311 3699 332 3780 ¹)
357 3702 403 3758 De
428 3700 583 3758 Adalberti
608 3721 680 3758 cura
700 3702 762 3758 vid.
788 3702 959 3776 Biidinger:
985 3703 1121 3758 Oesterr.
1147 3701 1260 3757 Gesch.

311 3813 333 3891 ²)
358 3815 426 3871 Hoc
450 3817 662 3871 monasterium
688 3817 716 3869 in
740 3829 840 3870 monte
864 3814 1053 3870 aedificatum
1078 3827 1151 3878 erat,
1177 3816 1261 3869 cuius
1286 3815 1315 3868 in
1339 3811 1491 3868 radicibus
1516 3811 1589 3867 urbs
1605 3810 1739 3866 Panonia
1763 3813 1821 3867 sita
1846 3825 1920 3878 erat,

176 3948 196 3983 a
221 3946 282 4002 qua
306 3946 415 3983 nomen
439 3929 566 4002 accepit.
592 3927 629 3984 cs.
654 3928 770 3995 Czinar,
795 3927 1064 4001 Monasteriologia
1088 3929 1172 4001 regni
1198 3928 1373 4000 Hungariae
1397 3925 1419 3981 I.

312 4038 335 4118 ³)
358 4040 538 4097 Anastasius
554 4037 671 4117 (Radia)
688 4042 900 4097 monasterium
918 4041 1144 4096 Bievnoviense
1165 4039 1323 4114 reliquisse
1348 4039 1457 4094 dicitur
1480 4050 1607 4113 propter
1631 4039 1720 4103 rixas,
1746 4054 1824 4110 quac
1845 4039 1922 4092 inter

177 4166 291 4227 gentes
315 4154 542 4227 potentissimas
566 4153 742 4220 Bohemiae,
766 4153 946 4209 Wrsowece
969 4165 999 4208 et
1022 4151 1125 4219 Libic,
1150 4171 1187 4208 ex
1211 4171 1270 4227 qua
1295 4171 1318 4208 s.
1344 4150 1526 4207 Adalbertus
1551 4164 1616 4206 erat
1640 4150 1801 4218 oriundus,
1830 4153 1921 4205 inter·

175 4264 339 4322 cedebant.
370 4264 512 4340 Palacky,
537 4265 720 4322 Geschichte
745 4283 803 4321 von
827 4266 970 4320 Bdhmen.

310 4377 332 4455 4)
362 4390 441 4450 1017
466 4375 504 4432 ad
528 4379 699 4433 memoriam
724 4390 829 4452 partus
853 4376 903 4433 filii
927 4377 1088 4433 Emerichii
1113 4377 1234 4434 condita
1258 4396 1327 4435 esse
1352 4377 1470 4435 dicitur.
1498 4373 1611 4434 'Czinar
1635 4378 1653 4432 Ι.
1678 4395 1704 4432 c.
1729 4377 1753 4431 Ι.
1782 4389 1849 4449 179.

311 4489 337 4567 ⁵)
362 4488 406 4545 Ibi
432 4490 488 4546 iam
512 4487 568 4546 sub
591 4491 711 4545 Privina
735 4491 871 4565 principe
895 4487 1055 4546 Slavorum
1080 4491 1210 4546 ecclesia
1235 4491 1327 4547 luisse
1351 4490 1468 4547 dicitur.
1508 4492 1616 4548 Czinar
1639 4490 1658 4545 l.
1683 4511 1709 4547 c.
1734 4490 1756 4545 1.

311 4598 334 4680 6)
358 4603 474 4658 Nomen
497 4603 617 4676 cepisse
641 4601 749 4658 dicitur
772 4620 790 4657 a
813 4601 947 4659 Zoborio
970 4601 1040 4658 belli
1064 4602 1141 4658 duce
1165 4602 1380 4669 Zwendibaldi,
1406 4607 1455 4679 qui
1480 4622 1497 4659 a
1521 4602 1649 4660 ducibus
1666 4599 1792 4678 Arpadii
1816 4604 1844 4657 in
1868 4619 1920 4655 ex·

174 4717 368 4793 pugnatione
391 4716 505 4770 Nitriae
529 4687 653 4770 necatus
677 4727 752 4770 erat.
792 4715 862 4783 Quo
885 4734 965 4771 anno
989 4714 1110 4772 condita
1133 4717 1181 4781 sit,
1205 4734 1265 4772 non
1290 4728 1419 4772 constat.
1451 4717 1559 4773 Czinar
1583 4716 1601 4772 l.
1626 4735 1652 4772 c.
1677 4717 1700 4771 1.

311 4825 333 4903 7)
356 4827 555 4903 Adprobante
579 4845 651 4901 rege
675 4826 797 4883 condita
819 4846 837 4882 a
862 4827 1002 4883 Deodato
1025 4827 1062 4883 de
1086 4825 1246 4883 comitibus
1270 4847 1293 4883 s.
1319 4827 1457 4885 Severini
1482 4828 1519 4884 de
1543 4828 1661 4904 Apulia.
1693 4828 1800 4884 Czinar
1818 4828 1835 4883 l.
1854 4846 1879 4882 c.
1898 4828 1919 4884 Ι.

310 4933 332 5016 8)
357 4941 464 4996 Czinar
487 4940 509 4996 l.

309 5049 333 5129 9)
356 5051 481 5107 Iotsaldi
504 5052 687 5128 epitaphium
712 5052 860 5108 Odilonis.

297 5160 332 5238 ¹⁰)
356 5163 522 5239 Propterea
545 5167 609 5220 eius
638 5177 668 5220 et
691 5167 794 5221 uxoris
818 5164 941 5221 Giselae
965 5166 1156 5222 Bavariensis
1186 5169 1307 5221 nomina
1338 5169 1366 5221 in
1398 5165 1475 5223 libro
1507 5164 1762 5222 confraternitatis
1790 5186 1813 5222 s.
1840 5166 1919 5222 Petri

169 5280 296 5353 scripta
319 5274 464 5332 videmus.

298 5386 334 5466 ιι)
357 5388 471 5444 Leonis
495 5388 607 5446 Chron.
630 5391 726 5446 Mont.
751 5391 868 5446 Cassin.
895 5391 931 5446 ΙΙ.
