4178 6196
796 434 1157 504 .-27-

152 629 219 689 hoc
234 645 346 707 opere
364 627 496 708 dogma
516 645 543 687 s.
561 623 806 687 Eucharistiae
824 625 989 687 corrobo-

154 760 207 812 ret
233 748 290 811 bis
318 748 414 810 mille
442 747 665 810 documentis
692 746 835 810 minime
860 745 988 829 dubiis,

154 891 246 954 quae
266 890 314 933 ex
337 870 486 953 triginta
505 868 758 932 vetustissimis
778 869 931 952 liturgiis
952 877 988 932 et

155 993 443 1058 sacramentariis
471 992 690 1056 diversarum
719 991 911 1073 nationum,
941 1011 988 1053 ex

155 1116 394 1200 quadraginta
407 1115 562 1197 quinque
576 1115 744 1196 conciliis,
761 1134 808 1176 ex
825 1113 988 1177 ducentis

156 1240 320 1322 patribus
345 1250 381 1302 et
404 1238 639 1320 scriptoribus
663 1237 871 1300 orthodoxis
895 1236 987 1317 prio-

155 1381 231 1425 rum
245 1360 433 1423 duodecim
447 1359 622 1422 ecclesiae
639 1359 860 1422 saeculorum
875 1356 986 1420 fideli-

155 1496 211 1548 ter
231 1493 404 1565 excerpta
427 1493 520 1545 sunt.
549 1483 699 1545 Duobus
720 1481 774 1544 his
796 1482 986 1544 documen·

154 1618 269 1670 torum
282 1606 436 1669 millibus
446 1605 592 1687 insuper
604 1605 735 1668 adiecit
748 1605 902 1667 ducenta
918 1604 988 1666 alia

156 1749 203 1791 ex
221 1729 336 1791 tribus
352 1727 585 1809 sequentibus
606 1726 758 1790 saeculis
774 1727 878 1807 XIII,
895 1725 988 1789 XIV

155 1861 192 1914 et
208 1851 292 1914 XV.
317 1848 419 1932 Opus
436 1851 485 1913 ita
507 1850 692 1932 disposuit,
714 1860 752 1913 ut
775 1868 839 1931 pro
861 1848 987 1931 quovis

156 1973 213 2036 die
230 1973 341 2037 totius
357 1971 439 2034 anni
457 1971 702 2053 praemitteret
721 1971 989 2035 meditationem

156 2096 250 2159 citca
281 2095 410 2158 missae
442 2116 468 2157 s.
499 2093 709 2157 sacrificium
737 2105 798 2159 aut
830 2094 989 2158 euchari-

156 2217 271 2298 stiam,
289 2218 501 2299 adiungeret
519 2217 599 2279 loca
619 2217 849 2298 probationis,
872 2226 907 2280 et
927 2217 989 2279 ad-

157 2343 257 2403 deret
278 2359 404 2421 preces
424 2352 507 2404 ante
528 2350 564 2403 et
583 2351 665 2422 post
682 2341 836 2402 missam.
860 2342 988 2404 Totum

159 2483 248 2544 opus
276 2472 417 2526 constat
448 2463 635 2526 duodecim
666 2463 919 2538 voluminibus;
954 2464 989 2526 in

156 2586 271 2666 prIma
287 2584 443 2648 editione
460 2585 615 2667 quinque
636 2586 755 2666 priora
774 2595 911 2649 tantum
926 2606 988 2648 vo·

156 2707 288 2769 lumina
304 2707 402 2789 typis
419 2704 687 2769 San-Blasianis
708 2727 800 2770 anno
826 2712 905 2770 1800
927 2727 988 2770 ex-

157 2849 285 2911 pressa
301 2839 397 2902 sunt;
416 2829 656 2910 —proximus
678 2829 810 2911 quippe
832 2830 990 2893 instabat

155 2951 362 3013 monasterii
387 2971 537 3014 occasus
559 2989 602 2998 —
624 2952 738 3033 prIma
764 2954 853 3014 haec
880 2953 990 3015 editio

156 3093 350 3154 paucorum
367 3074 558 3136 adsensum
575 3074 668 3137 tulit:
693 3075 743 3138 ita
758 3074 897 3139 ferebat
912 3096 990 3138 sae·

156 3197 282 3258 culum.
307 3195 394 3259 Cum
408 3206 527 3260 autem
540 3216 630 3277 opus
642 3217 708 3277 per
719 3197 918 3260 Herderum
929 3218 990 3260 an-

159 3318 214 3380 nis
238 3323 404 3382 1855-55
427 3321 540 3382 altera
560 3319 725 3401 editione,
748 3319 854 3401 idque
875 3329 988 3383 totum

158 3439 193 3502 in
215 3440 329 3503 lucem
350 3441 518 3523 prodiret,
542 3441 770 3522 plurimorum
796 3443 988 3504 adsensum

154 3563 244 3645 tulit,
265 3563 300 3625 in
316 3563 445 3645 Belgia
463 3572 500 3625 et
516 3563 619 3626 Italia
634 3563 754 3626 furtim
776 3584 986 3645 expressum

154 3684 262 3767 typiS,
286 3693 322 3747 et
341 3703 484 3747 versum
500 3685 536 3746 in
556 3685 713 3768 linguam
736 3684 986 3750 Germanicam

156 3817 191 3869 et
207 3804 394 3869 Gallicam:
419 3806 468 3868 ita
485 3806 611 3869 iterum
632 3806 773 3871 ferebat
794 3810 985 3872 saeculum.

157 3965 196 3974 —
211 3929 319 3992 Anno
338 3933 417 4007 1807
440 3949 459 3991 e
480 3951 506 3992 s.
524 3931 645 3993 Blasio
667 3931 857 4014 emigrans,
880 3935 986 3996 deve-

156 4050 206 4113 nit
228 4053 274 4113 ad
299 4071 326 4113 s.
350 4051 499 4114 Paulum
524 4052 559 4114 in
584 4051 810 4135 Carinthiam,
843 4055 904 4117 ubi
929 4056 986 4117 die

156 4180 206 4239 81.
219 4176 282 4239 1111.
303 4181 379 4238 1811
401 4196 446 4238 ex
463 4177 620 4257 pectoris
636 4176 911 4240 inflammatione
927 4177 986 4258 pie

157 4298 190 4360 in
204 4298 360 4361 Domino
377 4298 475 4361 oblit.

243 4439 374 4521 Operis
390 4441 552 4522 superius
570 4441 669 4504 citati
689 4441 799 4504 editio
815 4442 943 4523 prima:

240 4584 263 4639 1.
275 4580 398 4639 Scutum
413 4582 482 4639 fidei
497 4582 536 4638 ad
548 4603 619 4639 usus
632 4585 826 4659 quotidianos
844 4586 987 4642 sacerdo·

156 4700 224 4744 tum.
238 4689 311 4744 Cum
327 4690 476 4764 permissu
493 4689 736 4747 reverendissimi
753 4691 905 4748 ordinarii.
922 4692 987 4766 Ty-

156 4793 201 4866 pis
216 4791 453 4862 San-Bustanis,
476 4792 565 4851 1806.
583 4793 625 4850 8⁰.
637 4797 705 4850 mIn.
722 4794 796 4849 Pars
808 4795 831 4850 I.
848 4794 874 4850 A
891 4796 987 4852 domi-

156 4898 220 4952 nica
231 4897 254 4952 1.
267 4896 426 4953 Adventus
441 4899 585 4973 usquead
599 4898 677 4954 diem
691 4899 713 4954 Ι.
728 4899 865 4955 ianuarii.
879 4914 940 4973 395
956 4918 985 4974 p.

155 5001 228 5057 Pars
244 5001 282 5057 ll.
299 5000 326 5056 A
344 5002 366 5057 I.
384 5002 432 5057 die
449 5003 577 5058 Ianuarii
595 5002 744 5077 usquead
761 5003 840 5060 dom.
857 5003 893 5060 V.
915 5018 987 5080 post

155 5103 363 5180 Epiphaniam.
380 5119 441 5178 397
457 5125 486 5181 p.
510 5106 585 5162 Pars
596 5107 648 5162 111.
666 5106 692 5162 A
705 5107 854 5163 dominica
866 5108 903 5164 V.
916 5123 988 5184 post

156 5208 304 5284 Epiphan.
329 5228 424 5283 usque
444 5209 482 5264 ad
507 5209 587 5266 dom.
612 5211 634 5266 1.
657 5211 846 5285 Quadrages.
868 5211 931 5286 384
956 5232 985 5288 p.

154 5313 229 5368 Pars
259 5312 310 5369 IV.
345 5312 372 5368 A
395 5312 545 5372 dominica
569 5315 592 5371 I.
617 5314 807 5390 Quadrages.
829 5334 925 5391 usque
948 5316 986 5373 ad

153 5415 231 5473 diem
256 5435 281 5472 s.
305 5416 451 5474 Paschae.
475 5434 539 5491 400
556 5439 586 5495 p.
609 5420 684 5476 Pars
706 5419 741 5476 V.
763 5420 790 5476 A
815 5420 864 5476 die
888 5439 913 5477 s,
930 5422 987 5476 Pa·

1069 626 1161 681 schae
1182 643 1279 699 usque
1303 622 1340 679 ad
1364 622 1443 680 dom.
1471 625 1547 679 intra
1569 622 1638 679 Oct.
1659 621 1787 678 Ascens.
1809 623 1899 679 Dom.

1068 729 1130 802 183
1149 749 1179 806 p·

1156 848 1325 910 Eiusdem
1342 845 1461 927 operis
1477 844 1586 908 editio
1602 846 1730 909 altera:

1156 973 1280 1031 Scutum
1303 973 1371 1030 fidei
1392 973 1430 1029 ad
1451 991 1523 1028 usus
1545 973 1738 1047 quotidianos
1755 973 1898 1030 sacerdo·

1069 1095 1139 1137 tum.
1156 1078 1296 1153 Friburgi
1315 1080 1493 1152 Brisgoviac
1510 1077 1658 1135 sumtibus
1676 1077 1796 1135 Herder
1818 1077 1896 1151 1853

1068 1184 1106 1240 ad
1120 1183 1210 1256 1855.
1229 1182 1270 1240 8⁰.
1285 1186 1353 1238 min.
1371 1183 1445 1237 Pars
1459 1183 1481 1238 I.
1499 1182 1525 1237 A
1540 1182 1689 1238 dominica
1702 1183 1724 1238 l.
1743 1181 1899 1238 Adventus

1068 1288 1218 1363 usquead
1235 1287 1352 1344 dieml.
1370 1287 1510 1343 Ianuarii.
1527 1300 1588 1360 352
1608 1307 1636 1362 p.
1662 1288 1737 1342 Pars
1753 1287 1790 1344 II.
1808 1286 1834 1342 A
1851 1286 1900 1344 die

1068 1394 1091 1450 I.
1105 1395 1233 1450 Ianuarii
1251 1391 1396 1467 usquead
1410 1391 1490 1447 dom.
1501 1391 1537 1448 V.
1552 1405 1623 1467 post
1636 1391 1784 1466 Epiphan.
1797 1406 1858 1464 343
1870 1411 1900 1468 p.

1068 1499 1142 1555 Pars
1165 1498 1218 1554 III.
1247 1496 1273 1552 A
1298 1497 1378 1553 dom.
1403 1497 1438 1553 V.
1465 1510 1536 1571 post
1560 1496 1709 1571 EpIphan.
1739 1515 1835 1570 usque
1862 1496 1900 1552 ad

1067 1603 1146 1659 dom.
1169 1603 1191 1658 Ι.
1215 1600 1405 1675 Quadrages.
1427 1614 1490 1672 334
1512 1620 1541 1675 p.
1566 1601 1640 1656 Pars
1656 1600 1706 1657 IV.
1729 1600 1756 1656 A
1780 1600 1859 1658 dom.
1877 1601 1900 1658 I.

1068 1707 1258 1781 Quadrages.
1284 1724 1380 1781 usque
1404 1705 1441 1760 ad
1466 1705 1545 1761 diem
1568 1724 1593 1760 s.
1616 1706 1760 1761 Paschae.
1785 1720 1846 1778 342
1870 1725 1899 1781 p.

1068 1814 1142 1869 Pars
1158 1811 1194 1868 V.
1219 1810 1246 1866 A
1270 1810 1318 1867 die
1342 1828 1366 1866 s.
1387 1810 1523 1866 Paschae
1548 1809 1701 1884 usquead
1723 1809 1803 1866 dom.
1824 1813 1901 1866 Intra

1069 1917 1138 1974 Oct.
1156 1916 1284 1972 AscenS.
1302 1915 1389 1971 Dom.
1407 1928 1465 1987 331
1489 1934 1517 1990 p.
1538 1915 1613 1970 Pars
1629 1915 1680 1971 VI.
1703 1914 1729 1970 A
1750 1914 1900 1971 dominica

1069 2025 1146 2077 intra
1163 2022 1232 2078 Oct.
1246 2021 1374 2077 Ascens.
1388 2021 1477 2077 Dom.
1495 2037 1590 2092 usque
1606 2018 1644 2074 ad
1658 2019 1737 2075 dom.
1751 2019 1801 2076 IV.
1819 2034 1899 2094 post.

1068 2127 1152 2182 Pent.
1177 2140 1237 2198 333
1262 2145 1292 2201 p.
1315 2126 1391 2181 Pars
1408 2125 1473 2182 VII.
1497 2123 1525 2179 A
1546 2122 1626 2179 dom.
1648 2125 1698 2181 lV.
1723 2138 1795 2200 post
1814 2126 1899 2182 Pent.

1069 2229 1218 2305 usquead
1235 2229 1315 2286 dom.
1333 2231 1383 2286 IX.
1401 2244 1462 2302 342
1482 2248 1511 2304 p.
1534 2229 1609 2285 Pars
1622 2230 1702 2286 VIII.
1719 2228 1837 2287 Ailom.
1847 2231 1899 2287 IX.

1069 2349 1140 2411 post
1155 2336 1240 2391 Pent.
1258 2354 1353 2409 usque
1369 2334 1407 2389 ad
1421 2334 1499 2390 dom.
1513 2334 1593 2391 XIV.
1610 2348 1681 2409 post
1693 2335 1776 2390 Pent.
1793 2350 1854 2407 322
1870 2353 1899 2410 p.

1068 2441 1144 2496 Pars
1160 2441 1212 2496 IX.
1230 2439 1257 2495 A
1273 2439 1353 2496 dom.
1370 2439 1450 2495 XIV.
1468 2451 1539 2514 post
1550 2439 1634 2494 Pent.
1652 2438 1802 2512 usquead
1820 2439 1899 2496 dom.

1069 2545 1151 2601 XIX.
1169 2557 1240 2620 post
1254 2545 1338 2600 Pent.
1355 2543 1428 2615 328.
1452 2544 1527 2599 Pars
1543 2544 1581 2599 X.
1599 2542 1717 2599 Adom.
1731 2544 1812 2600 XIX.
1830 2557 1900 2619 post

1068 2651 1154 2705 Pent.
1178 2668 1273 2723 usque
1296 2648 1335 2704 ad
1358 2648 1437 2704 dom.
1462 2648 1571 2704 XXIV.
1593 2660 1664 2723 post
1685 2649 1768 2704 Pent.
1789 2647 1852 2720 338
1869 2669 1899 2724 p.

1069 2755 1144 2809 Pars
1168 2754 1219 2809 XI.
1244 2752 1270 2808 A
1295 2752 1374 2808 dom.
1398 2752 1507 2808 XXIV.
1532 2766 1603 2827 post
1626 2753 1709 2808 Pent.
1739 2772 1834 2828 usque
1861 2754 1899 2809 ad

1069 2858 1149 2914 dom.
1163 2858 1185 2915 I.
1199 2857 1328 2913 Advent.
1346 2870 1406 2929 345
1422 2875 1451 2931 p.
1476 2857 1550 2912 Pars
1559 2856 1625 2912 XII.
1635 2857 1794 2932 Proprium
1804 2855 1899 2914 Sanc·
2015 2880 2022 2894 ·

1070 2975 1178 3020 torum.
1196 2962 1315 3018 Indices
1332 2976 1471 3036 quatuor.
1489 2975 1550 3033 239
1568 2980 1597 3036 p.

1156 3069 1193 3125 II.
1208 3069 1293 3124 Duae
1306 3068 1415 3123 mIssae
1428 3067 1465 3122 de
1479 3067 1634 3140 Requiem.
1647 3068 1738 3139 genio
1751 3080 1781 3121 et
1792 3067 1898 3122 stricto

1070 3172 1139 3229 stilo
1153 3173 1302 3230 ecclesiae
1315 3173 1516 3247 conscriptae.
1534 3172 1729 3246 Manuscript.
1741 3204 1784 3212 -—
1796 3171 1899 3228 Plura:

1070 3279 1200 3334 Tantum
1224 3297 1313 3352 erg0‚
1341 3277 1447 3334 eodem
1475 3276 1545 3332 stilo
1568 3275 1717 3359 ecclesiae
1740 3289 1899 3351 concepta.

1007 3401 1018 3413 ·
1069 3383 1265 3458 Manuscript.

1156 3486 1208 3542 IIl.
1236 3487 1294 3543 Die
1321 3485 1517 3544 beschamten
1545 3485 1747 3560 PhiIosophen
1776 3505 1900 3543 unserer

1069 3591 1135 3646 Zeit
1160 3589 1253 3645 durch
1278 3589 1327 3645 die
1351 3589 1554 3665 Philosophen
1583 3590 1637 3645 des
1660 3609 1775 3663 grauen
1799 3589 1898 3647 Alter·

1068 3693 1176 3749 thums.
1201 3693 1305 3748 Etwas
1326 3693 1373 3748 siir
1392 3693 1543 3750 Verstand
1563 3693 1622 3749 und
1644 3694 1733 3750 Herz.
1758 3690 1786 3771 (i.
1805 3713 1830 3751 e.
1853 3687 1899 3750 De

1067 3798 1245 3854 confusione
1262 3798 1511 3874 philosophorum
1528 3798 1664 3855 moderni
1681 3796 1769 3876 aevi.)
1785 3800 1841 3856 Ms.

1154 3942 1338 4039 Borbdly
1373 3952 1591 4018 Cornelius
1621 3955 1898 4020 Colomannus

1069 4073 1130 4154 (de
1150 4093 1177 4134 s.
1199 4072 1340 4136 Monte
1361 4073 1628 4157 Pannoniae),
1650 4096 1675 4138 S.
1695 4076 1898 4158 theologiae

1066 4194 1279 4278 licentiatus,
1304 4216 1330 4257 s,
1356 4196 1452 4258 sedis
1481 4196 1663 4260 consister.
1689 4198 1898 4261 archiabba-

1067 4315 1161 4379 tialis
1177 4319 1354 4401 adsessor,
1371 4319 1529 4401 separati
1545 4320 1812 4383 archiabbatiae
1829 4331 1898 4383 ter-

1067 4438 1178 4500 ritorii
1200 4441 1367 4522 decanus,
1389 4441 1572 4504 societatis
1593 4462 1619 4503 S.
1640 4441 1824 4506 Trinitatis
1847 4441 1898 4504 di-

1067 4571 1184 4624 rector
1211 4573 1289 4645 cet,
1318 4562 1530 4626 Comaromii
1557 4565 1714 4626 eiusdem
1746 4584 1834 4627 com.
1863 4565 1897 4627 in

1066 4682 1254 4765 Hungaria
1267 4685 1323 4747 die
1338 4690 1387 4746 20.
1401 4686 1490 4748 Xov.
1510 4691 1587 4748 1835
1602 4696 1716 4768 natus,
1733 4707 1759 4749 S.
1773 4687 1897 4751 habitu

1067 4805 1124 4868 die
1134 4810 1163 4868 8.
1175 4804 1275 4887 Sept.
1291 4810 1366 4868 1852
1382 4806 1535 4889 indutuS,
1549 4818 1632 4870 vota
1645 4808 1828 4872 sollemnia
1841 4810 1898 4873 die

1066 4933 1117 4991 30.
1130 4927 1218 4991 Dec.
1237 4932 1316 4992 1856
1334 4928 1460 4991 emisit.
1485 4928 1669 4991 Absolutis
1687 4928 1721 4991 in
1737 4951 1764 4993 s.
1777 4943 1897 4997 monte

1066 5070 1093 5113 s.
1121 5050 1324 5133 theologiae
1355 5051 1492 5133 studiis,
1528 5052 1584 5113 die
1616 5073 1666 5114 21.
1693 5053 1781 5117 Dec.
1819 5061 1897 5119 1858

1067 5172 1267 5236 sacerdotio
1291 5172 1449 5235 initiatus
1477 5182 1541 5236 est.
1576 5172 1636 5235 Ad
1659 5194 1790 5239 annum
1818 5183 1898 5240 1800

1066 5294 1228 5358 Viennae
1251 5297 1285 5359 in
1310 5294 1470 5359 instituto
1492 5297 1536 5359 de
1560 5316 1586 5359 s.
1609 5297 1814 5381 Augustino
1836 5321 1896 5363 110-

1067 5416 1199 5480 minato
1220 5417 1346 5481 studiis
1367 5418 1527 5493 vacavit;
1551 5431 1624 5482 tum
1651 5426 1813 5484 1800-οι
1835 5421 1918 5485 So·-

1651 5529 1686 5586 4*
