4208 6194
910 424 956 481 -’-
1015 454 1088 521 419
1145 473 1192 480 --

177 659 262 700 vero
278 638 442 718 repulsus
459 637 576 700 vicino
593 636 819 700 obedientiae
836 638 929 717 pede
946 655 1012 699 nec

179 782 359 842 nunquam
381 762 543 823 relaxato
564 778 665 821 suum
687 758 841 822 officium
862 759 1012 821 sollicite

1172 639 1222 696 Vl.
1233 639 1416 695 Dissertatio
1427 639 1464 695 de
1474 637 1666 712 indulgentiis
1676 635 1821 713 Stephani
1831 638 1925 693 Raut-

1094 743 1276 811 tenstrauch,
1290 762 1379 818 quam
1393 745 1424 800 P.
1435 742 1561 799 Gabriel
1575 740 1717 799 Schmied
1728 741 1839 799 ibidem
1852 761 1925 818 pro·

180 882 409 963 adimplebat,
434 882 604 961 Optimam
628 881 696 942 sibi
722 881 873 944 oratoris
897 899 1012 962 aeque
1093 849 1190 905 sessus
1214 862 1244 904 et
1268 848 1427 923 professor
1449 850 1511 903 suis
1532 866 1655 923 quoque
1671 846 1826 922 discipulis
1843 865 1925 902 com·

178 1024 220 1066 ac
237 1003 350 1066 curati
365 1003 496 1065 famam
510 1004 711 1085 adquirens·
734 1003 840 1066 Anno
858 1021 914 1082 ¹77
920 1008 937 1066 8
955 1022 1012 1065 co·
1093 955 1263 1021 manicavit,
1281 952 1434 1029 descripta
1449 971 1528 1008 anno
1549 965 1640 1025 1770.
1665 951 1740 1008 Cod.
1757 971 1827 1028 pap.
1850 950 1923 1008 fasc.

1052 1086 1055 1169 7
1093 1076 1169 1113 1111115
1186 1059 1214 1112 in
1231 1064 1274 1129 4⁰.
1293 1071 1368 1113 tern.
1386 1059 1449 1113 sine
1466 1076 1536 1132 pag.
1554 1058 1629 1112 Msn.
1648 1071 1721 1129 522.
1743 1054 1827 1130 Sign.
1846 1056 1869 1111 F
1871 1051 1924 1133 [K.

180 1126 332 1187 lumnam
349 1143 478 1186 novam
495 1127 541 1186 ad
553 1125 648 1186 viam
664 1125 812 1206 regiam,
829 1126 1012 1206 hucusque
1052 1174 1055 1225 9
1092 1163 1129 1217 H⁸
1147 1160 1175 1216 b·
1195 1177 1244 1217 22·

181 1247 405 1328 “Kistentemi
432 1256 468 1309 θῗ
494 1252 572 1326 1783
590 1257 744 1310 Statuam
767 1248 953 1310 d0¹010ffle
970 1248 1011 1310 B·
1052 1230 1054 1359 Ι
1179 1267 1244 1323 VII.
1278 1267 1484 1323 institutiones
1513 1266 1743 1342 philosophicae
1769 1265 1807 1320 ad
1835 1282 1925 1339 prae·

180 1368 226 1429 Μ.
238 1369 281 1429 V.
300 1369 335 1431 in
352 1369 563 1450 repositorio
584 1369 688 1432 huius
705 1370 890 1432 columnae
905 1371 1013 1432 bene·
1052 1390 1054 1447 7
1093 1371 1180 1426 lixam
1208 1390 1344 1426 normam
1373 1373 1569 1427 monasticam
1597 1373 1812 1437 concinnatae,
1845 1386 1924 1425 anno

182 1490 283 1554 dixit.
307 1491 414 1553 Anno
436 1496 514 1554 1805
534 1492 593 1553 diu
609 1502 789 1572 noctuque
810 1491 845 1554 in
865 1511 1013 1554 nosoco-
1052 1492 1054 1553 1
1097 1489 1177 1548 1714
1196 1477 1387 1551 conscriptae
1403 1489 1507 1551 partes
1524 1488 1595 1531 ⁰⁰⁰³·
1613 1476 1687 1530 Pars
1701 1475 1722 1529 Ῑ·
1740 1477 1768 1530 in
1787 1472 1924 1540 ¹⁶⁰⁰s¹¹o

181 1614 250 1675 mio
266 1613 456 1695 Raigradii
474 1633 538 1695 pro
555 1613 726 1676 militibus
747 1623 867 1676 erecto
889 1632 1013 1695 aegro-

181 1735 226 1797 tis
244 1745 279 1797 et
296 1734 514 1797 moribundis
531 1735 658 1797 solatio
675 1735 882 1815 assistebat,
905 1745 1013 1815 atque

180 1876 225 1917 ex
241 1856 333 1918 febri
349 1857 493 1938 putrida
509 1857 544 1919 in
562 1877 707 1920 munere
723 1877 744 1920 a
759 1857 838 1919 Deo
863 1857 930 1919 sibi
952 1858 1013 1919 ad·

1052 1562 1054 1655 1
1093 1598 1164 1654 pars
1185 1581 1222 1635 ll.
1248 1581 1276 1634 in
1305 1593 1352 1650 13,
1376 1598 1448 1655 pars
1472 1580 1524 1635 Ill.
1550 1582 1579 1634 in
1603 1596 1622 1652 4
1648 1577 1835 1635 ternionibus
1861 1580 1925 1634 sine

1092 1685 1169 1758 sign.
1187 1702 1258 1758 pag.
1276 1685 1304 1738 in
1321 1689 1363 1754 4⁰.
1387 1684 1462 1741 Msn.
1479 1682 1551 1755 482.
1574 1682 1660 1758 Sign.
1677 1684 1701 1737 F
1703 1684 1755 1757 JK.
1774 1683 1810 1738 Il.
1827 1701 1854 1738 a.
1873 1680 1924 1753 48.

1179 1788 1259 1844 Vlll.
1285 1788 1414 1862 Physica
1429 1788 1580 1861 generalis
1600 1807 1638 1843 ex
1660 1789 1865 1844 selectissimis
1881 1787 1925 1842 di·

1094 1910 1267 1959 versorum,
1293 1893 1494 1947 recentiorum
1519 1904 1617 1947 tamen
1642 1906 1779 1947 autorum
1803 1892 1925 1966 scriptis

180 1979 322 2060 signato
353 1979 452 2041 hicce
482 1988 636 2042 attracta
666 1979 832 2042 Calendis
859 1978 1013 2042 Ianuarii
1052 1938 1055 2061 1
1094 2010 1240 2069 congesta
1263 2013 1343 2050 amm
1371 2009 1461 2068 1775.
1491 1995 1566 2051 Cod.
1591 2014 1660 2070 pap.
1685 1997 1714 2050 in
1740 2011 1777 2051 22
1796 1995 1925 2071 plagulis

180 2100 362 2181 sequentis
375 2101 529 2163 animum
543 2102 734 2164 exhalavit.
752 2102 905 2182 Propter
917 2102 1013 2163 inun·
1052 2088 1055 2171 1
1093 2102 1158 2156 sine
1174 2118 1243 2176 pag.
1262 2101 1338 2156 Msn.
1356 2098 1428 2172 488.
1445 2098 1529 2173 Sign.
1548 2101 1625 2180 FJK.
1642 2101 1680 2155 11.
1698 2119 1724 2155 a.
1743 2114 1793 2172 54.

180 2222 358 2285 dationem
376 2243 546 2304 aquarum
564 2244 693 2304 corpus
717 2222 1013 2286 defunctietfra,
1052 2248 1055 2343 1
1093 2311 1115 2365 B
1143 2206 1231 2365 MIX.
1250 2206 1421 2262 Conciones
1439 2205 1620 2261 Bohemicae
1637 2223 1694 2279 pro
1711 2204 1796 2260 sestis
1813 2203 1924 2261 domini

179 2356 251 2405 tres
268 2344 547 2407 concomitantes
565 2346 599 2406 in
617 2345 788 2425 curribuS,
806 2346 960 2426 populus
977 2345 1012 2407 in

181 2466 353 2529 naviculis
371 2467 609 2549 Raigradium
626 2468 765 2530 traiecti
783 2478 875 2549 sunt,
892 2468 1012 2548 ibique

181 2590 215 2650 in
245 2590 459 2652 coemeterio
486 2592 532 2652 ad
560 2611 586 2651 s.
612 2610 751 2652 crucem
779 2609 908 2671 corpus
937 2590 1012 2650 eius
1051 2588 1054 2667 1

181 2713 343 2774 exanime
360 2713 509 2774 honesto
525 2712 649 2774 funere
665 2713 848 2774 humatum
864 2711 941 2774 fuit.

267 2853 307 2914 In
324 2853 540 2914 bibliotheca
553 2851 809 2934 Raigradiensi
827 2850 1013 2933 sequentia

181 2977 415 3038 adservantur
432 2995 543 3056 opera
560 2974 800 3055 manuscripta
816 2975 856 3038 P.
874 2972 978 3037 Seitl:

267 3102 289 3157 1.
319 3101 489 3176 Explicatio
521 3101 693 3157 rhetoricae
721 3119 800 3156 anno
833 3098 911 3173 1762
942 3119 1013 3156 con·

183 3209 305 3281 scripta.
334 3203 410 3261 Cod.
435 3223 506 3280 pap.
532 3207 560 3260 in
584 3211 625 3277 4⁰.
654 3207 718 3261 sine
741 3224 812 3281 pag.
840 3206 916 3260 Msn.
941 3203 1013 3278 506.

183 3308 266 3385 Sign.
284 3311 362 3382 1711.
381 3310 418 3365 II.
436 3328 462 3365 a.
485 3324 532 3365 11.

267 3417 305 3471 11.
328 3414 494 3469 Tractatus
520 3413 557 3469 de
581 3417 778 3470 sacramentis
802 3416 830 3469 in
850 3432 964 3488 genere
987 3428 1018 3470 et

183 3522 285 3595 specie
302 3518 429 3575 traditus
445 3538 462 3573 a
480 3521 511 3574 Ρ.
527 3517 672 3575 Gabriele
684 3517 825 3574 Schmied
843 3520 913 3574 Ben.
929 3520 1017 3574 Biev.

182 3643 261 3680 anno
283 3624 362 3696 1769
381 3625 581 3698 conscriptus
599 3623 674 3679 Cod.
686 3641 756 3698 pap.
771 3625 799 3677 in
809 3629 852 3696 4⁰.
866 3625 930 3680 sine
945 3642 1016 3699 pag.

182 3730 258 3786 hisn.
276 3744 349 3801 521.
367 3727 452 3801 Sign.
471 3726 549 3803 Fs‘K.
568 3727 605 3784 ΙΙ.
622 3726 650 3782 b.
670 3743 720 3783 21.

268 3833 319 3888 Ill.
340 3832 560 3905 Prolegomena
577 3832 750 3905 theologiae
767 3832 877 3888 tradita
895 3852 913 3888 a
930 3834 965 3888 R.
983 3835 1014 3890 P.

184 3937 340 4012 Stephano
353 3936 593 3992 Rautenstrauch
604 3939 776 4013 conscripta
785 3956 863 3994 anno
875 3937 1016 4010 1769,—

184 4044 284 4115 agitur
300 4041 338 4096 de
355 4041 430 4097 locis
444 4041 633 4115 theologicis,
651 4039 728 4096 unde
746 4041 908 4116 theologus
925 4061 1016 4117 argu·

185 4160 282 4201 menta
299 4165 353 4201 sua
367 4145 519 4220 depromit
531 4145 568 4201 de
581 4166 605 4201 s.
618 4148 777 4220 scriptura,
793 4146 830 4202 de
843 4147 1015 4216 traditione,

185 4251 220 4305 de
238 4248 385 4325 patribuS,
403 4251 542 4317 ecclesia,
564 4250 708 4318 conciliiS,
733 4270 807 4308 rom.
825 4250 1017 4327 pontificibus

184 4368 213 4409 et
230 4355 267 4410 de
284 4357 411 4411 ratione.
429 4355 503 4411 Cod.
518 4373 588 4430 pap.
607 4374 666 4410 uno
683 4354 756 4411 fasc.
775 4358 802 4412 in
825 4371 856 4413 11
875 4359 1018 4413 ternioni-

187 4458 243 4515 bus
268 4461 332 4515 sine
357 4479 427 4534 pag.
453 4461 481 4515 in
505 4466 548 4531 4⁰.
574 4460 649 4515 hlsn.
675 4474 748 4532 525.
774 4459 858 4534 Sign.
876 4462 899 4516 F
902 4459 953 4539 111.
980 4462 1016 4517 11.

187 4562 216 4618 b.
235 4580 285 4637 25.

273 4669 322 4724 IV.
341 4669 507 4724 Tractatus
525 4668 562 4724 de
579 4669 646 4724 Deo
669 4686 727 4724 uno
749 4684 778 4724 et
800 4671 878 4725 trino
895 4670 932 4725 D.
949 4668 1018 4726 Ste-

186 4776 273 4849 phani
303 4773 567 4835 Rauttenstrauch.
593 4792 709 4829 conser.
727 4791 805 4829 anuo
826 4787 917 4847 1770.
942 4773 1017 4831 Cod.

186 4895 255 4952 pap.
273 4879 302 4932 in
320 4896 379 4932 uno
398 4877 469 4933 fasc.
492 4892 523 4931 11
546 4890 620 4932 tern.
638 4878 666 4931 in
685 4883 728 4949 4⁰.
746 4877 823 4933 Msu.
842 4892 915 4949 524.
932 4875 1017 4952 Sign.

188 4980 265 5052 1411.
284 4981 321 5036 11.
339 4978 368 5036 b.
388 4997 437 5053 24.

273 5086 309 5141 V.
336 5086 500 5141 'l‘ractatus
531 5086 567 5142 de
596 5087 782 5143 conscientia
809 5105 833 5142 r.
858 5087 890 5142 P.
915 5085 1018 5143 lacobi

186 5189 289 5245 Chmel
316 5191 387 5245 Ben.
412 5191 500 5246 Btev.
527 5190 618 5246 theol.
644 5190 722 5266 pros.
747 5190 918 5266 descriptus
941 5209 1019 5247 anno

191 5308 281 5367 1770.
300 5293 376 5350 Cod.
395 5313 464 5370 pap.
484 5296 511 5350 in
529 5313 587 5350 uno
606 5294 678 5351 sasc.
701 5294 719 5351 8
738 5308 813 5351 tern.
839 5297 868 5351 in
889 5301 932 5368 4⁰.
956 5297 1021 5351 sine

136 5481 141 5492 Ι
188 5417 258 5473 pag.
276 5399 353 5454 Msn.
371 5413 443 5471 523.
461 5397 546 5473 Sign.
564 5399 642 5479 1411.
659 5400 697 5456 ΙΙ.
714 5397 744 5456 b.
762 5413 813 5472 23.

1176 2311 1232 2367 .V.
1250 2323 1280 2366 et
1297 2323 1481 2365 sanctorum.
1506 2309 1581 2365 Cod.
1600 2327 1669 2384 pap.
1687 2311 1716 2364 in
1732 2323 1749 2380 3
1769 2308 1842 2365 fasc.
1860 2311 1925 2364 sine

1093 2432 1163 2490 pag.
1181 2417 1210 2470 in
1226 2421 1269 2488 4⁰.
1292 2415 1329 2471 de
1345 2433 1424 2471 anno
1445 2427 1622 2487 1772-97.
1647 2414 1723 2470 Μ511.
1741 2428 1815 2486 550.
1839 2411 1924 2487 Sign.

1093 2517 1171 2594 ij.
1190 2520 1226 2575 11.
1244 2515 1271 2589 β.
1293 2517 1428 2575 16-18.

1180 2626 1216 2680 X.
1242 2623 1413 2680 Conciones
1430 2623 1610 2678 Bohemicae
1633 2641 1689 2697 pro
1711 2621 1850 2677 omnibus
1870 2641 1926 2698 per

1093 2748 1201 2785 annum
1218 2729 1386 2784 dominicis.
1411 2727 1487 2783 Cod.
1502 2744 1572 2802 pap.
1592 2729 1620 2782 111
1640 2742 1667 2783 2.
1682 2726 1755 2783 fasc.
1773 2729 1838 2783 sine
1853 2746 1924 2803 pag.

1094 2837 1122 2890 in
1136 2839 1178 2906 4⁰.
1193 2833 1229 2889 de
1242 2850 1321 2888 anno
1339 2830 1560 2906 1773—1805.
1575 2833 1651 2887 Msn.
1666 2846 1737 2905 549.
1751 2831 1836 2906 Sign.
1847 2831 1924 2909 FJK.

1094 2940 1131 2996 ΙΙ.
1168 2954 1208 2994 .1
1237 2954 1275 2995 ‚1
1306 2981 1312 2994 .

1149 2937 1233 3100 β1114.
1252 2953 1488 3100 Eiihortationes
1505 3061 1560 3119 pro
1573 3042 1731 3099 dominicis
1747 3062 1802 3118 per
1818 3062 1925 3099 annum

1094 3151 1285 3215 Bohemicae,
1303 3167 1381 3203 anno
1403 3147 1613 3221 1775-1804
1631 3149 1832 3223 conscriptae.
1849 3146 1925 3204 Cod.

1096 3272 1165 3330 pap.
1184 3255 1213 3309 111
1230 3272 1288 3308 11110
1301 3253 1374 3308 fasc.
1392 3255 1456 3307 sine
1473 3271 1543 3327 pag.
1558 3254 1587 3307 in
1599 3258 1641 3324 4⁰.
1659 3253 1735 3308 Msn.
1750 3266 1822 3324 551.
1840 3251 1924 3326 Sign.

1096 3360 1120 3415 F
1122 3360 1174 3435 sK.
1191 3359 1229 3413 ll.
1247 3357 1273 3430 β.
1296 3373 1341 3431 19.

1186 3464 1252 3519 XII.
1285 3463 1456 3519 Conciones
1484 3463 1664 3519 Bohemicae
1696 3463 1810 3518 tenoris
1840 3462 1926 3526 varii,

1099 3588 1177 3625 anno
1206 3567 1414 3642 1778-1802
1442 3579 1616 3641 congestae.
1641 3565 1717 3622 Cod.
1736 3584 1805 3642 pap.
1831 3567 1859 3621 iu
1884 3571 1926 3638 4⁰.

1098 3677 1163 3730 sine
1179 3693 1248 3749 pag.
1266 3675 1295 3729 in
1312 3691 1370 3728 uno
1388 3671 1462 3728 fasc.
1485 3672 1561 3727 hisn.
1586 3685 1658 3743 552.
1683 3670 1768 3745 Sign.
1790 3667 1868 3748 ij.
1890 3672 1927 3728 11.

1097 3776 1123 3850 ,²1.
1143 3793 1193 3835 20.

1184 3926 1293 3999 Seitz
1309 3937 1489 3999 Michael
1507 3935 1850 4016 (Admontensis),
1868 3934 1929 3994 ho-

1097 4054 1208 4116 nestis
1235 4055 1359 4118 Leobii
1387 4056 1595 4136 parentibus
1626 4065 1730 4117 natus
1764 4073 1813 4132 27.
1841 4051 1928 4114 Maii

1102 4183 1192 4258 1713,
1203 4179 1403 4240 Admontes
1413 4178 1486 4239 voti
1497 4197 1642 4257 compos
1651 4177 1767 4239 factus
1781 4198 1827 4253 14.
1838 4175 1927 4237 Nov.

1103 4318 1193 4380 1731,
1216 4300 1365 4380 primum
1386 4299 1516 4360 missae
1537 4297 1746 4360 sacrificium
1764 4302 1814 4359 31.
1832 4297 1927 4378 Aug.

1102 4425 1181 4499 1738
1199 4420 1403 4481 celebravit.
1429 4419 1488 4481 Ad
1509 4419 1608 4481 varia
1629 4419 1832 4481 successive
1853 4417 1929 4481 offi-

1098 4542 1153 4604 cia
1170 4541 1265 4603 domi
1281 4551 1317 4602 et
1333 4540 1418 4601 foris
1432 4541 1641 4623 destinatus
1655 4541 1815 4604 alumnos
1827 4562 1929 4624 gym-

1099 4663 1188 4725 nasii
1205 4663 1383 4743 instruxit,
1399 4663 1479 4725 dein
1492 4681 1636 4724 munere
1649 4663 1831 4726 secretarii
1849 4668 1925 4742 1751

1098 4790 1237 4866 -1754,
1254 4784 1428 4866 praefecti
1445 4785 1480 4847 in
1497 4783 1620 4847 Gstatt
1641 4790 1819 4868 1754—56,
1842 4795 1878 4877 et
1895 4786 1930 4849 in

1098 4906 1380 4969 Mainhartsdorf
1397 4911 1563 4985 1763-05
1585 4908 1812 4971 laudabiliter
1832 4907 1930 4970 func-

1100 5037 1157 5090 tus
1174 5038 1237 5091 est.
1262 5029 1327 5091 Vir
1343 5029 1377 5090 in
1392 5029 1553 5091 omnibus
1566 5050 1650 5093 vere
1663 5031 1929 5111 Benedictinus,

1100 5150 1189 5232 prof.
1207 5151 1380 5213 iubilaeus
1397 5159 1432 5213 et
1448 5170 1513 5231 per
1533 5152 1657 5214 decem
1679 5173 1791 5216 annos
1813 5154 1931 5217 oculo·
2047 5230 2050 5236 Ι

1100 5294 1176 5336 rum
1199 5274 1277 5335 luce
1299 5274 1459 5354 privatus
1484 5275 1573 5337 obiit
1596 5275 1789 5356 apoplexia
1812 5285 1931 5339 tactus

1104 5418 1154 5460 21.
1173 5394 1251 5460 Oct.
1274 5400 1363 5474 1784.
