4178 6196
942 480 982 490 -
1028 443 1144 506 LVIIl
1190 479 1230 489 -

219 670 459 733 Cranadensis
483 689 504 731 a
527 691 554 734 5.
580 669 741 733 Gerardo
770 669 952 751 conditae,
986 670 1021 732 in
1053 689 1159 751 quarn
1191 689 1261 731 non
1292 670 1406 732 solum
1435 669 1642 752 indigenae,
1674 673 1737 735 sed
1769 673 1876 734 etiarn
1910 692 1956 735 ex

220 809 423 890 Germania,
448 809 630 889 Bohemia,
655 808 814 890 Polonia,
840 807 958 872 Gallia
981 810 1230 871 adolescentes
1253 808 1449 873 litterarum
1474 809 1594 891 cupidi
1618 808 1875 873 confluxerunt.
1915 813 1956 875 In

221 948 276 1010 his
300 947 440 1028 scholiS,
465 958 504 1009 ut
519 949 641 1010 variae
657 957 759 1011 erant
782 948 992 1010 discentium
1010 947 1240 1027 conditiones,
1263 947 1314 1009 ita
1331 947 1451 1009 variae
1467 967 1525 1010 res
1541 949 1772 1012 docebantur.
1804 950 1956 1014 Praeter

220 1087 373 1169 legendi,
391 1087 580 1176 scribendi,
597 1089 764 1150 cantandi
781 1098 887 1167 artes,
904 1088 1138 1170 grammatica
1155 1098 1190 1150 et
1207 1087 1393 1150 dialectica
1410 1088 1646 1160 docebantur;
1672 1089 1730 1171 qui
1748 1092 1956 1155 sacerdotes

221 1237 322 1289 erant
352 1226 479 1307 futuri,
514 1226 727 1308 theologicis
757 1226 885 1289 litteris
917 1227 1117 1307 complures
1147 1246 1259 1288 annos
1287 1246 1326 1288 se
1357 1228 1509 1303 dabant,
1542 1227 1602 1308 qui
1632 1229 1679 1290 ad
1709 1230 1759 1291 rei
1789 1230 1956 1310 publicae

218 1385 365 1428 munera
389 1379 490 1429 erant
513 1365 701 1444 accessuri,
727 1364 811 1426 iuris
835 1366 1013 1446 quandam
1036 1363 1220 1427 scientiam
1232 1364 1486 1445 'acquirebant

351 1508 503 1570 Saeculo
528 1506 630 1569 XIII.
655 1516 798 1588 praeter
821 1524 888 1586 res,
913 1524 1001 1586 quas
1025 1518 1133 1585 supra
1156 1504 1439 1581 memoravimus,
1463 1505 1649 1587 rhetorica,
1673 1506 1727 1569 ius
1745 1508 1954 1571 canonicum

222 1654 259 1708 et
281 1646 524 1728 Hungaricum
549 1647 773 1715 tradebatur;
798 1644 833 1706 in
857 1645 979 1706 schola
1002 1643 1247 1724 Vesprimensi
1270 1644 1425 1707 maxime
1449 1644 1661 1725 eloquentia,
1691 1648 1954 1727 mathematica,

219 1785 450 1865 astronomia,
483 1785 619 1866 poesiS,
651 1784 877 1866 philosophia
908 1781 1056 1844 historia
1072 1784 1104 1863 Ι).
1152 1782 1303 1845 Scholae
1331 1783 1577 1865 Hungaricae,
1609 1805 1821 1866 quamquam
1854 1786 1955 1848 Mon·

219 1924 381 2006 golorum
413 1923 721 1985 devastationibus
751 1921 1043 2003 temporibusque
1076 1921 1303 2002 turbulentis,
1337 1942 1428 2002 quae
1461 1934 1584 1986 secuta
1615 1934 1697 1986 sunt
1726 1926 1953 2006 Arpadarum

219 2063 331 2145 stirpe
355 2063 543 2142 exstincta,
568 2082 703 2124 summa
726 2072 941 2143 acceperant
970 2060 1197 2140 detrimenta,
1229 2070 1347 2123 tamen
1377 2072 1582 2124 manserunt
1614 2082 1726 2145 usque
1757 2066 1803 2126 ad
1829 2064 1954 2128 Osma-

220 2221 344 2265 norum
369 2201 644 2265 dominationem
669 2211 750 2283 post
772 2201 951 2264 funestam
975 2219 1132 2282 pugnam
1156 2202 1251 2281 apud
1276 2200 1423 2263 Mohacs
1449 2205 1556 2283 (1520)
1582 2212 1756 2282 coeptam.

1000 2634 1106 2698 CAP.
1130 2636 1174 2697 ΙΙ.

350 2897 438 2960 Cum
462 2907 657 2980 praecepta
678 2897 881 2960 Lutherana
898 2896 1212 2958 Benedictinorum
1236 2897 1451 2959 monasteria
1474 2898 1509 2959 in
1527 2898 1665 2979 Alpicis
1689 2899 1791 2961 terris
1815 2899 1952 2980 imperii

219 3039 400 3102 Austriaci
425 3036 648 3117 invasissent,
674 3038 826 3118 scholae,
852 3056 943 3118 quae
967 3038 1110 3099 saeculo
1135 3036 1217 3099 XV.
1241 3035 1443 3116 floruerant,
1468 3036 1686 3100 interierunt.
1721 3037 1827 3099 Pueri
1854 3039 1953 3099 nobi-

219 3177 303 3240 lium
327 3178 526 3259 civiumque
547 3178 667 3260 paullo
684 3176 963 3256 locupletiorum,
987 3188 1178 3256 postquam
1200 3175 1236 3237 in
1252 3174 1439 3257 gymnasio
1455 3174 1707 3237 Loosdorfensi
1723 3186 1760 3237 et
1776 3175 1953 3237 Hornensi

219 3318 254 3380 in
278 3317 424 3379 Austria
447 3314 621 3395 inferiore,
646 3313 797 3378 Stirensi
820 3326 856 3376 et
879 3313 1044 3377 Lincensi
1072 3315 1108 3376 in
1132 3313 1279 3376 Austria
1303 3314 1494 3394 superiore,
1527 3311 1733 3376 Graeciensi
1768 3314 1803 3375 in
1833 3312 1952 3394 Stiria,

219 3454 505 3537 Clagenfurtensi
529 3454 565 3515 in
589 3454 769 3516 Carinthia
792 3454 919 3516 litteris
942 3453 1153 3515 necessariis
1177 3453 1302 3515 imbuti
1324 3464 1434 3533 erant,
1458 3453 1493 3514 in
1510 3453 1779 3515 universitatem
1796 3453 1953 3515 Witten-

218 3596 431 3677 bergensem
455 3594 696 3657 mittebantur.
736 3593 941 3656 Catholicae
965 3593 1108 3654 scholae
1132 3592 1239 3654 etiam
1263 3604 1336 3654 tum
1361 3593 1553 3654 manebant
1577 3591 1776 3674 Lunaelaci,
1800 3614 1826 3656 s.
1851 3593 1953 3655 Lam-

217 3735 310 3797 berti
326 3735 360 3796 in
378 3733 496 3814 Stiria,
513 3735 558 3795 ad
576 3731 705 3796 Scotos
721 3732 1034 3803 Vindobonenses;
1059 3751 1178 3793 earum
1195 3752 1361 3794 numerus
1384 3743 1510 3794 auctus
1534 3740 1590 3793 est
1613 3752 1705 3794 anno
1728 3738 1808 3810 1549
1832 3734 1952 3795 schola

219 3872 346 3936 Latina
372 3871 612 3951 („lateinische
636 3871 813 3952 Schuell“)
845 3873 891 3932 ab
919 3873 1051 3933 abbate
1076 3870 1251 3953 Gregorio
1282 3871 1315 3932 in
1347 3871 1563 3933 monasterio
1588 3870 1842 3934 Cremifanensi
1872 3892 1953 3934 con·

219 4012 356 4093 stituta,
386 4012 581 4092 exquibus
605 4011 806 4093 primordiis
829 4009 983 4072 effloruit
1006 4011 1231 4093 gymnasium
1255 4012 1321 4073 hac
1345 4009 1451 4072 etiam
1483 4020 1602 4072 aetate
1635 4012 1902 4074 celeberrimum
1917 4015 1952 4090 ²).

218 4151 404 4214 Restituta
429 4171 508 4213 cum
532 4150 627 4212 civili
651 4160 725 4213 tum
749 4151 994 4213 ecclesiastica
1017 4151 1230 4213 auctoritate
1254 4150 1465 4233 interposita
1489 4150 1523 4211 in
1548 4151 1770 4213 monasteriis
1795 4171 1851 4230 ea,
1884 4172 1955 4233 qua

220 4291 364 4352 condita
395 4301 512 4368 erant,
546 4290 748 4353 conditione
781 4302 888 4371 atque
920 4289 1063 4352 Lutheri
1096 4290 1273 4352 erroribus
1304 4290 1459 4352 extrusis
1489 4310 1515 4352 s
1546 4290 1732 4352 Benedicti
1765 4291 1954 4372 disciplina

219 4440 391 4491 renovata
415 4429 545 4509 ubique
570 4429 712 4491 scholae
737 4429 999 4509 aperiebantur,
1024 4448 1089 4490 nec
1114 4428 1202 4490 levis
1227 4439 1303 4490 erat
1326 4427 1421 4490 fama
1446 4430 1588 4491 scholae
1605 4429 1833 4508 Mellicensis,
1851 4427 1954 4492 Gott-

220 4568 384 4648 vicensiS,
409 4565 740 4648 SeitenstadiensiS,
766 4568 1029 4631 Lambacensis.
1068 4568 1128 4630 Ad
1152 4568 1280 4630 Scotos
1296 4568 1595 4629 Vindobonenses
1619 4579 1654 4630 et
1680 4568 1714 4629 in
1738 4569 1953 4631 monasterio

220 4705 406 4770 Garstensi
437 4707 621 4769 convictus
653 4726 842 4789 puerorum
865 4706 1034 4769 nobilium
1059 4708 1320 4785 condebantur,
1352 4725 1482 4788 magno
1511 4708 1780 4770 adventantium
1809 4728 1954 4770 nurnero

219 4844 483 4926 frequentatis).
530 4846 646 4908 Etiam
669 4847 704 4909 in
727 4846 941 4909 monasterio
960 4845 1194 4908 Admontensi
1218 4866 1311 4907 anno
1333 4851 1411 4924 1645
1439 4847 1555 4909 denuo
1580 4849 1700 4910 schola
1725 4848 1954 4929 aperiebatur

351 5179 371 5258 ¹)
396 5182 552 5256 Ramsezy.
578 5183 753 5257 Programm
778 5182 831 5238 des
856 5180 1371 5254 Benedictiner·0bcrgymnasiums
1395 5201 1430 5235 zu
1455 5180 1640 5256 Oedenburg
1669 5182 1816 5256 1854155.

351 5292 373 5370 2)
398 5294 486 5367 Hagn
511 5294 528 5350 l.
554 5315 580 5350 c.

347 5409 370 5485 ³)
395 5408 507 5471 Friess,
532 5407 673 5463 Garsten.
