4178 6196
954 434 1197 498 -xc-

809 666 841 720 In
866 666 981 740 figuren
1004 665 1058 721 das
1080 664 1285 734 beczaichent,

807 777 846 834 do
869 797 960 853 ysaac
983 779 1038 834 das
1061 778 1150 855 opser
1173 778 1297 843 raichet‚

807 890 969 947 osterlamb
993 891 1048 947 das
1071 891 1147 948 auch
1171 889 1404 958 beschwaichet‚

808 1005 1007 1080 hymmelprot
1032 1019 1107 1060 wart
1130 1011 1235 1060 vatem
1259 1005 1363 1060 kunt.*'

339 1192 438 1274 Quae
462 1194 508 1255 ad
532 1194 663 1255 cultum
687 1192 728 1253 B.
744 1191 792 1253 M.
808 1191 852 1253 V.
876 1192 1155 1272 promovendum
1179 1200 1344 1272 spectant
1367 1191 1533 1270 carmina,
1562 1192 1690 1272 partim
1714 1213 1760 1254 ex
1784 1193 1940 1274 antiquis

209 1334 391 1413 translata,
414 1332 542 1414 partim
567 1333 611 1393 ab
636 1330 722 1412 ipsis
746 1330 978 1411 scriptoribus
1002 1329 1198 1410 composita
1222 1349 1393 1391 summam
1417 1342 1453 1391 et
1476 1329 1771 1411 impensissimam
1789 1352 1939 1394 venera-

209 1473 340 1535 tionem
364 1471 522 1533 tribuunt
545 1470 797 1532 Immaculatae
821 1467 889 1529 Dei
911 1466 1076 1549 genitrici
1104 1467 1327 1549 maximeque
1358 1469 1549 1530 ostendunt
1576 1471 1826 1532 monachorum
1855 1472 1941 1552 poi}-

269 1559 282 1588 0

209 1624 324 1674 tarum
358 1610 548 1692 ingenium.
599 1609 809 1689 Exemplum
849 1607 893 1669 sit
927 1607 1042 1689 prima
1075 1608 1222 1688 stropha
1256 1607 1439 1669 carminis:
1481 1609 1575 1687 „Das
1611 1609 1690 1670 Are
1726 1609 1840 1671 Maria
1875 1611 1940 1672 des

210 1751 388 1813 munich‘·':

807 1863 920 1934 „illaria
943 1865 990 1938 pis
1014 1876 1204 1936 gegruezzet‚

804 1976 872 2031 dein
895 1989 994 2031 zarter
1016 1976 1237 2051 bochgelopter
1260 1995 1327 2031 nam

803 2107 860 2143 tor
882 2087 960 2143 allen
983 2087 1093 2161 dingen
1118 2095 1218 2143 sdzzet

804 2199 842 2255 du
866 2200 952 2274 solge
976 2200 1155 2275 lrymelport.

804 2314 879 2369 Wer
903 2314 1003 2369 mdcht
1027 2313 1094 2368 dein
1119 2313 1170 2369 lob
1194 2312 1424 2386 durchgrdnden

804 2426 887 2481 seind
911 2441 965 2500 got
989 2444 1047 2480 von
1071 2425 1169 2500 hymel
1194 2445 1229 2480 zu
1252 2425 1302 2480 dir
1321 2444 1410 2499 quam

807 2537 865 2593 und
889 2557 945 2593 uns
968 2538 1062 2593 erlost
1085 2557 1145 2593 ton
1168 2538 1282 2593 sdnden

803 2651 896 2706 durch
920 2650 988 2706 dich
1012 2650 1070 2705 viel
1094 2651 1177 2706 erller
1200 2651 1278 2706 hort.

802 2765 850 2819 Du
874 2765 921 2838 pis
944 2763 998 2819 der
1021 2782 1089 2836 weg
1113 2782 1172 2818 von
1195 2776 1249 2836 got
1272 2782 1307 2817 zu
1332 2781 1386 2818 uns

802 2875 860 2931 urul
885 2895 944 2931 ron
970 2896 1023 2930 uns
1048 2876 1106 2949 hyn
1131 2896 1166 2930 zu
1190 2891 1254 2949 got.

800 2989 901 3044 llurch
926 2988 962 3043 all
987 2989 1025 3063 dy
1050 2988 1109 3044 lieb
1135 2990 1219 3045 deins
1244 3004 1361 3045 trauten
1386 3007 1458 3043 suns

800 3101 860 3167 hilf,
885 3102 939 3156 daz
964 3104 1017 3157 wir
1042 3103 1079 3177 hy
1104 3102 1157 3158 aul
1177 3102 1269 3158 erden

799 3233 858 3269 von
882 3234 930 3288 ym
954 3229 1136 3289 gegruezzet
1162 3216 1282 3271 werden

801 3327 855 3382 ‹les
879 3330 926 3403 pis
951 3329 1046 3383 llaria
1070 3334 1151 3403 pot.“'

338 3536 558 3618 Disciplinae
581 3539 805 3621 theologicae
830 3541 981 3603 conditis
1005 3540 1196 3602 academiis
1219 3540 1394 3622 Pragensi
1419 3548 1455 3602 et
1476 3539 1746 3602 Vindobonensi
1763 3541 1783 3619 ¹)
1814 3538 1940 3600 iterum

208 3674 483 3739 efflorescebant
506 3697 621 3758 neque
645 3698 666 3739 a
689 3678 923 3759 monasteriis,
941 3699 1033 3760 quae
1050 3699 1133 3741 mox
1157 3679 1321 3740 cumillis
1338 3678 1531 3741 academiis
1548 3678 1755 3740 societatem
1779 3676 1939 3758 inierant,

209 3826 310 3878 erant
334 3815 480 3877 alienae.
526 3815 718 3879 Plurimum
742 3837 827 3879 vero
851 3838 925 3879 rem
950 3818 1143 3879 adiuvabat
1168 3827 1327 3880 correcta
1352 3816 1547 3900 disciplina,
1573 3838 1643 3898 qua
1667 3818 1790 3878 eadem
1817 3816 1940 3897 primis

210 3956 341 4017 saeculi
364 3955 447 4017 XV.
473 3955 653 4018 decenniis
681 3956 846 4018 alacritas
870 3957 1042 4038 vigorque
1070 3968 1239 4018 revocata
1268 3968 1350 4018 sunt
1378 3959 1423 4019 ad
1452 3956 1607 4018 studium
1630 3956 1826 4017 litterarum
1849 3966 1940 4017 trac-

208 4097 365 4158 tandum.
407 4095 503 4157 inter
526 4095 682 4157 eruditos
705 4094 893 4185 theologos
916 4106 952 4158 et
975 4095 1166 4175 scriptores
1182 4096 1204 4176 2)
1228 4096 1331 4158 huius
1355 4095 1485 4157 aetatis
1509 4095 1640 4157 eminet
1656 4095 1822 4156 Nicolaus
1845 4096 1939 4175 (¹418

208 4236 349 4315 -1425l
378 4236 491 4297 abbas
518 4233 743 4315 Mellicensis,
777 4234 835 4314 qui
867 4235 1117 4297 monasterium
1149 4255 1251 4297 suum
1283 4245 1318 4298 et
1350 4236 1551 4316 exemplum
1583 4245 1702 4319 rectae
1731 4234 1940 4315 disciplinae

210 4384 247 4436 et
269 4373 487 4436 academiam
511 4373 722 4454 optimorum
746 4374 993 4455 magistrorum
1017 4375 1181 4439 reddidit.
1228 4375 1262 4436 Is
1290 4376 1408 4437 multis
1438 4375 1600 4456 partibus
1634 4374 1840 4436 coniunctus
1865 4386 1941 4435 erat

210 4533 289 4575 cum
313 4512 497 4575 academia
519 4512 789 4574 Vindobonensi
812 4524 847 4574 et
871 4512 956 4574 viris
981 4514 1204 4595 doctissimis
1230 4525 1267 4576 ut
1291 4514 1484 4576 clarissimo
1509 4512 1686 4594 Gersone‚
1720 4511 1779 4594 qui
1804 4524 1839 4574 et
1862 4512 1940 4593 ipse

210 4705 459 4714 ——--
470 4705 523 4715 ...-

342 4828 362 4909 ι)
385 4829 548 4886 Academia
571 4831 732 4904 Pragensis
761 4829 839 4902 1348
864 4849 881 4884 a
898 4831 1009 4886 Carolo
1026 4831 1075 4888 IV.
1102 4833 1293 4906 imperatore,
1311 4830 1553 4889 vindobonensis
1576 4829 1653 4902 1365
1673 4849 1690 4884 a
1707 4829 1868 4904 Rudolpho
1886 4830 1937 4886 IV.

212 4945 288 5000 (luce
321 4944 442 5001 condita
473 4958 536 5013 est,
568 4962 646 5019 quac
680 4943 760 5015 1384
787 4961 805 4998 a
834 4941 927 4999 fratre
959 4943 1164 5001 eiusAlberto
1196 4946 1247 5001 lIl.
1273 4947 1454 5002 auctoritate
1484 4946 1585 5020 Papae
1617 4957 1705 4999 aucta
1735 4956 1781 4999 est
1812 4942 1941 5016 collegio

212 5058 397 5132 theologico.

343 5167 366 5248 ²)
389 5171 582 5227 Nominamus
605 5171 770 5245 scriptores
793 5166 937 5244 operibus
962 5170 1157 5226 clarissimos.
1189 5172 1388 5246 Ziegelbauer
1413 5171 1430 5226 l.
1448 5190 1474 5226 c.
1500 5171 1551 5226 III.
1576 5183 1698 5226 secutus
1722 5171 1780 5225 Pez
1797 5183 1827 5225 et
1843 5167 1943 5243 Krops

212 5283 321 5340 multos
345 5283 421 5339 alios
445 5297 599 5350 memorat,
624 5301 750 5357 quorum
774 5284 889 5358 scripta
913 5285 998 5358 parvi
1022 5284 1110 5358 pretii
1134 5297 1211 5339 sunt.
1259 5286 1292 5339 In
1323 5285 1430 5340 litteris
1461 5284 1640 5358 theologicis
1667 5285 1823 5358 posuimus
1851 5285 1940 5338 etiam

211 5399 327 5473 scripta
349 5398 481 5453 ascetica
504 5409 535 5452 et
558 5396 784 5452 dissertationes
808 5394 845 5450 de
869 5414 892 5450 s.
918 5394 1032 5469 regula.
