4178 6196
872 468 1155 539 -105-

231 666 326 720 Porro
349 676 474 737 rogatus
491 680 509 716 3
525 661 676 717 directore
699 658 789 715 studii
811 658 975 732 theologici

145 768 385 843 Clagenfurtensi
410 784 488 821 anno
517 764 594 837 1835
622 765 744 839 scripsit
773 761 912 818 iudicium
939 760 976 816 de

146 877 260 930 ratione
277 871 367 929 studii
383 870 547 943 theologici
570 882 639 924 tunc
661 870 690 924 in
706 867 829 923 Austria
844 869 976 941 vigente,

146 991 319 1035 accuratum
343 990 373 1033 et
396 974 521 1039 subtile,
549 973 587 1029 ad
615 992 787 1049 supremum
812 971 978 1028 studiorum

147 1096 281 1139 senatum
298 1079 564 1139 Vindobonensem
586 1079 803 1146 transmissum,
827 1076 909 1151 quod
930 1076 978 1131 diu

148 1202 217 1263 post
233 1190 327 1262 ipsius
344 1185 457 1242 obitum
474 1187 554 1260 typis
571 1202 748 1260 expressum
769 1196 816 1239 est
837 1183 865 1237 in
887 1181 980 1257 ephe·

148 1291 259 1347 meride
272 1290 462 1364 Augustana:
479 1288 590 1360 ,Sion“
605 1288 759 1362 inscripta,
775 1298 805 1341 et
818 1285 937 1361 quidem
951 1287 980 1340 in

149 1410 277 1471 utroque
289 1396 442 1452 volumine
458 1395 569 1450 mensis
583 1390 728 1449 Octobris
745 1390 824 1463 1856
841 1389 897 1447 sub
911 1393 980 1446 titu-

151 1503 191 1558 lo:
210 1499 311 1558 Ucber
327 1500 384 1557 den
400 1501 650 1574 gegenwartigen
667 1496 896 1570 theologischen
910 1494 980 1551 Stu-

150 1606 288 1681 dienplan
309 1608 338 1661 in
355 1604 561 1662 Oesterreich.
585 1604 653 1660 Von
675 1605 770 1658 einem
793 1600 981 1687 ehemaligen

939 1683 960 1711 *J

152 1711 311 1767 Professor
327 1710 380 1765 der
397 1709 580 1782 Theologie.

238 1893 405 1968 Frbllch
444 1905 720 1968 Colomannus
757 1904 982 1987 (Mellicen

153 2024 241 2105 sis),
268 2024 479 2086 Austriacus
508 2022 767 2105 Gemnicensis,
795 2031 900 2085 natus
926 2021 982 2084 die

153 2152 181 2208 3.
205 2146 296 2207 Iunii
324 2167 417 2225 17oo;
442 2147 564 2209 3131.
590 2152 668 2225 1723
693 2156 778 2208 vota
801 2145 984 2209 sollemnia

156 2269 270 2330 emisit
287 2279 322 2331 et
339 2269 395 2330 die
413 2290 462 2331 21.
479 2268 583 2330 Mart.
606 2290 686 2348 1729
704 2269 903 2332 sacerdotio
920 2268 984 2330 ini-

155 2392 263 2453 tiatus
295 2401 360 2454 est.
395 2391 495 2453 Artis
527 2394 709 2454 commode
740 2392 918 2454 scribendi
949 2401 985 2453 et

155 2514 306 2575 musices
322 2534 454 2596 gnarus
476 2523 557 2595 post
578 2515 835 2577 ordinationem
856 2534 985 2597 regens

156 2638 251 2699 chori
269 2648 305 2699 et
321 2637 437 2698 scriba
453 2637 608 2719 granarii
625 2638 661 2700 in
677 2637 891 2700 monasterio
908 2635 984 2718 fuit,

156 2759 256 2821 annis
294 2765 477 2838 1739—44
509 2761 686 2840 parochus
720 2759 756 2821 in
789 2758 985 2822 Gainfahrn

157 2881 303 2962 exstitit,
321 2882 414 2943 unde
430 2880 587 2943 infirmus
607 2881 643 2943 in
664 2882 915 2944 monasterium
931 2903 985 2944 re-

157 3004 229 3066 diit.
259 3025 338 3083 1747
357 3003 423 3066 suit
438 3004 591 3066 vicarius
608 3004 643 3066 in
659 3003 883 3086 Immendorf,
905 3009 984 3084 1784

156 3128 190 3188 in
206 3117 287 3188 aula
299 3126 493 3188 Viennensi
510 3127 719 3208 registrator
735 3136 770 3189 et
784 3128 841 3189 die
855 3150 883 3207 9.
896 3129 985 3190 Nov.

162 3249 293 3328 1711311
316 3249 530 3311 monasterio
552 3268 753 3330 supremam
775 3250 862 3312 obiit
883 3250 985 3312 diem.

247 3398 411 3481 Scripsit:

243 3552 397 3609 Goldenes
411 3552 553 3607 Biichlein
566 3553 633 3607 Von
646 3551 699 3607 der
712 3552 917 3626 Betrachtung
929 3552 988 3608 und

158 3656 287 3724 Gebeth‚
305 3657 448 3714 Welches
465 3656 518 3711 der
532 3656 661 3729 Heilige‚
675 3657 895 3724 Erleuchteste‚
910 3657 987 3712 Ehr-

158 3763 291 3835 u'iirdige
308 3764 339 3818 P.
357 3763 407 3817 Fr.
425 3763 531 3816 Petrus
548 3781 577 3816 v,
594 3761 757 3818 Alcantara
773 3781 827 3817 aus
843 3761 909 3817 dem
928 3764 986 3817 Or·

157 3867 213 3922 <len
230 3867 282 3922 des
299 3868 336 3922 H.
354 3868 534 3922 Franciscus
550 3865 604 3922 der
619 3867 756 3922 Mindern
773 3867 917 3933 Briidern‚
934 3867 987 3923 der

157 3986 333 4044 strengeren
343 3969 529 4037 0113111313,
544 3974 572 4027 11
586 3969 770 4046 Spanischer
783 3971 920 4047 Sprache
933 3990 986 4046 ge-

157 4074 329 4132 schrieben:
350 4076 510 4132 Nnchmals
527 4077 577 4131 Fr.
595 4075 744 4132 Antonius
761 4095 820 4132 von
837 4077 986 4142 Dulcken‚

157 4182 340 4237 Carthaiuscr
359 4202 394 4237 zu
417 4182 492 4237 Coln
514 4184 558 4237 ins
579 4181 687 4237 Latein
707 4180 889 4249 iibersetzet,
915 4184 986 4237 wie·

158 4286 259 4342 derum
287 4287 367 4341 ihrer
394 4286 672 4343 Vornehmlichkeit
699 4305 806 4360 wegen
833 4289 870 4341 im
898 4287 988 4362 Jahre

162 4405 238 4463 1747
264 4394 330 4447 eine
352 4391 577 4464 Hochwiirdige
594 4391 755 4447 Weltliche
776 4392 988 4449 Geistlichkeit

158 4516 191 4551 zu
212 4496 336 4571 Tyrnau
359 4498 387 4551 in
408 4496 514 4551 Druck
538 4495 693 4570 gegeben:
719 4497 890 4553 Nunmehro
915 4497 988 4554 aber

158 4600 327 4656 Besonders
348 4618 387 4655 'zu
411 4603 526 4656 Nutzen
551 4601 605 4657 der
628 4600 786 4675 Anfainger
809 4602 862 4658 des
887 4603 989 4660 Geist·

159 4705 253 4761 lichen
265 4703 387 4760 Lebens
405 4707 437 4760 ln
451 4706 621 4761 Deutscher
630 4705 766 4781 Sprache
779 4707 927 4765 verfasset
939 4709 1004 4764 hat.

159 4810 188 4864 P.
207 4810 411 4865 Colomannus
427 4810 579 4875 Frohlich,
596 4829 651 4866 3113
668 4810 734 4866 dem
752 4811 856 4867 Orden
876 4813 928 4868 des
950 4815 987 4868 H.

158 4915 320 4971 Erzvaters
338 4917 517 4971 Benedictus
535 4917 562 4970 in
579 4915 643 4970 dem
659 4915 762 4990 freyen
775 4915 863 4973 Stifte
876 4919 987 4975 Molck.

159 5017 186 5095 (i.
201 5040 227 5076 e.
246 5020 381 5077 Libellus
397 5040 506 5076 aureus
523 5019 559 5076 de
576 5033 641 5075 arte
654 5020 759 5076 orandi
776 5034 805 5077 et
818 5022 988 5091 meditandi,

160 5144 219 5183 sec.
238 5146 261 5181 s.
275 5127 396 5182 Patrum
413 5126 450 5182 de
462 5125 628 5181 Alcantara
641 5125 827 5200 aliorumque
841 5127 988 5184 editiones

160 5232 339 5287 Germanica
364 5231 421 5287 fide
443 5231 571 5287 reddidit
596 5231 737 5287 Frohlich
762 5229 889 5310 Colom.)
915 5234 988 5289 Cum

1143 644 1282 718 Fuchs
1312 655 1472 717 Beatus
1501 653 1754 736 (Murensis),
1783 664 1887 716 natus

1057 775 1237 837 Einsidlae
1265 774 1300 835 in
1323 772 1490 834 Helvetia
1518 772 1575 834 die
1606 793 1653 834 12.
1676 771 1771 854 Aug.
1796 791 1887 854 1777,

1056 899 1135 960 Deo
1149 916 1187 959 se
1197 896 1329 959 dicavit
1341 895 1569 957 sollemnibus
1578 895 1671 958 votis
1684 895 1741 956 die
1752 916 1802 975 19.
1813 896 1888 959 Iun.

1064 1039 1143 1099 1794
1171 1028 1207 1081 et
1234 1020 1280 1080 ad
1304 1017 1541 1080 sacerdotium
1569 1027 1715 1080 evectus
1747 1028 1802 1080 est
1829 1019 1886 1081 die

1064 1163 1110 1221 19.
1134 1139 1233 1222 Sept.
1260 1144 1349 1202 1801.
1374 1138 1490 1201 Homo
1510 1138 1577 1202 fuit
1598 1160 1749 1222 magnae
1775 1140 1890 1202 erudi-

1060 1264 1166 1326 tionis
1182 1272 1217 1325 et
1229 1262 1384 1345 pietatiS,
1401 1262 1461 1344 qui
1473 1263 1731 1345 philosophiam
1744 1273 1780 1326 et
1792 1265 1890 1327 theo-

1059 1387 1191 1469 logiam
1207 1386 1336 1467 docuit,
1354 1385 1480 1448 studiis
1496 1386 1660 1468 praefuit,
1682 1386 1803 1449 abbati
1820 1406 1891 1468 qua

1060 1507 1272 1572 secretarius
1288 1507 1436 1588 adstitit,
1448 1507 1554 1569 etiam
1571 1507 1812 1570 oeconomiam
1827 1527 1892 1589 gu·

1060 1631 1233 1711 bernavit,
1258 1639 1297 1692 ut
1321 1629 1481 1710 superior
1504 1629 1691 1710 collegium
1713 1627 1892 1693 Sarnense

1061 1753 1162 1834 rexit,
1177 1754 1321 1815 tandem
1334 1752 1369 1814 in
1382 1754 1502 1814 osculo
1510 1752 1652 1816 Domini
1667 1753 1759 1815 diem
1770 1773 1893 1835 supre-

1061 1896 1155 1938 mum
1173 1876 1299 1937 clausit
1315 1874 1432 1937 Griesi
1449 1875 1507 1938 die
1524 1880 1552 1938 6.
1567 1875 1653 1958 Apr.
1673 1881 1762 1939 1853.
1779 1875 1893 1939 Multa

1062 1999 1214 2081 scripsit,
1233 1999 1316 2080 quin
1333 1999 1465 2080 aliquid
1482 1999 1579 2081 typis
1594 1999 1789 2062 mandaret.

1150 2127 1172 2181 l.
1191 2127 1295 2182 Diaria
1310 2126 1452 2182 nonnulla
1467 2145 1523 2202 pro
1540 2127 1666 2183 historia
1679 2129 1724 2183 sui
1738 2129 1894 2202 temporis,

1063 2232 1239 2288 monasterii
1266 2232 1417 2288 Murensis
1445 2245 1475 2287 et
1506 2230 1691 2307 reipublicae
1718 2227 1895 2288 Helveticae

1064 2337 1143 2394 haud
1160 2322 1260 2411 exigui
1277 2339 1429 2393 momenti.
1455 2337 1486 2391 ln
1502 2336 1614 2393 archiv.
1631 2336 1837 2394 Horo-Gries

1151 2441 1187 2497 ΙΙ.
1204 2440 1408 2496 Miscellanea.
1433 2440 1683 2516 Philosophische
1699 2441 1896 2498 Betrachtun·

1064 2564 1124 2619 gen
1144 2543 1220 2601 iiber
1235 2544 1453 2602 verschiedene
1470 2544 1696 2619 Gegenstande.
1721 2544 1896 2620 Sammlung

1065 2649 1224 2723 religioser
1240 2648 1388 2724 Spriiche.
1412 2649 1572 2704 Poetische
1592 2648 1717 2706 Stiicke.
1741 2650 1896 2706 thzliche

1065 2755 1255 2812 Hausmittel.
1274 2755 1307 2810 ln
1322 2751 1394 2809 bibl.
1412 2753 1617 2810 Muro·Gries.

1130 2844 1203 2916 '111.
1237 2857 1376 2914 Entwurf
1404 2861 1487 2914 einer
1514 2856 1696 2915 Geschichte
1723 2860 1777 2916 der
1803 2861 1896 2939 Muri·

1065 2966 1240 3040 Ereignisse
1261 2983 1318 3020 vor
1339 2962 1427 3036 1835.
1453 2959 1713 3041 (telicentium
1734 2983 1812 3021 mon.
1830 2965 1896 3020 Mu·

1067 3072 1163 3126 rensis
1179 3084 1249 3126 ante
1265 3088 1372 3125 annum
1391 3065 1446 3140 185
1451 3083 1468 3141 5
1487 3065 1669 3147 delineatio.)
1687 3069 1742 3125 Cui
1759 3070 1898 3145 praefixit

1067 3174 1197 3231 titulum:

1069 3297 1127 3366 Qui
1144 3297 1259 3372 Vulpes
1276 3295 1390 3352 fueram
1407 3296 1519 3364 dictus,
1535 3316 1645 3364 vocor,
1667 3316 1755 3366 ecce,
1776 3299 1896 3356 Beatus.

1068 3400 1101 3457 Si
1118 3401 1237 3475 vulpem
1255 3419 1378 3469 exuero,
1396 3401 1497 3475 quidni
1515 3400 1622 3458 beatus
1639 3399 1708 3458 erol

1155 3524 1204 3580 lV.
1237 3524 1363 3599 Copiam
1393 3542 1460 3580 cum
1486 3523 1798 3583 animadversionibus
1827 3525 1899 3583 fecit

1067 3629 1261 3703 manuscripti
1274 3629 1306 3683 P.
1325 3626 1451 3684 Geroldi
1467 3626 1693 3703 Brandenberg‚
1715 3631 1852 3687 monachi
1873 3651 1897 3688 3.

1068 3732 1148 3790 Galli
1168 3732 1361 3802 „adversaria
1375 3729 1414 3787 ab
1431 3750 1509 3788 anno
1531 3746 1611 3806 1770
1628 3733 1663 3789 ad
1684 3732 1797 3802 1800“,
1819 3754 1898 3810 quae

1066 3852 1159 3912 agunt
1176 3836 1212 3892 de
1229 3855 1300 3893 casu
1317 3839 1491 3894 monasterii
1508 3857 1532 3893 3.
1550 3837 1639 3894 Galli.
1658 3840 1690 3894 11
1706 3837 1778 3894 bibl.
1796 3841 1899 3897 Muro-

1067 3943 1167 4000 Gries.
1185 3942 1259 3998 Cod.
1278 3959 1306 3999 2.
1325 3941 1375 3999 26.

1153 4089 1293 4163 Fuchs
1329 4102 1473 4163 Benno
1512 4099 1899 4187 (Cremisanensis),

1067 4217 1279 4280 Austriacus
1302 4217 1553 4301 Oehlingensis
1578 4219 1635 4282 die
1662 4225 1691 4283 3.
1708 4219 1794 4283 Μ311
1820 4227 1898 4284 1813

1067 4350 1182 4421 natus,
1196 4340 1424 4402 humanitatis
1434 4340 1552 4403 studia
1564 4341 1600 4404 in
1612 4342 1800 4424 gymnasio
1812 4342 1899 4405 Mel-

1066 4462 1200 4546 licensi,
1209 4462 1469 4544 philosophiam
1482 4463 1517 4525 in
1528 4464 1631 4545 lyceo
1644 4462 1899 4527 Cremisanensi

1069 4587 1228 4666 edoctuS,
1253 4604 1279 4647 s.
1297 4585 1429 4647 ordinis
1451 4595 1586 4648 uestem
1611 4586 1751 4667 accepit
1773 4587 1830 4648 die
1851 4608 1898 4666 19.

1069 4705 1169 4788 Sept.
1186 4706 1269 4768 anni
1290 4712 1385 4785 1834;
1401 4707 1537 4769 haustis
1554 4707 1588 4768 in
1604 4707 1706 4789 lyceo
1722 4708 1900 4772 Linciensi

1069 4829 1269 4910 theologiae
1284 4829 1462 4911 mysteriis
1475 4830 1531 4891 die
1546 4851 1596 4906 ²4·
1606 4827 1707 4911 Sept.
1726 4835 1805 4892 1838
1818 4850 1899 4912 pro·

1068 4950 1184 5012 fessus
1201 4959 1237 5011 et
1253 4950 1471 5032 insequentis
1484 4952 1565 5014 anni
1579 4952 1636 5014 die
1653 4956 1699 5015 15.
1713 4953 1776 5016 Iul.
1790 4954 1899 5016 sacris

1068 5073 1226 5137 initiatus
1243 5083 1307 5136 est.
1329 5078 1491 5153 1839-41
1509 5075 1544 5137 11
1557 5075 1707 5138 diversis
1722 5076 1899 5158 parochiis

1069 5197 1311 5278 subsidiarius,
1340 5201 1505 5275 1841-53
1531 5196 1712 5279 professor
1735 5200 1900 5262 classium

160 5337 297 5392 Licentia
313 5335 521 5412 Superiorum.
539 5336 680 5402 Krembs
698 5336 848 5410 gedruckt
863 5334 923 5413 bey
941 5339 989 5412 lg·
1028 5416 1031 5427 Ι
1068 5320 1384 5403 ἔϊὸῃῒῐῐὶἃῖίθᾶῙὶΠῐΠ
1405 5320 1440 5381 in
1460 5322 1657 5405 gymssaSlO,
1683 5323 1812 5385 deinde
1835 5343 1901 5405 per

160 5453 225 5496 natz
242 5441 342 5497 Anton
358 5441 476 5497 Praxel.
499 5441 588 5515 1762.
607 5441 650 5499 8⁰.
669 5444 736 5498 min.
1028 5440 1031 5491 1
1068 5443 1247 5505 biennium
1264 5443 1476 5505 secretarius
1488 5442 1574 5506 RR.
1592 5445 1733 5508 abbatis
1742 5445 1900 5507 Thomae

1639 5561 1670 5610 14
