4178 6196
914 437 1171 506 ...88-

172 644 354 708 historiam
371 643 651 707 ecclesiasticam
667 642 788 706 docuit
800 653 835 706 et
848 643 893 704 de
905 660 1002 704 more

171 767 293 830 theses
306 766 340 829 in
352 765 497 848 publico
510 764 674 828 examine
683 763 927 826 defendendas
939 763 1002 825 im·

172 887 276 969 primi
292 887 440 970 curavit,
456 888 552 970 quod
572 886 642 969 ipsi
662 905 800 949 necnon
816 885 939 948 abbati
960 904 1002 947 ac

172 1010 363 1074 conventui
386 1030 555 1093 magnum
581 1008 763 1072 fastidium
790 1005 1001 1089 procreavit.

172 1132 323 1195 Demum
350 1131 591 1216 professuram
616 1141 652 1194 et
675 1141 758 1213 post
780 1128 1003 1212 suppressio·

172 1273 252 1316 nem
268 1254 471 1318 monasterii
487 1273 552 1334 per
563 1252 776 1337 gubernium
789 1251 1002 1314 Bavaricum

172 1376 330 1438 ordinem
348 1376 545 1459 dereliquit.
565 1377 621 1438 De
636 1377 704 1438 hoc
720 1384 865 1438 auctore
882 1376 1002 1455 plures

172 1499 405 1581 scripserunt,
428 1519 517 1581 quos
537 1494 660 1562 {ridere
680 1498 764 1562 licet
784 1497 818 1560 in
839 1497 1003 1580 encyclo·

171 1621 302 1700 paedia
337 1621 580 1684 ecclesiastica
611 1622 708 1684 edita
738 1641 759 1682 a
789 1619 936 1683 Wetzer
967 1628 1002 1681 et

172 1742 304 1824 Welte,
321 1754 416 1806 tomo
433 1744 518 1807 XII.
542 1742 700 1825 Scripta:

259 1904 281 1960 Ι.
299 1902 389 1961 Satze
405 1924 459 1962 aus
476 1905 529 1962 der
546 1905 737 1962 christlichen
753 1902 935 1960 Sittenlehre
956 1902 1003 1958 fiir

171 2007 220 2063 dic
236 2007 407 2065 ‹iffentliche
423 2009 556 2084 Prdfung
577 2011 606 2065 in
627 2009 693 2065 dem
709 2005 1003 2079 Benedictinerstiste

171 2132 206 2168 zu
224 2114 247 2168 F
249 2114 337 2171 iecht.
355 2111 384 2192 (i.
400 2133 425 2171 e.
443 2115 564 2171 Theses
580 2133 617 2171 ex
633 2114 787 2189 theologia
803 2113 908 2170 morali
925 2112 1003 2171 chri·

172 2219 270 2273 stiana
296 2238 353 2294 pro
385 2217 505 2295 publica
531 2219 736 2295 disputatione
763 2221 792 2275 in
820 2219 1003 2276 monasterio

172 2322 343 2379 Fiechtensi
360 2320 561 2402 propositae.)
577 2322 755 2392 lnnsbruck‚
776 2322 866 2395 1803.
885 2321 927 2379 8⁰.

262 2452 298 2508 ΙΙ.
324 2450 416 2510 Stttze
436 2473 490 2511 aus
511 2455 564 2511 der
580 2455 753 2528 Einleitung
773 2457 803 2510 in
822 2453 870 2510 die
887 2453 1005 2511 Biicher

174 2555 227 2612 des
254 2557 334 2613 alten
362 2557 481 2614 Bundes
508 2558 568 2614 und
595 2558 654 2615 den
680 2557 880 2615 hebraischen
904 2556 1003 2614 Alter·

174 2660 320 2717 thiimern.
344 2658 374 2739 (i.
392 2681 418 2717 e.
435 2661 555 2718 Theses
572 2681 608 2718 ex
625 2662 848 2719 introductione
864 2664 893 2717 in
910 2661 1004 2717 libros

173 2768 286 2822 veteris
302 2769 472 2822 testamenti
489 2780 519 2824 et
535 2786 572 2823 ex
587 2766 816 2843 antiquitatibus
831 2763 1004 2844 hebraicis.)

172 2903 214 2912 —
239 2870 323 2926 Nach
344 2870 402 2927 den
423 2872 452 2927 k.
474 2871 503 2928 k.
527 2872 800 2929 Vorlesebiichern.
825 2868 1003 2940 lnnsbruck‚

178 2974 329 3047 1803.'8⁰.

260 3108 311 3164 III.
329 3107 618 3165 Animadversiones
638 3111 667 3164 in
688 3108 843 3165 historiam
861 3108 1004 3165 ecclesia·

173 3214 289 3279 sticam,
311 3231 387 3288 quas
409 3232 465 3288 pro
482 3211 604 3288 publica
619 3212 824 3288 disputatione
848 3215 876 3268 in
901 3232 1004 3270 mona·

173 3319 267 3372 sterio
292 3318 463 3373 Fiechtensi
492 3317 695 3373 discutiendas
723 3321 883 3395 proposuit
909 3320 1005 3374 Bene·

173 3421 271 3476 dictus
288 3422 464 3477 Feilmoser.
483 3422 665 3497 Oeniponte,
688 3420 777 3494 1803.
796 3421 837 3479 8⁰.

260 3551 310 3607 IV.
334 3548 424 3608 Satze
445 3569 499 3607 aus
521 3551 575 3608 der
591 3552 763 3627 Einleitung
779 3553 807 3608 in
823 3552 871 3609 die
888 3553 1005 3609 Biicher

173 3653 227 3710 des
255 3674 351 3710 neuen
378 3656 497 3712 Bundes
525 3656 582 3712 und
607 3656 661 3713 der
687 3656 855 3714 biblischen
879 3658 1006 3714 Herme-

173 3759 286 3815 neutik.
312 3756 340 3835 (i.
363 3779 389 3816 e.
414 3760 443 3815 Τ
445 3760 534 3817 heses
559 3780 595 3817 ex
619 3762 841 3837 introductione
861 3765 890 3818 in
910 3762 1006 3819 libros

173 3866 243 3920 novi
261 3867 431 3920 testamenti
447 3877 477 3921 et
489 3884 526 3921 ex
537 3865 760 3923 hermeneutica
773 3865 904 3946 biblica.)
921 3868 1005 3924 Inns·

172 3965 280 4033 bruck‚
302 3968 392 4040 1804.
411 3968 452 4026 8⁰.

260 4158 413 4233 Fektor
437 4171 645 4254 Casparus
670 4176 863 4239 Andreas
891 4178 952 4257 (de
976 4195 1004 4239 s.

174 4287 317 4351 Monte
343 4289 613 4373 Pannoniae),
642 4313 668 4355 s.
693 4293 789 4356 sedis
819 4295 1003 4359 consister.

174 4411 464 4474 archiabbatialis
484 4414 664 4497 adsessor,
683 4414 894 4479 Comaromii
914 4417 1005 4480 eius-

175 4534 255 4595 dem
276 4552 363 4597 com.
390 4534 424 4596 in
448 4534 633 4618 Hungaria
654 4537 711 4599 die
735 4541 786 4601 25.
808 4538 897 4602 Nov.
923 4544 1004 4603 1816

174 4667 288 4736 natus,
307 4657 364 4719 die
386 4661 431 4719 16.
445 4656 545 4739 Sept.
568 4663 648 4723 1838
663 4661 789 4724 habitu
805 4683 832 4725 s.
848 4661 1004 4746 indutus,

175 4778 232 4840 die
250 4784 300 4842 26.
314 4780 377 4843 Iul.
395 4783 474 4857 1845
488 4790 573 4844 vota
589 4783 773 4846 sollemnia
786 4783 911 4847 emisit.
929 4785 1005 4848 Ab·

174 4901 300 4962 solutis
316 4901 351 4964 in
368 4922 395 4965 s.
407 4914 527 4966 monte
543 4924 570 4967 s
583 4905 788 4988 theologiae
804 4906 930 4970 studiis
946 4908 1003 4970 die

179 5042 204 5085 1.
223 5023 318 5106 Aug.
345 5028 422 5104 1845
446 5028 635 5108 presbyter
655 5026 837 5090 ordinatus
858 5039 923 5092 est.
948 5027 1005 5090 Ex

175 5162 218 5206 eo
235 5164 346 5225 usque
365 5148 411 5208 ad
427 5168 556 5210 annum
578 5151 659 5211 1850
672 5149 854 5231 professor
868 5150 1003 5234 Tyrna·

174 5264 271 5345 viae,
305 5270 415 5347 1850J1
447 5268 583 5351 Papae,
617 5274 792 5340 1851—60
820 5269 1002 5356 Strigonii,

178 5391 347 5465 tssoo-oo
363 5389 628 5453 administrator
645 5393 835 5474 parochiae
847 5394 883 5457 in
897 5393 1002 5469 Fiiss;

1082 659 1128 702 ex
1155 659 1226 722 quo
1253 660 1346 702 anno
1370 638 1488 702 officio
1512 638 1673 721 magistri
1701 636 1913 700 novitiorum

1081 762 1251 845 fungitur.
1281 761 1448 845 Scripsit:

1168 872 1310 963 flledeimi
1327 905 1503 981 szabalyok.
1521 901 1550 982 (i.
1565 923 1591 961 e.
1609 905 1776 980 Praecepta
1793 902 1915 960 urbani·

1082 1009 1174 1088 tatis.)
1190 1011 1297 1067 Nemet
1312 1007 1420 1067 kdtsdk
1437 1009 1576 1086 nyoman.
1594 1007 1768 1065 Komarom.
1786 1006 1914 1082 Siegler.

1087 1114 1177 1189 1872.
1196 1113 1239 1172 80.
1257 1112 1297 1189 96
1316 1134 1345 1190 p.

1169 1277 1420 1373 Feldberger
1458 1286 1764 1351 Constantinus
1803 1285 1915 1369 (Sco-

1082 1406 1243 1488 tensis),
1271 1404 1524 1489 Sanhyppoliti
1551 1405 1588 1468 in
1608 1405 1756 1469 Austria
1784 1405 1841 1467 die
1864 1408 1914 1468 26.

1082 1529 1168 1592 Maii
1186 1533 1267 1591 1810
1278 1538 1394 1610 natus,
1406 1527 1530 1590 habitu
1543 1547 1569 1589 s
1584 1528 1641 1590 die
1658 1550 1705 1606 14.
1720 1525 1819 1608 Sept.
1834 1531 1913 1590 1835

1082 1651 1241 1733 indutuS,
1270 1649 1443 1713 absolutis
1471 1670 1499 1712 S.
1527 1649 1730 1732 theologiae
1757 1650 1792 1712 in
1820 1649 1914 1712 univ.

1082 1772 1236 1837 Vindob.
1260 1772 1388 1835 studiis
1413 1771 1623 1854 emissisque
1653 1772 1710 1834 die
1739 1793 1789 1836 21.
1814 1771 1913 1854 Sept.

1088 1900 1167 1958 1830
1179 1895 1273 1958 votis
1282 1894 1523 1977 sollemnibus
1534 1903 1721 1976 neomysta
1732 1892 1850 1956 factus
1860 1903 1915 1956 est

1084 2018 1141 2081 die
1158 2023 1209 2080 31.
1227 2018 1290 2080 Iul.
1318 2021 1408 2080 1838.
1433 2015 1548 2079 Curae
1570 2016 1699 2078 deinde
1720 2016 1915 2078 animarum

1083 2142 1259 2222 admotus,
1275 2159 1355 2202 cum
1372 2137 1614 2220 cooperatoris
1630 2136 1748 2200 officio
1765 2138 1915 2220 primum

1084 2263 1119 2326 in
1140 2262 1360 2325 Zellerndorf
1379 2261 1508 2323 deinde
1532 2261 1567 2322 in
1587 2260 1728 2322 Pulkau
1752 2280 1793 2323 ac
1817 2270 1915 2341 post·

1084 2405 1217 2448 remum
1245 2385 1281 2447 in
1308 2384 1478 2447 suburbio
1502 2384 1629 2447 Vienn.
1658 2383 1753 2448 dicto
1780 2383 1915 2465 Campo

1084 2507 1272 2573 Scotorum
1288 2527 1354 2589 per
1378 2528 1415 2585 14
1438 2493 1550 2570 annos
1567 2516 1663 2568 esset
1679 2506 1832 2589 functus,
1854 2527 1916 2588 pa-

1083 2630 1211 2693 rochus
1232 2630 1268 2693 in
1286 2628 1502 2691 Enzersdorf
1515 2628 1724 2711 designatus
1741 2640 1806 2711 est,
1822 2630 1916 2690 unde

1085 2751 1280 2815 debilitatis
1297 2770 1405 2813 causa
1431 2754 1511 2812 1868
1533 2750 1569 2812 in
1589 2749 1842 2813 monasterium
1863 2770 1918 2812 re·

1085 2874 1158 2935 dux
1175 2882 1287 2934 morte
1304 2871 1471 2934 occubuit
1487 2871 1545 2933 die
1563 2893 1612 2935 21.
1630 2872 1704 2935 Iun.
1727 2875 1816 2951 1869.

1171 3003 1212 3066 In
1227 3006 1334 3066 rebus
1350 3002 1528 3065 historicis
1544 3003 1816 3084 versatissimus,
1835 3023 1917 3065 con-

1084 3127 1227 3209 scripsit
1248 3128 1394 3189 annales
1412 3124 1599 3189 Scotorum
1620 3125 1812 3207 parochiae
1833 3125 1917 3187 Pul-

1084 3249 1155 3312 kau
1171 3268 1213 3311 eo
1226 3261 1397 3331 tempore,
1415 3267 1485 3328 quo
1500 3250 1695 3329 (1843-46)
1709 3259 1917 3329 cooperato-

1085 3391 1158 3435 rem
1175 3371 1334 3434 eiusdem
1351 3369 1543 3452 parochiae
1560 3370 1650 3452 egit:

1171 3497 1380 3555 Gedenkbuch
1397 3497 1452 3554 der
1467 3496 1572 3552 Psarre
1588 3496 1703 3552 Pulkau
1720 3497 1756 3553 V.
1774 3498 1809 3553 U.
1827 3498 1865 3552 M.
1884 3499 1917 3553 B.

1085 3600 1114 3681 (i.
1137 3622 1163 3660 e.
1187 3601 1281 3659 Liber
1305 3601 1486 3658 memorialis
1508 3602 1670 3677 parochiae
1687 3597 1918 3677 Pulkaviensis.)

1086 3709 1235 3764 Manuscr.
1253 3707 1371 3763 adserv.
1389 3709 1419 3762 in
1435 3705 1547 3762 archiv.
1566 3705 1691 3781 paroch.
1709 3705 1833 3760 Pulkau.

1173 3872 1367 3946 Felderer
1408 3883 1714 3966 Hieronymus
1758 3883 1919 3965 (Muro-

1085 4001 1358 4084 Griesensis),
1383 4000 1575 4064 Tirolensis
1599 4021 1645 4063 ex
1669 4000 1782 4083 GrieS,
1814 4011 1920 4064 natus

1085 4124 1143 4186 die
1172 4128 1219 4186 13.
1246 4123 1333 4204 Apr.
1363 4128 1458 4207 1840,
1486 4123 1614 4186 studiis
1647 4142 1791 4205 operam
1819 4125 1919 4187 dedit

1084 4245 1256 4320 Brixinae
1278 4254 1313 4307 et
1331 4244 1471 4328 Griesii,
1489 4246 1549 4307 ubi
1568 4245 1825 4327 professionem
1846 4266 1918 4310 mo·

1085 4368 1258 4432 nasticam
1279 4367 1397 4431 emisit
1421 4368 1479 4430 die
1505 4372 1533 4430 6.
1555 4370 1643 4432 Dec.
1670 4372 1760 4432 1882.
1791 4367 1918 4432 Sacer-

1086 4492 1221 4554 dotium
1241 4490 1343 4553 inivit
1365 4490 1422 4553 die
1447 4512 1475 4569 9.
1493 4488 1573 4553 Oct.
1595 4493 1685 4568 1864.
1714 4490 1815 4553 Nunc
1836 4512 1917 4574 pro-

1084 4612 1200 4676 fessor
1230 4613 1432 4674 matheseos
1463 4612 1499 4674 in
1531 4611 1719 4694 gymnasio
1747 4610 1918 4676 Sarnensi

1086 4735 1192 4798 etiam
1208 4746 1320 4797 artem
1336 4735 1656 4817 photographicam
1674 4746 1828 4797 exercet.

1173 4856 1312 4919 Edidit:

1171 4982 1333 5058 Anleitung
1347 5003 1412 5039 zum
1427 4982 1621 5058 praktischen
1634 4982 1777 5039 Rechnen
1792 4981 1838 5038 fiir
1848 4983 1917 5039 Mit-

1085 5087 1252 5144 telschulen
1276 5088 1335 5143 und
1360 5107 1425 5143 zum
1450 5085 1748 5144 Selbstunterrichte.
1773 5084 1803 5165 (i.
1821 5108 1847 5145 e.
1869 5089 1917 5144 ln-

1084 5194 1211 5248 structio
1235 5192 1272 5248 ad
1296 5191 1512 5248 arithmeticam
1538 5190 1723 5271 practicam.)
1752 5191 1843 5249 Stans
1867 5211 1915 5269 ap.

1084 5297 1175 5372 Gasp.
1192 5314 1252 5353 ron
1269 5297 1353 5352 Matr.
1375 5294 1465 5370 1872.
1484 5294 1526 5353 8⁰.
1548 5295 1610 5353 226
1627 5316 1656 5372 p.
1680 5312 1707 5352 2.
1726 5296 1795 5353 edit.
1816 5310 1916 5353 aucta.

1083 5399 1159 5457 lbid.
1181 5399 1271 5475 1878.
1288 5416 1352 5473 3²0
1368 5420 1398 5485 p..
