4178 6196
955 455 1211 523 ..44-

213 648 358 713 Chvoian,
381 644 491 720 byvaly'
512 643 671 720 professor
695 661 734 698 na
760 643 947 716 gymnasium
972 641 1043 697 Kla-

213 751 362 809 tovskem.
385 748 488 806 Druhe
503 747 700 805 rozmnoiene
720 765 738 802 a
754 745 907 823 opravene
922 744 1042 821 vydlm'.

213 856 240 913 V
252 857 355 921 Praze‚
373 853 463 927 1879,
477 851 634 909 nakladem
647 851 795 907 vlastnim.
807 849 882 908 Bibl.
892 850 1041 907 Emautin.

214 961 267 1016 IX.
285 974 314 1016 2.
331 972 383 1032 45.

301 1086 418 1183 Cigoi
452 1098 643 1161 Aloisius
683 1096 1041 1180 (San-Paulanus).

212 1217 327 1280 Natus
344 1227 399 1279 est
415 1216 450 1279 in
464 1215 598 1297 Gojaca
615 1215 650 1279 in
662 1215 808 1298 regione
820 1214 968 1278 Litorali
985 1213 1042 1276 die

215 1361 265 1420 29.
278 1341 352 1402 Ian.
371 1344 462 1421 1842,
479 1359 506 1401 s.
522 1339 648 1401 habitu
664 1339 808 1400 indutus
825 1337 883 1400 die
904 1357 950 1400 11.
968 1337 1041 1400 Ian.

218 1467 312 1544 1862,
340 1462 559 1525 sollemniter
582 1456 766 1544 professus
790 1460 847 1523 die
869 1464 919 1523 28.
936 1459 1042 1522 Mart.

218 1589 312 1667 1866,
337 1586 506 1648 sacerdos
526 1584 710 1647 ordinatus
734 1594 790 1645 est
813 1582 870 1645 die
895 1601 946 1647 20.
966 1581 1042 1644 Iun.

217 1712 309 1772 1866.
330 1705 494 1772 Studium
510 1706 714 1789 theologiae
730 1704 952 1788 Clagenfurti
970 1703 1044 1789 (Vi-

212 1830 302 1912 runi)
323 1829 471 1912 finitum,
493 1830 529 1893 in
551 1829 783 1892 universitate
799 1827 1044 1891 Monachiensi

213 1974 277 2037 per
295 1955 384 2016 duos
404 1972 517 2015 annos
537 1952 779 2032 continuabat,
800 1960 837 2012 et
856 1960 939 2032 post
956 1969 1043 2034 exa·

213 2096 294 2139 men
321 2075 531 2159 rigorosum,
558 2075 836 2156 disputationem
863 2073 1042 2154 publicam

214 2209 251 2263 et
262 2197 491 2280 scriptionem
504 2198 548 2261 de
561 2198 605 2261 II.
618 2198 708 2260 libro
721 2196 1043 2259 Macchabaeorum

213 2321 311 2406 typis
333 2341 540 2403 expressam
565 2321 689 2383 doctor
713 2340 740 2383 s.
763 2317 968 2401 theologiae
989 2336 1043 2380 re·

214 2443 397 2506 nuntiatus
415 2451 479 2506 est.
504 2443 611 2504 Anno
632 2444 711 2504 1868
733 2440 915 2522 professor
935 2438 1043 2502 studii

213 2564 335 2628 biblici
348 2564 392 2626 V.
407 2564 445 2627 F.
459 2564 495 2627 in
511 2564 673 2627 instituto
692 2562 895 2645 theologico
906 2561 945 2624 P.
960 2560 1043 2642 Epi-

214 2687 314 2769 scopi
325 2686 431 2750 Gurc.
439 2685 660 2770 Clagenfurti
672 2685 884 2765 nominatuS,
897 2703 968 2745 una
981 2681 1043 2745 do-

214 2822 272 2873 cet
294 2809 401 2872 etiam
421 2809 719 2872 hermeneuticam
740 2807 907 2870 biblicam
931 2816 967 2869 et
992 2805 1042 2867 in-

213 2932 477 2995 troductionem
489 2931 524 2997 in
536 2931 648 2994 libros
663 2930 705 2992 N.
716 2929 771 3004 F.;
788 2929 924 3010 aliquot
940 2927 1042 2990 annis

214 3053 435 3138 patristicam
459 3052 679 3136 explicabat,
706 3051 809 3114 simul
835 3049 1042 3114 clericorum

214 3175 420 3240 monasterii
445 3175 600 3237 director
628 3172 834 3256 spiritualis.
865 3172 925 3235 Ab
949 3190 1042 3234 anno

219 3302 299 3377 1876
327 3298 454 3360 diebus
481 3296 666 3360 dominicis
697 3295 732 3358 in
760 3294 912 3358 ecclesia
939 3312 1043 3376 paro-

214 3419 320 3483 chiali
353 3418 641 3501 Clagenfurtensi
674 3419 810 3480 alterne
846 3436 925 3480 cum
961 3435 1043 3479 con·

213 3541 335 3622 fratre,
351 3540 442 3624 prof.
459 3542 567 3604 theol.
583 3540 623 3603 P.
640 3540 802 3624 Eugenio
818 3539 914 3602 Pierl
935 3538 1042 3602 etiam

214 3663 404 3726 conciones
421 3682 541 3725 sacras
558 3664 676 3726 habet.
695 3661 823 3727 Omnia
839 3660 958 3724 officia
973 3661 1042 3723 sol-

214 3785 311 3847 licite
328 3794 364 3847 et
379 3787 472 3847 bene
489 3785 622 3867 explet.

298 3926 410 4008 Typis
427 3926 606 4008 expressit
618 3926 828 4007 opusculum
841 3926 908 3987 sub
920 3923 1040 3987 titulo:

298 4069 700 4144 Kritisch·chronologische
715 4067 986 4143 Schwierigkeiten
1002 4069 1041 4123 im

210 4175 335 4230 zweiten
352 4174 452 4230 Buche
468 4174 522 4230 der
533 4172 730 4231 Makkabaer.
744 4172 932 4249 Klagenfurt.
950 4169 1041 4230 1868.

211 4279 316 4335 Druck
332 4296 392 4335 von
407 4279 474 4355 Joh.
490 4279 550 4335 und
566 4278 682 4335 Friedr.
699 4279 795 4356 Leon.
817 4297 846 4353 p.
868 4291 981 4350 1—72.
998 4274 1041 4334 8⁰.

298 4424 466 4500 conrad
493 4435 717 4501 Othmarus
749 4437 1042 4520 (Raigradien-

211 4554 280 4635 sis)
303 4553 339 4616 in
355 4573 383 4617 s.
398 4553 497 4616 fonte
514 4551 663 4616 Carolus
678 4554 917 4616 Borromaeus
937 4574 1043 4616 voca-

211 4687 281 4757 tus,
297 4696 344 4738 ex
360 4676 530 4758 opulenta
545 4676 657 4758 stirpe
675 4697 725 4755 ²4·
737 4675 815 4740 Oct.
835 4695 915 4756 1729
928 4675 1044 4740 Evan-

213 4798 293 4861 cicii
308 4792 529 4881 progenitus
545 4799 736 4862 transactis
752 4798 926 4881 pueritiae
942 4799 1044 4863 annis

212 4919 248 4983 in
262 4921 367 4983 domo
379 4932 540 5003 paterna,
558 4925 638 5001 1758
655 4942 676 4982 a
691 4921 901 5003 parentibus
912 4922 1044 4984 Krum·

213 5042 346 5104 lovium
358 5042 509 5106 mittitur
521 5045 567 5106 ad
580 5053 702 5126 patres
710 5043 891 5107 Paulanos
903 5045 950 5106 ad
962 5062 1044 5107 con·

213 5163 386 5226 tinuanda
402 5167 531 5248 studia,
548 5186 639 5248 quae
657 5165 835 5248 Znoymae
856 5177 892 5229 et
913 5166 1043 5229 deinde

215 5285 357 5349 Brunae
387 5287 423 5349 in
454 5288 650 5370 gymnasiis
677 5288 889 5351 Iesuitarum
918 5287 1043 5351 finivit.

214 5406 359 5471 Iuvenis
370 5408 527 5491 optimae
535 5409 675 5492 indolis,
681 5411 783 5473 vultu
791 5412 929 5492 decoro,
938 5409 1044 5472 homo

1122 637 1169 700 ad
1198 657 1354 719 unguem
1380 635 1511 718 factus,
1544 635 1685 699 Conrad
1715 635 1951 698 omnimodam

1122 757 1190 821 sibi
1202 758 1392 840 acquisivit
1400 759 1627 822 dilectionem
1639 758 1810 842 imprimis
1819 778 1951 839 eorum,

1123 882 1333 964 quibuscum
1345 882 1442 945 illum
1451 882 1655 945 conversari
1664 879 1866 964 oportebat;
1881 902 1951 963 quo

1121 1003 1255 1067 factum
1279 1015 1352 1087 est,
1375 1015 1432 1087 ut,
1462 1024 1541 1068 cum
1576 1008 1656 1084 1746
1684 1004 1859 1067 absolutis
1881 1004 1951 1066 iam

1122 1126 1249 1190 studiis
1280 1127 1562 1211 gymnasialibus
1588 1127 1832 1210 praepositum
1863 1126 1951 1189 Rai-

1122 1250 1348 1331 gradiensem
1359 1249 1581 1313 Matthaeum
1598 1250 1809 1313 candidatus
1825 1248 1951 1331 adiret,

1123 1390 1297 1434 consensu
1320 1372 1476 1435 unanimi
1499 1372 1573 1435 voti
1595 1391 1741 1454 compos
1760 1372 1951 1434 exsisteret

1123 1504 1159 1556 et
1175 1492 1342 1557 Calendis
1357 1494 1444 1557 Maii
1460 1495 1670 1557 monachum
1686 1495 1858 1557 indueret.
1875 1494 1952 1555 Ab·

1123 1616 1239 1679 soluto
1251 1617 1445 1679 novitiatus
1457 1635 1560 1698 anne,
1570 1636 1617 1678 ex
1630 1635 1700 1698 quo
1709 1615 1951 1679 P.Thaddae0

1122 1737 1270 1801 Khinell
1298 1741 1445 1801 ductore
1473 1738 1629 1820 optimae
1656 1739 1785 1801 indolis
1813 1736 1951 1800 iuvenis

1122 1861 1322 1923 omnimode
1354 1862 1527 1942 probatus
1559 1861 1664 1943 exiit,
1696 1881 1721 1922 1.
1748 1859 1836 1922 Maii
1871 1877 1949 1938 1747

1122 2002 1241 2046 coram
1258 1984 1383 2046 eodem
1396 1983 1581 2046 Matthaeo
1597 2003 1719 2066 praep.
1733 1982 1953 2045 sollemniter

1123 2107 1239 2169 emisit
1255 2116 1351 2188 vota,
1372 2116 1447 2168 turn
1463 2106 1616 2188 logicam
1637 2125 1683 2168 ex
1704 2105 1953 2188 praelectioni-

1122 2231 1190 2292 bus
1209 2228 1248 2292 P.
1260 2227 1615 2311 AlbertiRaymann,
1635 2227 1852 2310 theologiam
1865 2246 1952 2289 vero

1122 2354 1189 2415 sub
1201 2351 1241 2414 P.
1254 2351 1439 2414 Richardo
1455 2350 1617 2415 Schaller
1633 2360 1669 2414 et
1685 2351 1857 2413 Bennone
1873 2350 1951 2412 Ru·

1122 2473 1190 2536 bin-
1204 2474 1239 2536 in
1259 2472 1424 2555 Raigrad
1449 2476 1658 2552 1749-,1755
1680 2471 1871 2555 perdidicit
1890 2470 1951 2551 ita,

1122 2605 1161 2659 ut
1176 2615 1223 2658 ex
1239 2595 1294 2657 his
1316 2595 1384 2658 sibi
1404 2594 1589 2676 acquisitis
1610 2593 1769 2658 scientiis
1789 2593 1952 2657 thesibus

1122 2717 1264 2800 publice
1285 2716 1442 2780 defensis
1463 2717 1701 2780 omnimodum
1717 2717 1880 2799 plausum
1895 2736 1950 2779 re-

1121 2838 1252 2902 tulerit.
1276 2839 1383 2902 Anno
1400 2843 1478 2918 1755
1496 2838 1639 2902 Brunae
1656 2859 1721 2921 per
1736 2839 1952 2901 cardinalem

1121 2960 1330 3044 episcopum
1354 2959 1626 3024 Olomucensem
1650 2962 1694 3023 de
1715 2960 1851 3044 Troyer
1872 2980 1952 3042 pre-

1121 3085 1246 3165 sbyter
1262 3083 1445 3147 ordinatus
1461 3083 1636 3165 primitias
1653 3083 1847 3145 celebravit
1864 3082 1952 3145 Lus·

1123 3205 1224 3269 dorfii
1239 3205 1275 3268 in
1292 3205 1439 3269 Austria
1455 3206 1595 3288 privato
1617 3216 1759 3288 sumptu
1780 3205 1952 3288 principis

1122 3327 1326 3392 Emanuelis
1339 3329 1384 3391 de
1392 3328 1646 3410 Lichtenstein,
1663 3327 1723 3409 qui
1735 3329 1802 3391 hac
1814 3328 1951 3391 ratione

1122 3451 1257 3514 meritis
1277 3450 1391 3533 patris
1407 3460 1617 3532 neomystae
1633 3450 1669 3513 in
1685 3450 1840 3513 servitiis
1857 3451 1953 3534 prin-

1122 3574 1213 3656 cipis
1232 3572 1417 3655 acquisitis
1436 3573 1589 3656 gratiam
1610 3573 1740 3636 retulit.
1768 3572 1874 3635 Unde
1897 3593 1952 3636 re·

1122 3697 1196 3758 dux
1209 3695 1401 3784 Othmarus
1413 3694 1673 3777 refectorarius,
1690 3696 1868 3778 portarius
1884 3715 1950 3759 nec

1120 3838 1191 3882 non
1207 3819 1436 3881 concionator
1448 3816 1619 3881 festorum
1632 3817 1873 3893 constituitur;
1891 3838 1952 3880 an-

1120 3961 1167 4004 no
1188 3944 1266 4020 1755
1290 3940 1551 4023 philosophiam
1572 3939 1710 4003 clericis
1730 3940 1861 4002 nostris
1880 3951 1952 4003 tra-

1121 4064 1275 4126 dendam
1300 4063 1473 4145 suscepit,
1506 4067 1586 4140 1758
1610 4082 1696 4125 vero
1723 4063 1951 4145 theologiam,

1122 4185 1218 4266 quod
1239 4204 1365 4247 munus
1380 4202 1451 4245 una
1467 4202 1547 4245 cum
1563 4183 1824 4246 bibliothecarii
1844 4195 1881 4246 et
1896 4203 1951 4246 se·

1122 4307 1264 4371 cretarii
1291 4305 1488 4389 praepositi
1511 4303 1629 4368 officio
1652 4325 1717 4387 per
1741 4306 1821 4387 plus
1845 4325 1952 4368 unum

1120 4430 1270 4493 lustrum
1282 4429 1406 4491 sedulo
1419 4427 1542 4508 obivit,
1560 4438 1596 4490 et
1612 4431 1690 4507 1763
1705 4439 1952 4511 susceptorum

1122 4552 1262 4615 noviter
1276 4550 1382 4613 trium
1399 4549 1613 4612 novitiorum
1633 4550 1843 4632 magistrum
1866 4551 1951 4634 egit,

1123 4675 1180 4738 cui
1213 4648 1326 4736 honos
1361 4672 1488 4736 decani
1522 4673 1768 4735 conventualis
1806 4673 1951 4737 additus

1123 4796 1199 4860 fuit.
1219 4797 1382 4859 Decursu
1401 4795 1506 4857 huius
1525 4794 1696 4876 temporis
1716 4794 1786 4857 iam
1807 4799 1885 4874 1757
1905 4815 1950 4858 ex

1123 4922 1246 4982 morbo
1258 4911 1418 5001 graviter
1426 4919 1653 4999 decumbens,
1662 4917 1799 4999 aliquot
1811 4938 1952 4981 menses

1122 5040 1306 5104 Evanticii
1326 5039 1363 5103 in
1383 5043 1488 5104 domo
1504 5051 1655 5123 patema
1669 5041 1855 5123 transegit,
1877 5050 1952 5104 turn

1124 5184 1170 5227 ex
1190 5173 1359 5245 suscepto
1383 5183 1476 5226 anno
1501 5167 1581 5243 17⁵9
1602 5183 1723 5227 mense
1747 5161 1952 5245 Septembri

1124 5305 1203 5349 cum
1226 5285 1266 5348 P.
1290 5284 1439 5349 Placido
1466 5286 1592 5349 itinere
1615 5306 1681 5367 per
1702 5284 1878 5349 Viennam
1905 5287 1953 5350 ad

1124 5407 1242 5473 Cellas
1270 5408 1453 5472 Marianas
1482 5407 1626 5492 Styriae
1660 5410 1789 5492 redux,
1824 5407 1952 5471 iterum
2069 5411 2075 5421 '
