4178 6196
914 448 1196 516 ,123-

182 633 233 695 rei
248 631 414 695 familiari
430 631 607 714 subvenit,
625 652 666 694 ac
680 632 831 695 celerem
845 640 881 694 et
893 631 1013 713 copio·
1051 646 1054 709 l
1093 630 1191 693 rimis
1206 630 1307 694 laicis
1322 632 1470 694 multum
1486 630 1631 714 placuit,
1647 631 1684 694 in
1700 631 1821 713 primis
1838 633 1924 714 piis-

182 776 257 818 sam
279 755 361 818 tulit
381 774 500 835 opem:
523 754 627 817 simul
651 764 762 818 totam
788 754 882 817 illius
904 755 1013 816 admi·

182 878 428 941 nistrationem
444 876 496 940 ita
512 878 698 960 disposuit,
719 886 759 941 ut
779 878 815 940 in
831 888 1013 959 posterum

184 1001 357 1064 eiusmodi
370 1000 565 1083 periculum
577 1000 760 1063 vitaretur.
777 1000 1012 1082 Praecipuam

183 1134 301 1187 autern
317 1123 471 1205 gratiam
492 1132 529 1185 et
549 1123 836 1186 benevolentiam
858 1123 1013 1186 devotis-

182 1245 260 1308 simi
271 1244 385 1327 patris
397 1245 466 1307 sibi
479 1245 699 1326 collegerunt
711 1244 805 1307 filiae
818 1245 853 1306 in
862 1243 1013 1325 Christ0,

183 1389 276 1450 cum,
300 1368 379 1449 ipso
400 1369 581 1449 hortante,
602 1376 813 1449 perpetuam
836 1367 1013 1430 adoratio-

183 1512 262 1555 nem
275 1491 488 1553 sanctissimi
502 1490 625 1553 altaris
635 1489 859 1570 sacramenti,
870 1490 1014 1551 saeculo

183 1614 300 1677 XVII.
317 1634 339 1677 a
355 1613 567 1676 monialibus
582 1631 613 1674 o.
631 1632 657 1674 s
672 1612 713 1674 B.
729 1611 766 1674 in
781 1611 1014 1694 Lotharingia

182 1746 358 1818 coeptam,
380 1734 536 1798 unanimi
556 1754 732 1797 consensu
753 1736 789 1797 in
809 1755 848 1797 se
869 1754 1014 1815 recepe-

185 1869 275 1921 runt.
291 1857 547 1920 Adorationem
563 1858 623 1939 pie
639 1857 847 1939 auspicatae
861 1866 943 1920 sunt
956 1856 1013 1919 die

185 1984 232 2042 15.
253 1980 349 2062 Aug.
375 1999 451 2058 1771
478 1989 668 2060 praesente
691 1979 860 2060 principe,
885 1977 946 2059 qui
969 1979 1013 2039 de

180 2121 289 2183 opere
305 2112 377 2163 tam
394 2101 464 2182 pio,
481 2110 554 2164 tam
567 2103 645 2163 Deo
657 2109 762 2183 grato
775 2109 811 2162 et
823 2099 934 2161 sacris
945 2099 1014 2162 vir·

180 2223 324 2305 ginibus
341 2223 497 2304 salutari,
515 2223 583 2284 sibi
600 2222 668 2303 ipsi
684 2232 721 2284 et
736 2222 947 2284 monialibus
962 2221 1014 2284 fe-

182 2346 276 2408 stivo
297 2364 459 2408 sermone
482 2345 751 2427 congratulatus
773 2355 836 2409 est.
861 2345 921 2407 Ab
943 2345 1013 2407 isto

1094 754 1204 817 simae
1227 755 1374 836 reginae
1397 755 1445 819 M.
1469 756 1675 837 Therasiae,
1704 775 1796 837 quae
1821 757 1924 839 plura

1094 876 1252 939 eiusdem
1273 877 1492 958 exemplaria
1511 878 1547 940 in
1567 897 1668 940 suum
1696 888 1733 941 et
1756 879 1923 942 domesti-

1094 1018 1214 1062 corum
1227 1018 1370 1062 suorum
1386 1019 1487 1062 usum
1504 999 1572 1062 sibi
1588 1000 1821 1082 comparavit.

1179 1122 1344 1185 Abbates
1372 1132 1618 1186 antecessores
1645 1124 1692 1186 ad
1718 1125 1924 1187 monasterii

1093 1253 1129 1306 et
1145 1252 1301 1307 statuum
1314 1245 1501 1308 anterioris
1513 1245 1683 1309 Austriae
1698 1249 1831 1309 tuenda
1847 1246 1924 1310 iura

1094 1375 1130 1430 et
1146 1367 1291 1450 negotia
1308 1368 1534 1448 expedienda
1547 1366 1718 1431 officiales
1735 1378 1771 1431 et
1787 1369 1923 1450 capitu·

1092 1490 1186 1553 lares
1196 1509 1289 1572 suos,
1299 1491 1507 1572 plerumque
1522 1489 1742 1553 cellerarium
1755 1510 1923 1573 magnum

1093 1612 1343 1675 Vindobonam
1359 1613 1542 1685 miserunt;
1565 1612 1732 1695 princeps
1748 1613 1923 1676 Martinus

1093 1734 1171 1814 ipse
1185 1734 1372 1816 quinquies
1384 1736 1527 1816 quidem
1539 1736 1585 1797 ad
1594 1736 1710 1798 aulam
1719 1756 1923 1799 caesaream

1093 1855 1275 1938 profectus
1291 1867 1355 1937 est,
1378 1858 1446 1920 etsi
1467 1878 1536 1920 non
1557 1877 1698 1940 semper
1710 1878 1789 1921 cum
1805 1860 1922 1940 plen0,

1093 1998 1272 2059 nunquam
1308 1988 1427 2041 tamen
1462 1980 1539 2042 sine
1573 2000 1745 2061 prospero
1780 1991 1921 2044 eventu.

1092 2100 1249 2162 Primum
1272 2101 1340 2164 iter
1360 2100 1518 2182 suscepit
1543 2122 1635 2165 anno
1660 2122 1751 2185 1771,
1775 2113 1923 2185 propter

1094 2222 1211 2285 varias
1234 2233 1318 2286 tunc
1344 2224 1435 2286 latas
1460 2225 1559 2307 leges
1585 2227 1808 2289 monasteriis
1831 2227 1922 2309 peri·

1093 2344 1243 2426 culosas,
1257 2345 1292 2408 in
1305 2346 1437 2428 primis,
1451 2348 1546 2427 quod
1559 2348 1685 2411 novitii
1697 2360 1780 2411 ante
1793 2369 1922 2412 annum

181 2467 239 2529 die
258 2468 318 2529 diu
333 2477 512 2549 noctuque
529 2467 679 2550 singulis
699 2468 794 2530 horis
812 2478 915 2531 extra
931 2470 1012 2531 cho·
1051 2538 1053 2559 Ι
1093 2466 1222 2529 aetatis
1237 2468 1449 2550 vigesimum
1466 2478 1630 2549 quartum
1647 2471 1860 2551 completum
1876 2472 1921 2533 ad

180 2610 257 2651 rum
278 2591 379 2672 duae,
402 2600 475 2653 tres
498 2592 554 2653 vel
579 2600 731 2671 quatuor
751 2590 921 2652 moniales
944 2589 1012 2653 sibi
1051 2564 1054 2681 Ξ
1091 2587 1401 2670 profitendasacra
1412 2599 1496 2652 vota
1505 2591 1644 2653 admitti
1656 2611 1726 2654 non
1739 2593 1920 2657 deberent.

182 2712 350 2774 continuo
370 2715 605 2776 succedentes
622 2713 657 2774 in
674 2713 827 2775 oratorio
844 2713 1011 2794 precibus
1051 2686 1054 2725 ¹
1092 2711 1137 2772 Et
1156 2711 1317 2773 inimicus
1339 2713 1564 2794 domesticus,
1585 2713 1774 2775 Marcellus
1795 2713 1921 2777 Grani-

180 2845 216 2896 ct
242 2834 389 2896 canticis
412 2834 447 2895 in
471 2833 753 2897 aedificationem
775 2835 899 2916 populi
923 2835 1012 2896 chri-

180 2956 287 3018 stiani
298 2956 413 3018 Deum
429 2957 576 3019 laudare
592 2977 771 3038 nunquam
789 2958 1010 3048 desinebant.

180 3078 259 3159 Quo
280 3098 366 3140 vero
387 3079 582 3160 psallentes
602 3079 638 3141 in
659 3080 765 3141 choro
786 3079 945 3162 virgines
965 3081 1012 3142 ad

180 3201 352 3281 pietatem
366 3220 452 3282 erga
465 3201 755 3283 augustissimum
764 3202 885 3264 altaris
895 3222 1011 3266 sacra-

179 3323 457 3406 mentummagis
467 3327 754 3407 accenderentur,
762 3345 901 3388 ornnem
911 3346 1011 3389 suam

180 3446 405 3509 devotionem
423 3466 465 3508 eo
484 3447 689 3529 dirigerent,
705 3448 915 3510 monialibus
931 3450 1010 3511 bre-

179 3567 327 3629 viarium
336 3587 381 3629 ex
390 3567 562 3630 facultate
572 3569 860 3632 sedisRomanae
869 3589 1009 3651 novum,

1091 2834 1185 2913 cher,
1199 2842 1305 2895 antea
1318 2833 1538 2896 consiliarius
1551 2834 1686 2897 aulicus
1699 2835 1734 2897 in
1748 2835 1829 2898 divo
1838 2836 1920 2898 Bla-

1092 2954 1160 3036 si0,
1181 2955 1343 3018 Viennae
1371 2956 1473 3038 plura
1499 2956 1720 3020 machinatus
1748 2958 1920 3020 adversus

1092 3077 1406 3160 congregationem
1429 3078 1648 3161 Blasianam,
1673 3079 1709 3141 in
1727 3079 1850 3161 primis
1867 3080 1919 3142 di·

1090 3199 1208 3280 ploma
1232 3199 1455 3281 imperatoris
1480 3199 1623 3263 Ottonis
1639 3201 1684 3263 II.
1709 3201 1860 3283 primum
1884 3213 1920 3266 et

1090 3323 1321 3404 praecipuum
1352 3322 1569 3385 fundationis
1601 3343 1628 3387 s.
1657 3323 1768 3386 Blasii
1794 3324 1919 3387 funda-

1090 3455 1246 3508 mentum
1262 3454 1468 3527 suspectum
1486 3445 1651 3509 reddidit.
1675 3447 1808 3510 Verum
1825 3447 1920 3530 prin·

1090 3588 1176 3650 ceps
1199 3588 1220 3628 a
1243 3567 1401 3650 piissima
1428 3567 1653 3649 imperatrice
1677 3569 1724 3632 M.
1749 3569 1920 3648 Therasia

179 3691 224 3752 ad
234 3690 486 3752 declarandum
500 3701 535 3752 et
548 3691 799 3753 dilaudandum
813 3692 880 3753 hoc
893 3692 1009 3773 ipsum
1048 3670 1051 3797 Ξ
1088 3690 1245 3774 benigne
1257 3700 1446 3771 susceptus
1462 3691 1625 3772 obtinuit,
1642 3701 1681 3754 ut
1692 3691 1728 3754 in
1741 3691 1824 3755 divo
1836 3693 1919 3756 Bla-

180 3812 474 3894 divinaepietatis
484 3813 712 3876 inscrutabile
721 3813 1009 3895 mysteriumper-

180 3937 271 3996 bene
289 3934 501 4016 dispositum
514 3945 549 3997 et
562 3936 835 3998 adcomodatum
851 3935 1007 4018 tradidit,

180 4078 250 4138 quo
275 4059 442 4121 continuo
466 4067 658 4141 uterentur,
683 4059 822 4121 omissis
846 4060 1009 4122 omnibus

180 4179 259 4241 aliis
273 4180 380 4243 etiam
393 4181 525 4243 domini
538 4189 574 4242 et
587 4180 732 4243 summis
742 4179 1008 4243 festivitatibus

1089 3814 1142 3876 sio
1159 3813 1283 3876 novitii
1295 3813 1365 3875 iarn
1378 3833 1470 3875 anno
1483 3814 1612 3876 aetatis
1624 3813 1792 3876 vicesimo
1805 3815 1918 3895 primo

1089 3936 1134 3998 ad
1150 3935 1407 4017 professionem
1424 3936 1563 3999 admitti
1578 3934 1740 4017 possent;
1763 3937 1918 4018 diploma

1090 4058 1233 4123 Ottonis
1253 4058 1420 4141 Friburgi
1442 4067 1477 4120 et
1492 4057 1655 4120 Viennae
1675 4058 1917 4122 authenticum

1088 4180 1248 4263 agnitum
1275 4191 1311 4243 et
1334 4181 1565 4259 declaratum,
1588 4189 1625 4241 et
1645 4179 1812 4260 princeps
1837 4200 1917 4262 pre·

183 4302 404 4364 Breviarium
427 4303 522 4364 istud
539 4303 573 4364 in
590 4303 729 4364 duabus
746 4302 917 4364 columnis
932 4310 1009 4365 tex·
1049 4330 1051 4409 Ξ
1089 4302 1190 4366 tiosis
1211 4303 1312 4365 donis
1336 4306 1381 4364 ab
1407 4302 1631 4383 imperatrice
1654 4310 1808 4383 ornatus,
1836 4322 1916 4384 gra-

179 4436 254 4486 tum
265 4424 429 4486 Latinum
443 4433 479 4486 et
489 4424 686 4486 versionem
697 4423 943 4488 Germanicam
959 4425 1010 4487 in·
1049 4422 1051 4475 !
1089 4425 1278 4489 tiosissime
1295 4425 1462 4487 dimissus
1478 4436 1542 4488 est.
1563 4422 1766 4488 Secundum
1781 4425 1849 4487 iter
1864 4424 1915 4487 fe·

179 4548 324 4611 tellectu
340 4546 480 4609 facilem
497 4547 668 4621 continet3
686 4550 837 4628 putabat
848 4536 1010 4610 nimirum
1049 4594 1051 4649 ἱ
1090 4548 1138 4611 cit
1165 4568 1257 4611 anno
1289 4553 1380 4627 1776.
1407 4548 1573 4630 Ingratus
1600 4548 1658 4610 ille
1686 4557 1722 4610 et
1748 4546 1915 4628 perfidus,

179 4670 304 4750 abbaS,
314 4669 471 4751 virgines
484 4669 582 4749 istas,
595 4669 739 4750 linguae
748 4670 897 4733 Latinae
910 4668 1009 4752 igna-
1088 4691 1197 4752 supra
1212 4671 1413 4733 nominatus
1424 4669 1615 4732 Marcellus
1628 4668 1824 4732 Granicher
1839 4667 1914 4731 offi-

180 4812 249 4872 ras,
265 4791 389 4853 maiori
406 4811 485 4853 curn
501 4791 646 4873 pietatis
661 4791 778 4855 fructu
798 4793 920 4875 lingua
941 4791 1008 4854 sibi
1047 4758 1051 4892 Ξ
1087 4794 1237 4858 cialibus
1260 4785 1483 4874 praesertim,
1512 4790 1571 4871 qui
1599 4790 1772 4853 reditibus
1799 4789 1914 4871 publi-

179 4915 371 4977 vernacula
391 4915 545 4996 psallere
569 4925 630 4976 aut
651 4935 792 4989 canere;
817 4934 939 4978 verum
962 4917 1007 4976 ab
1046 4904 1050 5047 Ξ
1087 4917 1138 4979 cis
1153 4914 1441 4979 administrandis
1457 4912 1701 4995 augendisque
1717 4912 1914 4994 praepositi

180 5036 247 5098 illis
263 5057 334 5100 non
350 5037 513 5118 obtinuit,
530 5037 597 5098 nisi
613 5046 652 5099 ut
668 5047 771 5100 extra
787 5039 931 5100 chorum
945 5039 1007 5100 ho·
1046 5050 1049 5083 i
1087 5049 1201 5120 erant,
1225 5056 1434 5119 persuasum
1458 5055 1537 5098 esse
1560 5035 1682 5115 voluit,
1704 5035 1824 5098 domui
1843 5035 1913 5098 Au-

178 5179 238 5220 ras
258 5160 447 5221 canonicas
467 5159 660 5221 recitantes
679 5161 843 5222 versione
861 5157 1007 5222 Germa·
1086 5161 1238 5225 striacae
1255 5170 1457 5239 competere
1472 5157 1527 5220 ius
1543 5156 1734 5239 colligendi
1749 5157 1785 5219 in
1801 5157 1914 5220 tribus

179 5282 258 5343 nica
285 5292 476 5345 uterentur.
509 5280 674 5345 Ceterum
701 5281 915 5343 breviarium
939 5283 1006 5344 hoc
1046 5318 1048 5400 Ξ
1086 5282 1261 5368 dynastiis
1277 5282 1465 5363 Blumegg,
1481 5278 1752 5363 Bettmaringen
1773 5288 1809 5342 et
1825 5277 1913 5341 Gut-
1992 5308 1995 5314 >

179 5407 276 5488 typis
293 5404 561 5470 San-Blasianis
577 5407 787 5488 impressum
804 5424 909 5486 quam
930 5407 1007 5488 plu·
1046 5432 1048 5480 1
1085 5408 1241 5489 tenburg
1256 5424 1335 5467 cum
1352 5412 1471 5467 monte
1485 5402 1705 5485 Beroviensi,
1721 5403 1817 5485 quod
1833 5421 1913 5482 pro-

1656 5508 1706 5556 16*
