4178 6196
851 452 1134 551 -4513-

206 670 272 727 XII.
301 670 365 726 Aus
389 669 456 725 dem
480 668 699 725 Calendarium.
727 661 788 724 Fir
812 667 950 724 Freunde

117 775 177 831 und
187 774 338 831 Verehrer
349 773 404 830 der
417 773 485 830 hell.
499 773 607 829 Bilder.
621 770 650 851 (i.
665 793 691 830 e.
707 774 753 829 Ex
767 773 947 829 calendario

118 881 176 935 Pro
193 898 217 936 s.
234 880 394 952 imaginum
410 876 599 956 cultoribus.)
617 878 701 943 Lina,
724 875 814 951 1878.

203 1001 285 1057 XIII.
307 1001 429 1057 Bericht
446 998 521 1056 iiber
538 1002 638 1073 einige
654 999 818 1056 kirchliche
835 1000 948 1054 Kunst·

117 1106 220 1161 werke
247 1107 284 1160 im
313 1105 504 1178 Mattigthale
534 1105 592 1160 und
620 1105 729 1161 dessen
758 1101 948 1177 Umgebung.

117 1207 189 1285 (1.5.
212 1209 331 1265 Relatio
353 1209 390 1265 de
412 1209 546 1266 artificiis
570 1209 785 1265 ecclesiasticis
808 1210 837 1263 in
860 1208 948 1272 15115,

116 1333 205 1388 quam
218 1315 345 1387 Mattiga
358 1309 521 1390 interfluit.)
538 1313 571 1368 In
585 1313 642 1369 den
655 1313 884 1386 Mittlreilungen
896 1312 950 1368 der

117 1419 145 1474 k.
162 1418 191 1474 k.
209 1418 563 1474 Central·C0mmission
589 1437 642 1472 zur
663 1417 872 1490 Ersorschung
895 1417 949 1472 der

117 1523 347 1578 Baudenkmale.
370 1521 460 1595 1872.
478 1523 545 1579 CIX
563 1542 592 1597 p.

201 1627 282 1682 XIV.
311 1626 569 1682 Kunstdenkmale
597 1628 625 1680 in
653 1624 868 1682 Schleissheim
898 1625 948 1682 bei

116 1730 210 1786 Wels.
242 1727 272 1807 (i.
301 1749 327 1787 e.
356 1731 461 1806 Opera
488 1732 629 1804 antiquae
656 1732 730 1786 artis
761 1732 791 1785 in
818 1729 948 1786 ecclesia

115 1832 350 1913 Schleissheim.)
371 1833 605 1891 Ebendaselbst.
627 1833 717 1907 1876.
739 1837 824 1890 Neue
839 1835 946 1908 Folge.

117 1938 153 1994 Il.
171 1940 242 1994 XXI
259 1958 288 2014 p.

202 2043 266 2099 XV.
285 2044 342 2099 Die
360 2043 481 2121 Waflen¹
495 2044 554 2099 und
571 2043 712 2119 Wappen
728 2042 851 2099 Christi.
875 2039 945 2118 (1.5.

116 2148 161 2202 De
183 2150 273 2203 armis
297 2162 327 2204 et
349 2150 456 2221 insigni
474 2146 606 2224 Christi.)
630 2147 810 2204 Christliche
835 2148 947 2202 Kunst-

114 2248 234 2306 bla'ttter.
253 2268 282 2323 9.
299 2251 402 2326 Jahrg.
419 2253 475 2307 No,
492 2266 509 2323 3
529 2246 690 2329 (lo—12).

200 2354 280 2411 XVI.
313 2356 376 2411 Der
404 2353 608 2411 Stammbaum
638 2356 758 2411 Christi.
790 2352 819 2432 (i.
845 2374 871 2411 e.
900 2355 947 2410 De

114 2472 272 2514 stemmate
286 2457 419 2537 Christi.)
431 2458 664 2515 Ebendaselbst.
682 2460 739 2515 N0.
752 2475 771 2532 4
784 2456 945 2537 (15—16).

115 2562 229 2618 Eadem
247 2565 372 2618 materia
389 2563 622 2620 continuabitur.

199 2667 295 2723 XVII.
314 2667 371 2722 Die
384 2668 527 2723 Ktinstler
539 2668 594 2723 des
604 2669 794 2724 Mittelalters
810 2669 869 2724 und
882 2669 946 2724 ihre

114 2770 237 2827 Werke.
255 2768 286 2848 (i.
304 2790 330 2827 e.
349 2771 395 2827 De
411 2770 575 2828 artificibus
592 2771 680 2828 medii
697 2773 763 2827 aevi
781 2791 945 2847 eorumque

112 2872 279 2952 operibus)
297 2876 338 2930 lm
348 2876 487 2930 Berichte
501 2873 575 2931 iiber
589 2875 636 2931 die
646 2874 945 2933 Generalversamm·

112 2977 184 3051 lung
201 2978 255 3034 des
273 2979 684 3035 Discesan-Kunsttereines
701 2982 730 3034 in
746 2980 830 3035 Linz.
852 2979 943 3036 1866.

112 3088 313 3158 40-153-5-

196 3229 391 3302 Winkler
423 3241 456 3301 V
463 3243 708 3303 enceslaus
746 3242 943 3327 (Raigra-

111 3357 293 3439 diensis),
306 3357 476 3453 Morauus
488 3358 768 3422 Aichhornensis
781 3382 831 3423 22.
842 3360 941 3443 Sept.

115 3483 195 3557 1728
211 3489 325 3543 1151115.
350 3480 439 3542 Post
462 3491 609 3561 peracta
634 3482 753 3544 studia
776 3482 942 3545 1111511015

109 3603 154 3663 ad
168 3603 387 3665 academiam
400 3602 674 3667 Olomueensem
684 3615 940 3687 transgressus

109 3722 228 3804 ibique
249 3744 313 3805 per
336 3735 409 3788 tres
433 3746 545 3788 annos
565 3728 811 3789 humaniorum
834 3748 942 3790 causa

108 3855 290 3926 1151551115,
328 3847 467 3928 logicae
507 3849 655 3930 aliisque
695 3850 942 3932 peripateticis

109 3966 288 4028 exercitiis
306 3969 489 4050 egregiam
502 3971 648 4032 navavit
665 3990 811 4051 operam
825 3983 860 4034 et
873 3971 942 4034 vir·

108 4097 221 4149 tutum
238 4089 367 4170 studi0,
384 4110 600 4172 morumque,
616 4093 676 4173 qui
692 4113 713 4154 a
728 4093 869 4175 legibus
883 4095 942 4155 de·

108 4209 310 4272 siderantur
326 4212 549 4292 academicis,
573 4224 695 4275 tenore
712 4215 942 4277 moderatori-

107 4333 174 4393 bus
191 4333 265 4394 suis
282 4333 424 4414 plenam
441 4336 540 4398 dedit
552 4336 844 4400 satisfactionem.
866 4338 941 4399 Ad-

106 4454 220 4516 hibita
238 4455 393 4537 diligens
410 4458 638 4538 praeparatio
654 4459 854 4540 mentisque
871 4459 941 4521 dis-

107 4577 223 4638 cussio
247 4576 411 4640 iuvenem
433 4579 588 4641 sedecim
614 4600 785 4643 annorum
810 4583 856 4643 ad
880 4602 941 4644 no-

107 4708 217 4760 strum
246 4701 397 4763 adduxit
424 4702 689 4783 monasterium,
721 4703 755 4764 in
785 4724 870 4786 quo,
901 4717 940 4767 ut

106 4821 362 4903 susciperetur,
384 4843 405 4883 a
426 4842 548 4904 praep.
567 4823 751 4886 Matthaeo
772 4825 939 4906 precibus

105 4941 310 5023 impetravit
326 4954 363 5005 et
382 4954 464 5025 post
482 4945 676 5007 novitiatus
689 4945 772 5008 anni
786 4947 938 5010 curricu-

106 5065 177 5126 lum
195 5069 224 5127 5.
237 5064 324 5128 Dec.
348 5072 426 5145 1745
446 5067 480 5128 in
497 5088 621 5130 manus
638 5067 798 5130 eiusdem
815 5089 938 5152 praep.

105 5188 290 5249 sollemnia
314 5188 430 5251 51111511
451 5200 546 5270 vota,
571 5209 700 5252 nomen
724 5192 938 5273 baptismale

105 5310 271 5372 retinens
297 5311 385 5372 Tum
410 5313 456 5373 ad
481 5312 598 5375 studia
619 5313 824 5395 theologica
844 5314 938 5377 domi

104 5450 143 5492 se
169 5432 341 5514 accinxit,
363 5434 492 5513 quibus
514 5435 741 5498 laudabiliter
764 5437 939 5500 absolutis

991 665 994 703 ¹
1032 663 1233 727 sacerdotio
1256 664 1414 727 initiatur
1436 676 1472 728 et
1492 685 1584 729 anno
1606 672 1684 745 1752
1710 668 1745 730 in
1768 669 1863 731 15510

1030 787 1292 850 Purificationis
1317 789 1491 871 primitias
1513 791 1718 854 celebravit.
1742 791 1862 855 Conti-

1029 929 1099 972 nuo
1116 921 1303 993 neomysta
1319 911 1472 994 Iosepho
1491 911 1652 975 Ortovita
1672 913 1861 976 bibliothe-

1029 1032 1124 1094 cario
1137 1032 1302 1094 solatium
1314 1035 1418 1096 datur
1426 1053 1540 1116 quem,
1555 1043 1594 1097 ut
1606 1035 1641 1097 in
1655 1035 1861 1097 ordinandis

1028 1155 1128 1216 libris
1152 1155 1347 1236 adiuvaret,
1366 1157 1510 1239 excepit
1527 1158 1742 1238 mandatum,
1757 1157 1860 1219 simul

1028 1296 1114 1339 vero
1153 1277 1392 1358 praedicando
1428 1282 1575 1342 verbum
1614 1280 1772 1343 divinum
1807 1301 1860 1344 se-

1029 1400 1112 1460 dulo
1126 1419 1271 1480 operam
1284 1399 1466 1481 impendit.
1484 1401 1706 1484 Philologiae
1719 1422 1860 1484 semper

1028 1521 1290 1584 amantissimus
1302 1525 1481 1586 remansit.
1507 1524 1565 1587 Ad
1580 1526 1808 1588 excitandum
1825 1526 1859 1588 in

1028 1643 1158 1706 Christi
1181 1644 1304 1707 militia
1328 1645 1505 1708 fervorem
1529 1666 1652 1729 praep.
1670 1649 1857 1711 Bonaven-

1027 1776 1107 1828 tura
1119 1767 1356 1829 Venceslaum
1374 1789 1402 1830 2.
1420 1768 1516 1850 Aug.
1538 1774 1616 1849 1757
1635 1770 1858 1852 subpriorem

1028 1890 1152 1949 domus
1173 1888 1259 1952 fecit
1282 1900 1318 1952 et
1339 1891 1504 1953 absoluto
1525 1894 1570 1953 ab
1595 1890 1713 1954 officio
1732 1893 1858 1955 biblio-

1027 2011 1184 2090 thecarii,
1206 2011 1419 2092 inspectoris
1440 2013 1578 2075 511111155
1602 2034 1642 2076 55
1664 2014 1858 2096 provisoris

1026 2133 1246 2214 provinciam
1274 2135 1512 2198 demandavit.
1552 2136 1673 2199 Bonae
1700 2138 1856 2220 discipli-

1027 2273 1094 2316 nae
1121 2254 1401 2318 studiosissimus
1429 2257 1589 2339 explevit
1615 2260 1660 2320 ad
1688 2261 1854 2323 amussim

1027 2376 1219 2457 superioris
1240 2380 1409 2441 mandata
1429 2400 1560 2461 neque,
1581 2391 1620 2443 ut
1642 2393 1767 2444 exorto
1792 2403 1856 2465 per

1027 2497 1203 2561 Borussos
1226 2519 1319 2562 anno
1346 2505 1425 2580 1758
1447 2503 1616 2584 tumultu,
1638 2513 1741 2585 terga
1763 2524 1854 2566 mon.

1026 2631 1182 2683 verteret
1210 2623 1376 2703 exemplo
1399 2623 1526 2703 prloris
1552 2634 1575 2687 t.
1600 2635 1623 2686 t.
1650 2626 1768 2688 induci
1791 2645 1854 2707 po-

1025 2752 1127 2825 terat,
1142 2743 1246 2805 11111110
1262 2745 1382 2825 potius
1395 2754 1516 2807 eustos
1529 2747 1653 2808 domus
1666 2767 1853 2810 remanens

1025 2884 1089 2945 per
1105 2865 1232 2927 missas
1248 2866 1384 2948 legales
1401 2867 1583 2930 citatorias
1607 2870 1653 2930 ad
1678 2880 1854 2932 monaste-

1024 2987 1111 3049 rium
1129 2988 1163 3049 in
1180 2987 1267 3070 fuga
1283 2988 1495 3051 constitutos
1508 2991 1699 3053 revocavit.
1724 2992 1852 3072 Praep.

1024 3109 1277 3171 Bonaientura
1293 3109 1367 3172 vita
1390 3110 1512 3173 functo
1536 3133 1606 3174 una
1630 3132 1708 3174 cum
1726 3113 1764 3174 P.
1779 3114 1853 3175 Fri-

1023 3232 1142 3292 derico
1159 3230 1276 3312 priore
1293 3242 1329 3294 et
1341 3232 1381 3293 P.
1396 3232 1567 3296 Othmaro
1583 3236 1853 3317 praepositurae

1022 3353 1234 3416 candidatus
1253 3375 1272 3415 e
1288 3356 1424 3437 gremio
1440 3355 1587 3418 fratrum
1599 3357 1774 3440 Raigrad.
1792 3379 1852 3421 no-

1021 3477 1183 3558 minatur,
1200 3479 1294 3539 unde
1311 3488 1421 3561 patet,
1439 3498 1519 3541 eum
1537 3480 1689 3542 omnium
1706 3481 1775 3543 sibi
1791 3483 1852 3543 ad-

1022 3598 1210 3679 quisivisse
1223 3620 1357 3662 morum
1367 3620 1508 3663 suorum
1522 3604 1675 3664 candore
1687 3603 1853 3665 555111115-

1021 3722 1163 3785 110115111.
1195 3723 1338 3785 Electus
1366 3732 1421 3786 551
1447 3723 1638 3787 Othmarus
1665 3726 1701 3788 in
1729 3745 1852 3807 praep.

1026 3864 1072 3923 17.
1086 3843 1149 3907 Iul.
1168 3849 1257 3926 1764,
1269 3845 1330 3927 qui
1339 3844 1588 3929 Venceslaum,
1605 3847 1687 3910 inde
1701 3851 1747 3910 ab
1760 3869 1852 3910 anno

1025 3971 1104 4043 17115
1132 3970 1183 4030 26.
1207 3966 1310 4028 Febr.
1334 3968 1528 4049 parochum
1552 3970 1689 4051 Raigr,
1714 3969 1851 4031 sincero

1023 4089 1214 4150 adamabat
1238 4109 1358 4153 amore
1384 4102 1420 4153 et
1441 4091 1614 4154 ecclesiae
1635 4112 1662 4154 s.
1679 4091 1793 4154 crucis
1817 4092 1851 4152 111

1022 4213 1157 4292 oppido
1184 4213 1348 4296 Raigrad
1380 4216 1619 4277 exstruendae
1647 4233 1738 4275 anno
1771 4219 1849 4293 1705

1021 4335 1196 4398 commisit
1209 4336 1561 4399 administrationem.
1580 4335 1851 4398 P.Venceslaus

1020 4458 1149 4518 multos
1166 4456 1376 4519 affabilitate
1393 4476 1458 4519 sua
1471 4466 1597 4518 nactus
1614 4466 1669 4518 est
1685 4457 1850 4519 benefac-

1019 4588 1125 4658 tores,
1147 4578 1269 4658 sicque
1291 4577 1418 4659 effecit,
1444 4588 1482 4640 ut
1506 4577 1649 4640 biennio
1673 4589 1755 4660 post
1779 4598 1849 4642 sec.

1019 4699 1196 4762 dominica
1212 4710 1295 4780 post
1311 4701 1446 4781 pascha
1462 4700 1614 4762 ecclesia
1634 4698 1850 4781 amplificata

1018 4822 1179 4884 sollemni
1204 4822 1274 4884 ritu
1301 4822 1465 4885 benedici
1493 4823 1658 4905 potuerit.
1693 4823 1849 4885 Decreto

1019 4945 1254 5007 consistoriali
1280 4946 1376 5009 ddto.
1404 4966 1450 5008 10.
1472 4947 1560 5028 Apr.
1585 4946 1743 5008 eiusdem
1767 4945 1850 5008 anni

1019 5067 1170 5129 eeclesia
1193 5068 1239 5128 ad
1262 5087 1446 5131 aerucam
1468 5068 1502 5129 in
1523 5068 1761 5150 parochialem
1778 5071 1849 5131 ele-

1017 5199 1102 5253 vata
1117 5189 1184 5253 11111
1200 5200 1237 5252 51
1248 5190 1470 5253 Venceslaus
1486 5210 1614 5253 novam
1632 5193 1773 5254 domum
1786 5211 1849 5273 pa-

1017 5313 1207 5375 rochialem
1233 5312 1316 5375 huic
1332 5313 1485 5375 obviam
1514 5312 1618 5376 sitam
1649 5314 1848 5378 Inhabitare

1018 5435 1136 5517 coepit
1152 5454 1264 5517 usque
1285 5438 1331 5497 ad
1353 5455 1482 5498 annum
1503 5455 1599 5518 1770,
1620 5456 1690 5518 quo
1707 5438 1848 5500 domum

1588 5540 1620 5602 ⁶5
