4178 6196
961 401 1242 486 -196-

313 607 366 663 111.
380 606 456 663 Dem
466 605 633 662 Andenken
647 607 700 662 des
714 607 889 664 Marschalls
899 607 1057 684 Radetzky

225 732 285 771 von
301 715 396 770 einem
414 710 712 768 Oberdsterreicher.
737 708 878 789 (Carmen
895 715 1056 769 memoriae

226 819 382 875 clarissimi
404 817 481 874 illius
503 816 572 873 belli
590 818 675 873 ducis
691 818 848 894 Radetdty
864 815 1055 896 dedicatum.)

225 925 323 991 wien,
341 923 434 979 Auer.
456 921 546 995 1858.
564 921 605 978 8⁰.
624 921 642 978 8
660 942 689 998 p.

178 1010 185 1027 ⁰
312 1027 363 1085 lV.
380 1028 496 1083 Xenien
513 1046 578 1082 zum
600 1041 647 1084 10.
664 1025 836 1084 November
857 1025 947 1100 1859.
969 1028 1054 1095 Linz,

225 1133 428 1207 Feichtinger.
451 1133 540 1206 1859.
558 1131 601 1189 80.
619 1129 637 1188 6
654 1151 684 1207 p.

311 1260 460 1321 Praeter
480 1259 583 1341 plura
600 1260 755 1322 carmina
770 1261 878 1323 variis
899 1261 1055 1324 occasio-

224 1382 328 1444 nibus
345 1382 546 1463 conscripta
563 1392 599 1444 et
612 1382 646 1445 in
660 1382 809 1445 diversis
822 1383 1054 1465 ephemeridi-

224 1508 291 1568 bus
316 1507 462 1587 vulgata
486 1506 605 1587 plures
629 1506 742 1569 edidit
765 1507 868 1569 ludos
895 1507 1055 1570 scenicos

224 1648 288 1710 pro
304 1629 424 1710 pueris
441 1639 477 1691 et
493 1629 634 1709 puellis:

311 1765 343 1835 o)
364 1763 421 1819 Die
438 1763 550 1838 jungeri
573 1763 809 1822 Wildschdtzen.
831 1766 984 1842 Lustspiel
1009 1765 1055 1822 fur

224 1867 338 1924 Kinder
360 1871 389 1924 in
410 1870 505 1924 einem
523 1867 669 1943 Aufzuge.
687 1867 728 1941 38
745 1889 774 1945 p.
804 1869 836 1942 b)
856 1870 920 1927 Das
939 1872 1056 1945 Neget·

223 1972 378 2030 madchen.
397 1973 550 2048 Lustspiel
564 1973 612 2029 liir
624 1973 737 2030 Kinder
753 1975 782 2030 in
798 1976 894 2030 einem
907 1974 1053 2050 Aulzuge.

222 2091 264 2149 40
281 2098 309 2153 p.
334 2079 362 2154 c)
383 2078 439 2133 Ein
461 2077 697 2136 Waisenknabe.
718 2079 1004 2156 Kinderschauspiel
1025 2082 1054 2136 in

223 2175 529 2256 1111111111111211711.42
544 2202 574 2258 p.
591 2183 623 2257 d)
632 2183 690 2239 Die
705 2183 920 2259 patriotischen
930 2183 1053 2241 Kinder.

223 2285 402 2362 Schauspiel
429 2287 475 2343 fiir
496 2287 610 2344 Kinder
633 2290 661 2343 in
683 2289 778 2345 einem
796 2288 943 2365 Auszuge.
964 2289 1005 2362 38
1023 2310 1052 2367 p.

220 2391 247 2464 e)
264 2392 321 2447 Die
334 2391 447 2466 jungeri
464 2392 697 2451 Auswanderer.
719 2393 1007 2472 Kinderschauspiel
1025 2398 1054 2451 in

220 2498 316 2552 einem
333 2495 479 2571 Aulzuge.
501 2512 542 2570 40
559 2492 588 2573 p.
613 2493 700 2576 (ιι-ι·
715 2499 892 2573 prodierunt
908 2499 1052 2569 Viennae,

220 2601 312 2658 Auer.
335 2599 424 2675 1855.
443 2598 497 2680 80.)
521 2636 564 2644 -
578 2603 618 2680 s)
634 2603 698 2659 Der
714 2602 918 2661 Waldbruder
933 2604 986 2660 auf
999 2605 1053 2661 der

219 2707 302 2779 Burg
318 2707 504 2762 Barenstein.
533 2708 743 2764 Dramatische
763 2708 983 2784 Unterhaltung
1006 2709 1052 2765 ldr

220 2811 267 2867 die
284 2811 401 2887 Jugend
418 2813 447 2867 in
464 2813 560 2868 einem
576 2812 644 2868 Act.
667 2812 764 2869 Nebst
784 2815 880 2869 einem
897 2814 975 2871 Vor·
992 2814 1050 2870 und

219 2916 390 2992 Nachspiel.
407 2914 448 2989 58
466 2936 496 2992 p.
518 2918 554 2992 g)
569 2917 761 2984 Wer.tveiss‚
778 2937 863 2974 wozu
881 2936 914 2974 es
930 2932 985 2992 gut
1002 2921 1048 2976 ist.

218 3021 374 3098 Lustspiel
399 3021 445 3077 fiir
469 3022 583 3078 Kinder
607 3024 635 3078 in
661 3025 756 3079 einem
781 3022 928 3097 Auszuge.
953 3038 992 3094 32
1020 3044 1048 3100 p.

217 3126 251 3199 h)
274 3126 337 3182 Der
360 3124 710 3203 Sprichwort·l{rdmer
737 3128 795 3184 und
823 3130 906 3184 seine
934 3130 1050 3203 Pllege·

219 3231 346 3288 tochter.
374 3232 554 3307 Schauspiel
582 3230 629 3287 hir
653 3233 766 3289 Kinder
789 3235 818 3288 in
843 3235 916 3289 zwei
941 3233 1049 3291 Acten.

219 3352 256 3410 51
277 3355 306 3411 p.
338 3336 563 3411 ijVergoldete
584 3338 681 3393 Ndsse
701 3358 767 3393 zum
790 3335 981 3394 Christbaum
1004 3338 1050 3396 fiir

218 3454 290 3514 gute
308 3441 430 3497 Kinder.
456 3442 664 3497 Dramatische
686 3439 794 3498 Scene.
826 3441 857 3514 k)
880 3443 943 3499 Der
967 3443 1049 3499 [roh-

218 3545 296 3601 liche
312 3545 507 3603 Grossvater.
525 3547 549 3601 F
551 3545 732 3602 amilienbiltl
753 3547 800 3603 sur
821 3548 869 3604 die
884 3548 1002 3624 Jugend
1020 3551 1049 3604 in

218 3651 313 3711 einem
326 3649 473 3725 Aufzuge.
487 3651 582 3717 Wels‚
601 3650 691 3724 1858.
708 3665 748 3722 32
764 3672 793 3728 p.
817 3652 1048 3726 HNachSturm

1136 607 1233 662 einem
1250 605 1550 663 Oberdsterreicher.
1577 602 1607 684 (i.
1630 625 1656 664 e.
1683 608 1769 664 Miles
1791 608 1970 665 Austriacus

1136 712 1164 765 in
1182 724 1264 767 terra
1281 707 1403 789 hostili.)
1419 718 1462 784 4⁰.
1479 727 1521 784 30
1538 733 1566 788 p.

1223 815 1258 871 V.
1284 815 1548 892 Herzensproben.
1574 816 1840 875 Vaterlandisches
1856 817 1968 874 Volks·

1135 920 1306 995 schauspiel
1337 922 1366 976 in
1393 921 1457 977 drei
1481 920 1639 996 Auszdgen
1661 940 1722 978 von
1747 924 1843 978 einem
1868 921 1968 979 Ober-

1135 1025 1346 1081 dsterreicher.
1363 1022 1393 1102 (i.
1404 1045 1430 1082 e.
1444 1025 1645 1082 Probationes
1663 1023 1785 1103 cordis.)
1801 1033 1845 1099 40.
1867 1040 1921 1098 131
1937 1047 1968 1103 p.

1221 1147 1272 1204 VI.
1293 1147 1372 1203 Male
1394 1147 1443 1204 die
1459 1147 1536 1204 Lilie
1558 1148 1648 1204 nicht.
1673 1148 1826 1224 Lustspiel
1851 1150 1880 1204 in
1904 1149 1966 1204 drei

1134 1249 1302 1324 Aulztigen.
1318 1248 1348 1328 (i.
1366 1270 1393 1307 e.
1410 1252 1477 1309 Noli
1494 1253 1621 1327 pingere
1637 1249 1750 1329 lilium.)
1766 1259 1809 1325 4⁰.
1828 1251 1866 1310 82
1886 1272 1915 1329 p.

1221 1372 1287 1428 Vll.
1319 1373 1382 1430 Der
1413 1372 1594 1430 Schneeball
1626 1374 1681 1430 der
1711 1373 1966 1431 Friedensstilter.

1135 1477 1290 1553 Lustspiel
1316 1477 1362 1534 fiir
1383 1478 1431 1535 die
1446 1479 1564 1555 Jugend
1587 1481 1616 1535 in
1637 1482 1733 1535 einem
1749 1479 1887 1554 Aulzuge
1908 1498 1967 1535 von

1069 1656 1074 1670 Ι
1134 1582 1167 1639 Ρ.
1185 1584 1224 1639 Μ.
1242 1582 1280 1638 Η.
1297 1579 1327 1660 (i.
1341 1601 1367 1639 e.
1386 1581 1516 1640 Glebula
1532 1585 1609 1640 nivis
1626 1597 1781 1641 auctorum
1799 1582 1906 1663 pacis.)
1923 1590 1965 1656 4⁰.

1135 1684 1176 1758 36
1194 1706 1223 1762 l>-

1221 1805 1372 1887 Insuper
1395 1816 1520 1869 extant
1545 1807 1702 1870 eiusdem
1725 1808 1967 1891 manuscripta

1134 1928 1302 2009 poemata
1317 1928 1433 1990 varia:

1221 2055 1254 2128 a)
1274 2053 1316 2111 80.
1335 2070 1373 2127 (72
1392 2073 1435 2130 p.;
1460 2055 1492 2129 b)
1511 2062 1553 2128 4².
1571 2054 1612 2128 58
1627 2076 1656 2132 p.
1674 2053 1794 2133 (Omnia
1810 2058 1965 2133 praedicta

1135 2161 1337 2234 manuscripta
1357 2159 1477 2216 adserv.
1499 2161 1526 2215 in
1552 2158 1689 2217 biblioth.
1714 2164 1791 2236 sign.
1809 2163 1842 2219 P.
1864 2160 1965 2241 1—9.)

1216 2307 1493 2402 Holzermayr
1528 2319 1770 2383 Leonardus
1803 2322 1964 2404 (Cremi-

1132 2433 1355 2517 fauensis),
1387 2447 1494 2497 antea
1526 2436 1716 2519 losephus‚
1751 2440 1964 2504 Austriacus

1132 2556 1342 2638 Welsensi5‚
1366 2557 1423 2618 die
1444 2562 1495 2620 30.
1512 2556 1721 2621 Decembris
1747 2565 1826 2640 1738
1847 2574 1963 2644 natuS,

1131 2678 1359 2741 humanitatis
1376 2689 1412 2741 et
1426 2680 1672 2761 philosophiae
1689 2682 1816 2744 studiis
1832 2684 1867 2745 in
1884 2704 1964 2747 aca-

1131 2802 1247 2864 demia
1267 2801 1523 2865 Cremifanensi
1544 2805 1708 2867 excultus
1729 2825 1756 2869 S.
1769 2806 1961 2889 *ingressus

1130 2923 1329 2986 tirocinium
1346 2923 1403 2985 die
1425 2945 1471 3002 14.
1489 2922 1589 3005 Sept.
1611 2930 1691 3004 1759
1713 2928 1757 2989 ad
1780 2947 1807 2990 S.
1825 2928 1961 3011 profes·
2044 2972 2046 2979 -

1131 3047 1265 3109 sionem
1281 3046 1456 3108 admissus
1473 3056 1537 3110 est.
1563 3046 1734 3111 Confecto
1755 3051 1960 3134 theologiae

1131 3178 1166 3233 et
1182 3169 1267 3232 iuris
1282 3169 1466 3250 utriusque
1488 3171 1699 3250 prudentiae
1716 3173 1891 3236 curriculo
1907 3194 1961 3237 sa·

1088 3316 1091 3355 1
1131 3292 1199 3355 cris
1226 3291 1385 3354 initiatus
1409 3300 1463 3355 est
1488 3291 1544 3354 die
1570 3313 1620 3371 ²4-
1648 3295 1736 3375 Apr.
1765 3300 1856 3373 1703.
1892 3297 1961 3359 Per

1087 3720 1090 3731 1

219 3755 456 3811 Sonnenschein.
486 3756 669 3813 Landliches
693 3754 872 3833 Schauspiel
896 3760 925 3814 in
951 3760 1046 3814 einem
1087 3743 1090 3768 ¹

217 3859 364 3933 Auszuge.
383 3860 477 3927 Wels‚
496 3861 589 3917 llaas.
612 3860 701 3933 1870.
719 3875 760 3934 39
778 3881 807 3937 p.

305 3979 497 4041 Praeterea
507 3981 594 4042 haec
604 3981 764 4043 dramata
773 3980 915 4062 reliquit
927 4001 1047 4043 manu·

218 4101 365 4184 scripta:

305 4229 327 4284 l.
344 4229 427 4285 Nach
440 4228 494 4284 der
506 4228 696 4285 Revolution.
715 4227 879 4285 Genrebild
892 4248 946 4285 aus
959 4248 1047 4285 unse-

219 4352 267 4388 rer
276 4335 342 4389 Zeit
354 4336 383 4389 in
396 4335 492 4389 einem
502 4332 560 4389 Act
569 4353 628 4389 von
641 4334 737 4389 einem
748 4333 1047 4390 Oberdsterreicher.

218 4438 247 4518 (i.
265 4459 291 4496 e.
311 4441 384 4496 Post
399 4439 627 4496 revolutionem.
650 4438 825 4514 Descriptio
847 4415 951 4496 horum
975 4453 1047 4495 tem-

218 4544 347 4623 porum.)
364 4551 407 4618 40.
425 4561 460 4602 21
483 4565 511 4620 p.

303 4651 341 4707 ll.
366 4650 579 4707 Vormarzlich.
608 4648 773 4705 Genrebild
801 4650 829 4704 in
854 4650 949 4705 einem
974 4647 1047 4705 aut·

217 4775 293 4829 zuge
317 4774 377 4813 von
405 4758 501 4811 einem
526 4755 825 4812 Oberdsterreicher.
861 4750 1046 4832 (Descriptio

218 4875 386 4935 temporum
399 4873 469 4916 aute
482 4878 614 4916 mensem
627 4860 764 4915 Martium
783 4855 886 4936 1848.)
902 4865 944 4932 40.
967 4873 1001 4932 17
1016 4878 1045 4935 p.

303 4967 356 5022 lll.
373 4967 464 5022 Braut
482 4966 540 5022 und
557 4967 671 5021 Nonne.
689 4966 746 5021 Ein
762 4965 786 5020 F
788 4964 1047 5044 amiliengemalde

216 5090 270 5127 aus
287 5090 412 5127 unserer
428 5073 493 5127 Zeit
509 5073 537 5126 in
555 5072 649 5126 einem
666 5069 753 5127 Acte.
778 5066 808 5149 (i.
826 5088 853 5125 e.
874 5067 996 5146 Sponsa
1018 5082 1048 5126 et

217 5175 376 5254 monialis.)
393 5183 435 5249 4⁰.
455 5190 495 5231 20
511 5194 540 5250 p.

305 5281 355 5337 IV.
373 5281 436 5335 Der
455 5280 705 5336 osterreichische
719 5280 849 5352 Krieger
862 5279 891 5333 in
903 5278 927 5333 F
930 5276 1047 5333 eindes·

216 5385 294 5442 land.
323 5385 630 5458 Charaktergemiilde
654 5388 682 5440 in
707 5387 780 5440 zwei
804 5380 962 5455 Ausztigen
986 5401 1046 5438 von

1129 3414 1309 3477 biennium
1320 3424 1545 3494 cooperat0r;
1558 3425 1684 3494 postea
1693 3417 1958 3498 grammaticae,

1128 3536 1336 3618 rhetoricae,
1357 3536 1560 3618 theologiae
1577 3537 1802 3619 dogmaticae
1825 3539 1960 3621 profes·

1128 3681 1196 3743 sor,
1218 3658 1455 3722 confessarius
1475 3660 1689 3742 monasterii,
1714 3661 1803 3723 obiit
1828 3661 1885 3724 die
1913 3668 1958 3725 ro.

1129 3784 1217 3865 Apr.
1234 3788 1329 3874 ¹1784.

1215 3904 1343 3966 Editae
1360 3915 1456 3966 sunt:

1214 4031 1413 4088 ,hdsertiones
1438 4049 1475 4085 ex
1498 4031 1636 4085 universa
1659 4031 1812 4105 theologia
1834 4031 1959 4107 dogma·

1129 4140 1188 4194 tica
1204 4150 1272 4202 etc„
1289 4135 1428 4211 praeside
1441 4135 1473 4190 P.
1487 4134 1650 4190 Leonardo
1664 4135 1871 4211 Holzermayr.
1889 4135 1959 4214 Sty-

1086 4248 1089 4309 ξ
1128 4244 1190 4309 rte,
1208 4240 1363 4297 Wimmer.
1386 4253 1474 4312 1779.
1492 4245 1535 4310 40.
1554 4253 1595 4294 2ο
1611 4259 1640 4315 p.

1212 4389 1444 4486 Holzmayr
1471 4398 1752 4482 Wolfgangus
1781 4399 1959 4482 (1311111111-

1127 4517 1289 4600 censis),
1312 4527 1417 4580 natus
1434 4519 1468 4580 in
1485 4521 1574 4580 urbe
1591 4517 1700 4600 Styra
1716 4520 1885 4583 Austriae
1903 4540 1958 4584 su-

1127 4641 1275 4725 perioris
1297 4643 1431 4722 1720(?)
1449 4642 1484 4703 in
1502 4642 1714 4704 monasterio
1728 4640 1958 4706 Gluniacensi

1127 4764 1160 4826 ei
1183 4764 1260 4826 urbi
1285 4763 1400 4825 vicino
1422 4775 1507 4826 vota
1532 4765 1715 4826 sollemnia
1739 4767 1898 4847 suscepit
1922 4777 1957 4829 et

1127 4888 1292 4949 sacerdos
1305 4897 1360 4947 est
1369 4886 1610 4968 inauguratus
1628 4887 1697 4948 Per
1710 4888 1833 4950 decem
1846 4908 1958 4951 annos

1128 5010 1325 5091 (1749-59)
1343 5008 1378 5071 in
1395 5009 1583 5091 gymnasio
1600 5009 1867 5092 Salisburgensi
1883 5010 1957 5074 uni-

1126 5131 1287 5194 versitati
1305 5132 1616 5195 Benedictinorum
1638 5134 1779 5195 adnexo
1802 5133 1957 5215 discipli·

1126 5275 1191 5317 nas
1214 5254 1477 5336 grammaticam
1501 5254 1621 5336 poesis
1647 5266 1683 5318 et
1702 5256 1900 5318 rhetoricae
1921 5266 1958 5319 et

1127 5398 1190 5460 per
1206 5379 1295 5440 duos
1311 5397 1423 5440 annos
1436 5388 1627 5459 sequentes
1645 5381 1841 5460 (1760-01)
1859 5381 1956 5442 theo·
