4178 6196
858 468 899 475 -
945 429 1084 493 CXVII
1132 469 1170 478 -

144 671 181 720 et
206 678 252 720 ex
275 668 380 741 parte
403 657 640 741 perfecerunt.
672 658 726 720 Ex
744 659 943 721 Armenicis
967 658 1120 738 denique
1144 658 1327 721 sodalibus
1343 658 1577 721 Hunanianus
1595 658 1727 720 Paulus
1751 678 1881 740 magna

141 799 313 862 historiae
337 798 540 881 cognitione
564 799 704 861 eminet.

274 931 410 1021 Neque,
428 957 519 1019 quae
535 937 744 1020 disciplinae
757 958 835 1001 cum
854 939 1001 1002 historia
1014 941 1204 1001 cohaerent
1220 940 1265 1000 ad
1283 949 1395 1001 artem
1408 938 1697 1020 geographIcam,
1714 939 1880 1000 archaeo·

143 1079 308 1161 logicam,
332 1078 566 1160 geologicam,
590 1076 871 1140 numismaticam
895 1088 1111 1160 spectantes,
1136 1100 1156 1140 a
1174 1078 1417 1141 Benedictinis
1433 1079 1572 1140 alienae
1590 1089 1699 1140 erant.
1733 1076 1878 1140 Summa

143 1219 250 1280 laude
281 1217 390 1300 digna
422 1228 520 1296 sunt,
556 1237 647 1299 quae
682 1218 900 1299 scripserunt
935 1218 1107 1299 Iosephus
1139 1218 1388 1300 Schaukoegel
1420 1216 1728 1280 Seitenstettensis
1759 1234 1877 1297 opere,

144 1356 240 1438 quod
267 1375 374 1438 ,ager
397 1355 650 1436 Billunganus“
676 1356 893 1427 inscribitur;
918 1356 1103 1419 Florianus
1127 1356 1300 1419 Wimmer
1323 1354 1612 1427 Cremifanensis;
1646 1354 1878 1417 carlmannus

144 1495 230 1557 Flor
257 1493 527 1575 Sanpaulensis;
559 1495 793 1557 numismatici
817 1495 1004 1558 Florianus
1031 1496 1167 1558 Romer
1197 1496 1242 1556 de
1272 1495 1395 1558 Monte
1427 1495 1650 1565 Pannoniae;
1684 1493 1880 1555 Norbertus

144 1635 309 1696 Dechant
333 1631 526 1696 Scotensis.

275 1772 379 1835 Nova
402 1772 550 1852 ratione,
575 1792 644 1852 qua
668 1773 848 1854 theologia
871 1783 907 1834 et
930 1773 1078 1835 historia
1101 1775 1361 1854 tractabantur,
1386 1773 1504 1834 studia
1526 1773 1726 1854 linguarum
1750 1791 1880 1853 magno

146 1932 255 1993 opere
286 1921 391 1973 aucta
423 1911 608 1994 magisque
633 1932 737 1993 quam
769 1923 873 1974 antea
905 1913 1000 1972 culta
1031 1920 1121 1973 sunt.
1168 1911 1346 1974 Praeclari
1378 1922 1460 1975 sunt
1491 1910 1643 1972 Czuczor
1674 1908 1880 1992 Gregorius.

148 2048 313 2112 Guzmics
328 2049 496 2130 IsidoruS,
510 2049 675 2132 Foitenyi
689 2049 889 2131 CassianuS,
907 2050 1121 2113 Bertholdus
1136 2049 1267 2112 Habak
1284 2071 1303 2111 e
1319 2050 1442 2113 Monte
1458 2049 1673 2129 Pannoniae,
1693 2050 1752 2130 qui
1768 2049 1881 2110 Hora·

146 2191 233 2252 tium
251 2200 287 2251 et
302 2189 476 2268 Tacitum,
493 2188 686 2251 Homerum
703 2200 739 2252 et
755 2188 969 2271 Sophoclem
985 2191 1021 2253 in
1037 2191 1193 2272 linguam
1210 2190 1452 2272 Hungaricam
1476 2199 1736 2269 converterunt,
1761 2208 1880 2250 eorum

148 2331 277 2393 fratres
300 2330 453 2392 Iacobus
476 2328 504 2390 F
508 2348 666 2412 erenczy,
692 2329 843 2391 Alexius
868 2328 1015 2412 GulgaS,
1039 2329 1112 2391 Leo
1128 2332 1287 2411 Kuncze,
1311 2330 1371 2411 qui
1395 2330 1537 2411 scriptis
1561 2330 1606 2391 ad
1629 2342 1740 2391 artem
1764 2347 1880 2410 gram-

147 2469 312 2532 maticam
336 2480 372 2530 et
395 2468 576 2530 historiam
605 2468 802 2531 litterarum
831 2468 1077 2550 spectantibus
1100 2488 1229 2532 nomen
1253 2470 1320 2531 sibi
1343 2469 1521 2541 fecerunt;
1546 2470 1679 2530 Paulus
1702 2468 1880 2530 Hofmann

147 2607 341 2685 ScotensiS‚
358 2607 418 2687 qui
435 2606 560 2669 studiis
576 2607 719 2689 linguae
737 2605 975 2670 Sanscriticae
991 2607 1181 2688 praestitit,
1197 2607 1270 2670 Leo
1287 2604 1506 2670 Petemader
1526 2618 1563 2670 et
1578 2607 1733 2670 Mathias
1749 2607 1882 2669 Hoefer

147 2745 442 2826 Cremifanenses,
466 2764 615 2826 quorum
632 2744 728 2825 prior
751 2745 893 2827 linguae
918 2743 1088 2827 Graecae,
1113 2746 1290 2827 posterior
1313 2744 1547 2809 Germanicae
1570 2747 1713 2808 studuit.
1750 2746 1882 2826 Magna

148 2885 255 2947 etiam
280 2884 461 2947 Armenici
484 2884 618 2947 ordinis
641 2885 783 2946 sodales
808 2883 1011 2965 effecerunt,
1036 2896 1071 2947 et
1095 2905 1187 2966 quae
1211 2885 1429 2967 scripserunt
1453 2885 1678 2967 Agdinianus
1699 2885 1882 2964 Arsenius.

147 3023 389 3105 Casparianus
401 3023 526 3105 Minas,
537 3021 794 3086 Caterdschian
803 3023 986 3105 Iosephus,
997 3022 1254 3086 Caracaschian
1265 3023 1430 3103 MathiaS,
1443 3023 1576 3105 Bosagi
1589 3023 1750 3102 Iacobus,
1760 3023 1883 3084 Devri·

147 3163 272 3225 schian
289 3161 508 3244 Seraphinus
528 3162 563 3225 In
587 3162 741 3244 optimis,
767 3183 857 3244 quae
874 3162 1073 3242 composita
1088 3172 1170 3225 sunt
1187 3162 1222 3224 in
1237 3162 1361 3245 lingua
1377 3162 1578 3243 Armenica,
1601 3163 1767 3244 ponenda
1791 3174 1881 3223 sunt.

278 3301 330 3364 Ea
353 3311 472 3364 aetate
496 3310 533 3363 et
555 3301 747 3383 praeprue
772 3301 902 3363 nostris
925 3301 1145 3384 temporibus
1171 3301 1359 3383 disciplina
1385 3301 1636 3364 mathematica
1660 3310 1696 3363 et
1723 3301 1882 3363 doctrina

147 3440 336 3521 naturalis,
372 3440 544 3502 liberatae
575 3460 596 3501 a
627 3440 728 3521 gravi
759 3440 994 3502 scholasticae
1025 3439 1272 3522 philosophiae
1302 3441 1355 3521 vi,
1391 3442 1435 3503 de
1468 3441 1609 3524 integro
1644 3439 1881 3503 effloruerunt.

148 3578 341 3642 Plurimum
365 3597 450 3640 vero
474 3579 615 3641 sodales
639 3578 923 3642 Cremifanenses
946 3580 1128 3642 consecuti
1152 3591 1250 3662 sunt,
1285 3600 1374 3661 quos
1404 3581 1474 3644 iam
1501 3581 1645 3645 ineunte
1674 3582 1740 3643 hac
1765 3590 1883 3644 aetate

149 3721 217 3782 arti
240 3691 411 3803 physicae
435 3738 579 3800 operam
604 3720 745 3782 dediSse
769 3721 926 3782 themata
943 3721 1105 3783 conlecta
1122 3720 1143 3798 ¹)
1168 3721 1422 3800 demonstrant,
1447 3740 1538 3801 quae
1562 3722 1611 3783 ad
1624 3731 1779 3783 nostram
1803 3739 1882 3800 per-

147 3868 322 3922 venerunt
338 3859 551 3921 memoriam.
583 3858 637 3921 Ibi
661 3861 705 3922 de
729 3859 944 3923 astronomia
960 3860 1194 3940 scripserunt:
1219 3859 1387 3921 Placidus
1403 3859 1633 3940 Fixlmillner,
1658 3861 1750 3922 idem
1767 3860 1883 3921 clarus

149 3998 344 4080 canonista,
368 3998 428 4079 qui
452 4018 530 4060 cum
555 3998 758 4061 clarissimis
781 3999 816 4061 ln
841 4001 965 4061 eodem
990 4018 1121 4080 genere
1145 4000 1371 4061 versantibus
1394 3997 1494 4078 viriS,
1523 3997 1766 4060 Maximiliano
1789 3998 1882 4073 Hell,

150 4149 352 4201 astronomo
376 4156 469 4199 caes,
493 4157 568 4219 reg.
592 4139 694 4199 aulae
711 4138 744 4199 V
747 4137 1009 4219 lndobonensi5,
1033 4137 1166 4200 Ioanne
1183 4136 1364 4200 Bernoulli
1388 4137 1535 4217 eiusque
1560 4155 1764 4199 successore
1781 4138 1882 4199 Bode

151 4277 252 4359 regio
276 4252 479 4338 astronomo
503 4275 736 4358 Berolinensi,
760 4279 803 4338 de
820 4278 854 4338 la
871 4276 992 4339 Lande
1016 4296 1090 4358 reg.
1109 4286 1240 4340 astron.
1257 4275 1461 4357 Parisiensi,
1485 4275 1563 4338 aliis
1587 4295 1652 4338 usu
1676 4276 1884 4338 coniunctus

150 4416 217 4477 fuit
251 4426 288 4476 et
322 4432 447 4496 opere:
482 4415 555 4495 „De
591 4414 719 4478 effectu
754 4415 1005 4495 aberrationis,
1038 4415 1120 4476 dum
1155 4416 1300 4495 planeta
1336 4414 1481 4476 inferior
1512 4425 1594 4477 ante
1626 4415 1760 4476 discum
1790 4413 1883 4476 Solis

152 4553 340 4616 visibiliter
362 4554 522 4617 transiit“
547 4554 626 4617 aliis
648 4555 845 4618 rationibus
870 4557 914 4617 de
937 4555 1136 4638 planetaria
1159 4555 1299 4618 luminis
1323 4554 1548 4617 aberratione
1576 4555 1669 4616 idem
1698 4574 1883 4636 argumen-

153 4705 249 4758 tatus
281 4705 346 4773 est,
378 4695 473 4774 quod
504 4694 718 4759 clarissimus
743 4693 841 4757 Gaus
865 4695 899 4757 in
923 4695 1030 4758 libro:
1064 4695 1237 4777 „Theoria
1267 4704 1384 4758 motus
1414 4715 1446 4757 n.
1473 4695 1532 4772 71“
1565 4703 1638 4755 tam
1669 4705 1793 4772 aperte
1825 4694 1884 4754 de·

152 4832 283 4905 hulvin
318 4832 534 4897 Thaddaeus
568 4831 779 4915 Derflinger,
815 4834 1021 4897 Bonifacius
1052 4833 1435 4914 Schwarzenbrunner,
1470 4832 1531 4914 qui
1566 4831 1673 4893 etiam
1707 4831 1742 4892 in
1777 4834 1884 4893 rebus

284 5053 305 5131 ¹)
329 5053 493 5109 Fellocker
516 5053 534 5109 l.
552 5073 577 5109 c.
603 5053 635 5109 ln
659 5057 816 5129 gymnasio
833 5053 1047 5111 Cremiianensi
1072 5056 1233 5129 quotannis
1257 5055 1418 5111 sollemnes
1441 5055 1660 5131 disputati0nes
1684 5053 1824 5130 publicae
1848 5053 1884 5110 de

155 5168 319 5241 theologia,
337 5169 410 5234 iure,
435 5165 627 5242 philosophia
649 5166 820 5223 celebratae
837 5181 914 5234 sunt,
938 5167 975 5222 ad
992 5186 1068 5243 quas
1085 5167 1299 5243 chalcograpbi
1316 5185 1441 5243 magnas
1457 5169 1602 5242 Imagines
1619 5167 1763 5222 historiae
1780 5183 1884 5221 sacrae
1912 5147 1914 5152 ’

155 5299 203 5337 res
219 5282 417 5357 gravissimas
432 5293 697 5356 repraesentantes
714 5278 946 5356 praeparabant,
971 5277 1079 5354 quibus
1096 5278 1171 5334 infra
1187 5281 1307 5336 nomina
1323 5280 1484 5355 praesidis,
1508 5279 1705 5344 defendentis
1723 5278 1883 5333 thematum

154 5396 234 5470 typis
256 5391 515 5450 adscribebantur.
