4178 6196
899 408 1179 475 „402-

172 593 230 650 und
252 590 341 664 1864.
366 590 555 666 Klageniurt,
578 591 683 648 Druck
698 611 759 649 von
773 593 799 669 J.
816 593 913 650 Leon.
935 614 963 671 p.
986 609 997 650 1
1039 594 1042 677 l

170 713 273 771 —31;
291 717 320 773 p.
342 712 455 770 1—41.
472 696 514 754 8⁰.

1166 593 1341 675 Reliquit:

1167 720 1299 776 Diarium
1320 719 1519 777 Gottvicense
1542 719 1580 777 ab
1604 739 1683 778 anno
1709 721 1790 795 1718
1815 741 1911 798 usque

259 804 296 859 ῙῙ·
328 803 388 858 ΖΗΓ
418 802 694 877 P⁵Y⁰h0¹⁰8550he¹³
725 802 917 878 Wfisdigffllss
947 803 1001 859 des
1039 812 1042 905 1
1085 825 1306 897 1750111001.
1323 825 1402 881 Man.
1419 825 1537 882 adserv.
1556 828 1584 881 in
1601 826 1713 883 archiv.
1731 824 1870 884 Gottvic.

173 905 400 963 Darwin'schen
417 906 741 964 Descendenztheorie.
766 904 795 984 (i.
815 926 842 963 e.
864 908 1000 964 Darvinii

172 1013 308 1068 theoriae
331 1010 562 1068 descendentiae
586 1011 850 1068 commentariolus
878 1012 1000 1088 physio·

174 1113 313 1195 logicus.)
341 1117 517 1191 Programm
542 1116 595 1173 des
618 1115 647 1172 k.
672 1115 702 1172 k.
729 1116 942 1191 Gymnasiums
965 1136 1000 1173 zu

172 1221 352 1296 Klagenlurt
368 1240 415 1277 am
431 1219 575 1278 Schlusse
591 1220 646 1278 des
662 1218 888 1296 Studienjahres
909 1220 999 1294 1871.

173 1347 202 1403 p.
224 1326 336 1400 1—36.
355 1325 397 1383 8⁰.

258 1452 350 1508 Varia
366 1450 463 1506 adhuc
481 1451 603 1526 scripsit
618 1467 674 1524 pro
690 1450 767 1505 actis
783 1449 905 1505 diurnis.

259 1579 526 1674 Schelzinger
561 1591 834 1654 Innocentius
874 1590 1000 1673 (Lam-

171 1710 392 1791 bertinus)‚
420 1719 524 1772 natus
549 1708 691 1773 Graecii
720 1730 769 1789 27·
794 1709 882 1772 Maii
909 1729 999 1791 1714,

172 1831 316 1894 indutus
333 1844 387 1894 est
405 1837 455 1916 28.
474 1831 552 1896 Oct.
574 1837 655 1911 1730
670 1833 716 1894 ad
733 1852 759 1894 s
773 1832 1000 1895 Lambertum

171 1954 207 2017 in
220 1954 351 2037 Styria,
368 1956 428 2017 ubi
446 1956 629 2018 sollemnia
640 1965 725 2018 vota
739 1955 855 2018 emisit
871 1977 896 2018 1.
910 1955 999 2018 Nov.

176 2084 267 2158 1731.
293 2077 484 2142 Celebrato
500 2079 613 2161 primo
630 2099 731 2142 sacro
749 2083 799 2141 26.
816 2078 903 2141 Maii
920 2083 997 2158 1737

172 2201 390 2284 fungebatur
406 2221 550 2264 munere
563 2174 775 2265 missionarii
786 2201 822 2265 in
835 2201 1000 2283 Predlitz,

172 2323 445 2405 poenitentiarii,
463 2324 633 2386 sacristae
646 2333 682 2386 et
694 2323 953 2386 bibliothecarii
967 2323 1000 2385 in

173 2445 280 2509 Cellis
305 2446 489 2527 Marianis,
515 2446 661 2529 parochi
682 2447 716 2509 in
738 2445 942 2510 Seewiesen
966 2456 1002 2509 et

173 2568 260 2631 obiit
283 2570 329 2630 ad
353 2567 470 2632 Cellas
491 2570 532 2632 B.
546 2569 590 2633 V.
612 2574 663 2632 31.
685 2569 772 2631 Maii
797 2589 887 2649 1779.
919 2568 1001 2632 Fuit

172 2693 310 2754 zelosus
332 2691 640 2773 poenitentiarius,
656 2692 712 2754 vir
727 2691 808 2773 pius
825 2702 860 2754 et
876 2696 1000 2754 bonus.

172 2814 298 2878 Latine
312 2814 466 2877 reddidit
479 2833 569 2897 opus
584 2815 768 2878 Bertholdi
782 2813 1003 2897 Sternegger

173 2940 331 3003 abbatis:

259 3064 404 3123 Sechstes
423 3065 624 3141 Jahrhundert
646 3062 701 3120 der
720 3083 755 3119 zu
777 3064 901 3119 Mariam
926 3064 1001 3120 nach

80 3223 81 3226 ,
173 3173 237 3229 Cell
254 3175 283 3228 in
299 3169 496 3245 Steyermark
518 3168 747 3244 angelangenen
763 3166 925 3224 Wallfahrt
944 3166 1001 3224 sub

173 3278 275 3333 titulo:
311 3275 471 3333 Saeculum
503 3288 619 3330 sextum
652 3273 810 3331 inchoatae
837 3272 875 3329 ad
902 3273 1001 3329 Cellas

173 3383 321 3438 Marianas
338 3383 367 3437 in
383 3378 485 3455 Styria
501 3381 755 3455 peregrinationis
771 3375 938 3434 subiunctis
953 3395 1001 3434 re·

174 3485 334 3542 lationibus
355 3488 384 3541 in
405 3485 500 3540 lucem
518 3503 596 3540 anno
618 3483 696 3557 1758
718 3501 859 3539 sermone
875 3482 1001 3538 Germa·

174 3593 241 3647 nico
259 3590 368 3645 editum
397 3609 415 3645 a
441 3608 538 3645 rever.
568 3588 646 3644 dom.
671 3587 835 3643 Bertholdo
862 3585 949 3642 liberi
973 3599 1002 3642 et

173 3696 280 3750 exemti
310 3695 482 3750 monasterii
511 3693 548 3748 ad
576 3712 599 3748 s.
625 3691 817 3749 Lambertum
845 3705 875 3748 et
903 3690 1002 3748 Cellas

173 3800 323 3855 Marianas
337 3796 458 3864 abbate,
471 3811 531 3853 tum
546 3798 733 3853 thesaurario
746 3794 865 3864 ibidem,
884 3797 951 3854 dein
964 3793 1002 3852 ab

173 3902 306 3960 eiusdem
328 3905 499 3960 monasterii
522 3901 663 3978 professo
684 3901 829 3958 latinitate
850 3901 1001 3958 donatum.

173 4006 302 4083 Styriae,
327 4009 406 4083 typis
423 4007 517 4082 Greg.
536 4006 703 4062 Menhardt.
726 4020 815 4078 1772.
833 4005 874 4062 8⁰.
891 4005 953 4078 328
972 4025 1000 4081 p.

259 4137 470 4233 Schenggl
491 4147 725 4231 Gregorius
747 4146 1002 4228 (Gottvicen-

173 4268 252 4348 sis),
276 4278 381 4331 natus
405 4269 463 4330 die
488 4290 515 4331 2.
538 4268 612 4330 Ian.
639 4272 718 4345 1684
743 4267 943 4349 Trophaiae
967 4267 1001 4329 in

173 4395 303 4478 Styria,
320 4404 405 4456 vota
426 4391 608 4456 sollemnia
630 4390 747 4453 emisit
769 4391 826 4453 die
847 4395 894 4454 13.
910 4390 1000 4454 Νον.

177 4538 255 4597 1707
282 4529 318 4581 et
343 4517 492 4599 primam
515 4515 667 4579 hostiam
689 4515 768 4578 Deo
792 4514 921 4577 obtulit
944 4513 1001 4575 die

148 4634 202 4702 5.
228 4640 323 4722 Aug.
353 4643 442 4718 1708.
475 4640 561 4701 Mox
590 4637 708 4701 officio
735 4638 942 4700 catechetae
966 4643 1002 4697 et

172 4762 334 4845 magistri
355 4761 566 4824 novitiorum
592 4772 628 4822 et
648 4760 843 4842 subprioris
864 4771 900 4822 et
921 4763 1000 4837 1716

173 4905 286 4966 usque
308 4890 389 4964 1750
405 4885 532 4965 prioris
548 4883 703 4946 maxima
716 4903 794 4945 cum
806 4883 911 4944 laude
924 4881 1001 4943 fun·
1039 4860 1042 4979 1

172 5010 334 5088 gebatur.
359 5006 544 5069 Prioratus
561 5005 678 5068 officio
699 5005 881 5087 resignato
898 5023 1001 5084 paro·

174 5132 260 5192 chus
277 5130 311 5192 in
324 5131 412 5191 Kilb
426 5131 608 5192 institutus
621 5138 676 5190 est
689 5128 753 5188 sed
766 5130 848 5189 dum
860 5126 1000 5189 vineam

1167 952 1392 1027 Schenkiiz
1424 966 1688 1051 Augustinus
1717 967 1910 1049 (Emauti-

1080 1102 1154 1144 nus
1185 1083 1593 1168 Montserratensis),
1624 1086 1805 1149 Bohemus
1836 1086 1907 1150 Do-

1079 1205 1300 1289 bruscensis,
1332 1217 1436 1270 natus
1467 1212 1566 1289 1730,
1596 1207 1781 1290 professus
1818 1213 1908 1291 1764,

1080 1329 1270 1409 presbyter
1300 1328 1460 1392 initiatus
1492 1335 1590 1412 1705,
1622 1341 1784 1394 mortuus
1821 1350 1909 1410 1797.

1080 1449 1229 1533 Regens
1246 1451 1353 1533 chori,
1374 1452 1410 1514 in
1431 1463 1507 1516 arte
1523 1453 1658 1516 musica
1674 1453 1910 1535 componendi

1081 1571 1345 1635 scientissimus.

1167 1693 1449 1777 Compositiones
1470 1716 1555 1759 vero
1577 1696 1654 1760 eius
1676 1697 1746 1759 iam
1763 1717 1834 1759 non
1851 1698 1910 1759 ad·

1081 1830 1173 1883 sunt.

1165 1950 1343 2025 Schenzl
1381 1962 1527 2043 Quido
1566 1963 1910 2047 (Admontensis),

1081 2080 1327 2164 philosophiae
1360 2085 1499 2164 doctor,
1531 2082 1653 2165 regiae
1680 2082 1910 2165 Hungaricae

1081 2204 1306 2268 scientiarum
1345 2205 1550 2268 academiae
1588 2205 1721 2266 sodalis
1760 2203 1909 2287 activus,

1081 2328 1202 2390 societ.
1219 2338 1380 2391 naturam
1402 2327 1632 2390 scrutantium
1649 2325 1793 2410 Styriae
1809 2327 1908 2390 Hun-

1080 2450 1224 2533 garicae
1234 2462 1270 2512 et
1279 2448 1834 2513 caesareaeRussicaeMoscovii
1844 2460 1910 2513 etc.

1081 2572 1223 2655 sodalis,
1235 2583 1339 2635 natus
1348 2570 1477 2654 Styrus
1490 2572 1524 2633 in
1532 2571 1633 2633 Haus
1644 2576 1694 2634 28.
1704 2569 1805 2653 Sept.
1819 2576 1910 2653 1823,

1081 2695 1339 2777 professionem
1349 2694 1464 2757 emisit
1474 2695 1680 2757 sollemnem
1693 2694 1816 2759 11.Iul.
1831 2698 1908 2772 1845

1081 2828 1117 2880 et
1126 2817 1273 2899 primam
1284 2819 1361 2880 Deo
1371 2816 1500 2880 obtulit
1507 2817 1659 2880 hostiam
1668 2839 1698 2895 4.
1710 2817 1807 2899 Aug.
1819 2821 1909 2894 1846.

1081 2940 1151 3001 Per
1166 2941 1276 3002 breve
1293 2948 1430 3002 tantum
1443 2949 1584 3021 tempus
1597 2938 1794 3001 subsidium
1807 2958 1910 3019 prae·

1080 3071 1180 3125 stans
1196 3063 1231 3124 in
1248 3082 1332 3124 cura
1348 3062 1542 3123 animarum
1558 3080 1651 3123 anno
1669 3065 1749 3123 1850
1761 3061 1798 3122 in
1810 3080 1911 3143 gym-

1080 3184 1180 3246 nasio
1192 3184 1442 3266 Marburgensi
1459 3192 1495 3245 et
1512 3187 1589 3245 1852
1609 3183 1644 3244 in
1657 3182 1817 3244 Budensi
1833 3200 1912 3262 pro·

1079 3307 1194 3370 sessor
1218 3316 1273 3369 est
1296 3306 1506 3367 nominatus.
1538 3305 1597 3367 Ab
1621 3323 1714 3366 anno
1744 3308 1912 3383 1855-70

1081 3429 1238 3492 scholam
1266 3429 1397 3490 realem
1428 3426 1647 3509 superiorem
1674 3426 1801 3488 Budae
1833 3446 1910 3489 cum

1081 3551 1184 3615 titulo
1212 3550 1397 3613 directoris
1424 3549 1517 3612 rexit
1545 3561 1580 3611 et
1608 3548 1911 3612 examinatoribus

1081 3693 1145 3756 pro
1162 3672 1369 3761 magisterio
1391 3672 1426 3734 in
1443 3671 1617 3734 classibus
1637 3671 1688 3732 sic
1709 3670 1814 3734 dictis
1835 3691 1910 3734 rea·

1079 3797 1173 3858 libus
1189 3795 1391 3877 adscriptus
1408 3806 1472 3857 est.
1497 3795 1557 3856 Ab
1578 3813 1670 3856 anno
1691 3796 1773 3872 1870
1795 3793 1911 3874 Quido

1079 3918 1242 3981 instituto
1280 3917 1380 3999 regio
1410 3917 1617 3998 Hungarico
1655 3917 1837 3978 meteorol.
1876 3926 1911 3978 et

1081 4051 1236 4123 magnet.
1256 4040 1381 4102 Budae
1397 4039 1623 4101 laudabiliter
1638 4047 1792 4120 praeest.

1168 4160 1288 4244 Opera
1305 4161 1381 4223 eius
1398 4172 1497 4223 sunt:

1166 4290 1188 4345 l.
1203 4289 1260 4345 Die
1274 4289 1395 4344 Chemie
1411 4287 1455 4343 als
1472 4286 1710 4360 Bildungsmittcl
1729 4285 1907 4363 uberhaupt,

1080 4393 1298 4450 insbesonders
1315 4393 1368 4448 der
1383 4393 1514 4448 Einiluss
1531 4391 1584 4447 der
1601 4391 1744 4466 Analytik
1766 4391 1820 4447 aui
1837 4408 1909 4465 geo·

1080 4499 1215 4573 logische
1232 4497 1407 4553 Ansichten.
1431 4494 1460 4573 (i.
1482 4516 1508 4552 e.
1533 4497 1578 4551 De
1595 4510 1659 4551 arte
1676 4495 1812 4551 chemica
1832 4497 1909 4551 eius·

1082 4623 1141 4680 que
1157 4601 1281 4681 valore.)
1299 4601 1393 4658 01001
1410 4602 1518 4677 Gymn.
1536 4603 1641 4675 Progr.
1663 4598 1753 4673 1853.

1166 4726 1203 4780 ll.
1229 4724 1362 4798 Analyse
1386 4724 1439 4779 der
1461 4724 1627 4798 Bleispeise
1648 4741 1706 4779 1011
1724 4721 1858 4778 chlarn
1882 4723 1909 4777 in

1082 4828 1357 4888 Obersteiermark.
1375 4825 1404 4905 (i.
1419 4848 1445 4885 e.
1460 4828 1600 4903 Analysis
1617 4829 1762 4883 materiae
1778 4822 1909 4903 plumbi.)

1079 4934 1231 5013 Jahrbuch
1252 4934 1305 4990 der
1321 4934 1351 4989 k.
1368 4933 1396 4988 k.
1415 4933 1495 5006 geol.
1514 4932 1746 4989 Reichsanstalt.
1768 4932 1791 4988 I.
1807 4932 1908 5008 Jahrg.

1167 5058 1219 5113 Ill.
1244 5056 1397 5131 Analysen
1423 5076 1481 5112 1011
1505 5054 1674 5112 Schlacken
1699 5055 1758 5111 und
1783 5055 1909 5110 111111011-

1081 5162 1248 5239 producten
1265 5164 1293 5216 in
1310 5161 1390 5216 ihrer
1407 5161 1583 5234 Bedeutung
1605 5160 1649 5215 als
1669 5159 1840 5216 kunstliche
1856 5159 1908 5214 Mi·

175 5271 273 5312 suam
290 5252 352 5312 Vix
368 5252 548 5334 attigerat,
574 5270 668 5313 mors
692 5269 771 5312 eum
795 5248 852 5310 die
874 5271 903 5326 4·
921 5248 1000 5312 oct·
1039 5280 1041 5327 Ι
1081 5265 1447 5340 neralien.Abhandlung.
1462 5263 1528 5343 (1.0.
1543 5265 1823 5340 Analysisoperum
1838 5265 1908 5319 artis

174 5373 331 5434 eiusdem
349 5373 429 5435 anni
446 5373 646 5455 occupavit.

1039 5352 1041 5436 1
1081 5371 1270 5450 metallicae.)
1287 5370 1384 5427 Osuer
1401 5371 1509 5446 Gymn.
1527 5372 1633 5444 Progr.
1656 5368 1744 5443 1854.
