4178 6196
858 468 897 478 -
945 428 1072 491 XCIX
1117 467 1160 474 —

136 661 338 743 composita
368 658 624 723 accuratiorem
655 668 852 738 temporum
882 654 1158 736 descriptionem
1186 652 1346 717 effecisse
1377 659 1623 740 cognoscimus
1652 678 1672 721 e
1700 655 1877 736 Computo

137 820 232 864 anno
271 820 353 863 1200
390 808 563 880 concepto
593 818 614 860 a
647 797 835 861 Chunrado
869 797 1041 858 monacho
1072 792 1347 874 Lunaelacensi,
1383 795 1442 876 qui
1479 808 1596 859 errata
1627 794 1878 878 descriptionis

137 939 297 1002 Iulianae
322 937 517 1019 explicavit
532 940 565 1019 ι).

268 1078 348 1141 Hoc
378 1097 465 1140 vero
496 1078 651 1140 studium
681 1075 849 1139 historiae
880 1075 1023 1138 saeculo
1051 1073 1146 1157 XV,
1178 1095 1257 1137 cum
1281 1085 1400 1137 tamen
1424 1075 1664 1139 effloresceret
1687 1077 1874 1159 disciplina

136 1219 351 1300 theologica,
376 1218 608 1298 lanquescere
633 1215 760 1297 coepit.
802 1214 894 1278 Nam
917 1215 953 1277 in
976 1215 1135 1295 plurimis
1159 1214 1383 1278 monasteriis
1412 1215 1559 1277 annales
1590 1217 1875 1299 neglegebantur

140 1368 177 1421 et
209 1358 402 1440 scriptores
431 1377 502 1420 non
533 1356 651 1419 sontes
683 1357 939 1437 sequebantur,
970 1355 1034 1417 sed
1061 1354 1202 1416 fabulas
1234 1364 1270 1417 et
1300 1353 1450 1416 fabellas
1482 1357 1649 1438 „speculo
1680 1357 1873 1420 historiali“

138 1497 175 1559 in
193 1496 395 1559 erudiendis
411 1495 531 1577 pueris
547 1505 621 1557 tum
638 1492 791 1556 maxime
807 1502 958 1574 accepto
982 1495 1195 1557 inserebant.
1237 1493 1338 1574 „Wie
1365 1494 1400 1554 in
1423 1495 1487 1556 der
1507 1495 1667 1577 Poesie“,
1691 1497 1741 1560 ait
1763 1497 1872 1560 histo·

137 1637 233 1699 ricus
262 1637 405 1718 quidam
435 1655 576 1716 recena,
610 1635 693 1717 „der
716 1633 812 1696 Born
843 1633 940 1695 nicht
972 1635 1069 1695 mehr
1098 1633 1174 1696 rein
1202 1635 1274 1696 und
1301 1632 1409 1695 frisch
1441 1633 1543 1715 floss,
1575 1654 1614 1697 so
1645 1635 1763 1698 lehnte
1797 1637 1872 1699 sich

138 1796 184 1838 an
209 1775 267 1838 die
289 1773 589 1856 liebenswiirdige
611 1773 771 1836 Naivitiit
795 1775 859 1836 der
881 1774 1016 1836 alteren
1040 1773 1199 1854 Quellen,
1232 1774 1288 1836 die
1323 1775 1413 1836 eben
1442 1774 1538 1837 nicht
1561 1777 1660 1837 mehr
1683 1796 1794 1859 sagen
1818 1779 1872 1839 als

139 1914 191 1976 sie
215 1912 353 1994 wissen,
383 1913 461 1975 eine
489 1912 624 1976 falsche
648 1913 788 1987 Kritik;
820 1932 859 1975 es
890 1911 1003 1974 rissen
1030 1910 1150 1994 Sagen
1182 1914 1253 1974 und
1276 1912 1413 1975 Fabeln
1437 1915 1524 1976 aller
1548 1914 1617 1977 Art
1645 1915 1702 1978 dic
1724 1918 1875 1979 Damme

86 2094 89 2098 ι
139 2056 204 2117 der
231 2055 359 2116 echten
385 2052 600 2117 Geschichte
628 2052 769 2115 nieder“
786 2052 820 2133 ²).
865 2051 1067 2132 Librorum,
1100 2052 1159 2133 qui
1189 2054 1256 2114 hoc
1287 2062 1447 2133 tempore
1480 2062 1561 2116 sunt
1592 2054 1696 2137 editi,
1727 2055 1762 2118 hi
1793 2067 1876 2119 sunt

138 2193 282 2256 maximi
318 2193 504 2256 momenti:
541 2191 760 2277 ,Chronicon
791 2190 922 2254 breve“
959 2194 1197 2274 (1438-1464)
1233 2212 1254 2254 a
1288 2194 1460 2254 monacho
1495 2195 1649 2275 quodam
1676 2196 1874 2259 Mellicensi

138 2332 325 2414 scriptum,
363 2331 604 2415 ,Itinerarium
634 2331 849 2394 venerabilis
880 2330 998 2393 Patris
1028 2330 1239 2413 Wolfgangi
1274 2333 1319 2394 de
1355 2330 1494 2414 Styra“,
1526 2332 1725 2397 Chronicon
1758 2354 1874 2397 rerum

138 2471 409 2533 Austriacarum
427 2471 664 2552 (1415-1457)
690 2491 711 2532 a
733 2473 906 2533 monacho
923 2472 1076 2551 quodam
1092 2470 1288 2532 Mellicensi
1310 2471 1599 2553 conscriptum),
1622 2472 1771 2536 historia
1794 2494 1876 2536 con-

138 2610 209 2672 cilii
230 2607 513 2672 Constantiensis
536 2611 582 2670 ab
605 2610 737 2672 Ioanne
762 2609 949 2672 Treubcck
973 2611 1105 2670 abbate
1128 2608 1385 2671 Lunaelacensi
1409 2611 1607 2691 composita
1622 2611 1655 2692 ⁴),
1681 2613 1873 2692 Epitaphia

139 2748 282 2812 Albcrti
304 2749 360 2830 II.,
385 2749 627 2829 Elisabethac,
656 2747 811 2810 Ladislai
838 2747 1014 2828 Postumi,
1042 2746 1212 2809 Austriae
1236 2747 1449 2829 principum,
1474 2749 1509 2810 in
1532 2749 1730 2812 Mellicensi
1754 2771 1875 2812 mona-

139 2887 248 2951 sterio
271 2889 517 2969 compositas).
561 2889 603 2951 In
626 2886 839 2950 monasterio
868 2888 914 2949 ad
938 2907 965 2950 s.
989 2886 1135 2948 Petrum
1159 2885 1359 2969 Salisburgi
1386 2887 1518 2967 prodiit
1542 2887 1740 2951 Chronicon
1764 2887 1875 2952 Salis·

139 3030 319 3110 burgense
337 3027 563 3109 (μό-1495),
588 3028 683 3109 quod
706 3029 752 3089 ad
775 3026 958 3089 historiam
981 3026 1084 3089 huius
1106 3027 1309 3090 monasterii
1326 3030 1612 3110 cognoscendam
1629 3030 1775 3091 multum
1792 3050 1874 3092 con-

137 3167 208 3229 fert
222 3167 257 3248 ⁶),
281 3168 317 3229 in
341 3167 554 3229 monasterio
570 3166 807 3230 Admontensi
825 3167 934 3229 series
951 3169 1120 3230 abbatum
1137 3170 1170 3249 ⁷),
1194 3168 1229 3229 in
1246 3166 1502 3230 Lunaelacensi
1522 3168 1597 3231 vita
1612 3168 1823 3252 Wolfgangi
1838 3169 1873 3250 ⁸).

137 3307 274 3369 Harum
298 3314 448 3387 utraque
471 3305 633 3368 versibus
657 3306 789 3387 scripta
813 3316 877 3369 est.

267 3447 461 3509 Praeterea
484 3446 573 3508 aliae
598 3465 739 3527 quoque
762 3446 972 3527 disciplinae
997 3447 1064 3510 etsi
1087 3447 1221 3510 minore
1245 3467 1329 3510 cura
1353 3448 1623 3511 exercebantur.
1664 3447 1872 3510 Doctrinam

136 3585 183 3647 de
210 3604 327 3647 rerum
354 3592 480 3647 natura
503 3596 540 3647 et
565 3595 661 3647 artes
689 3585 958 3648 mathematicas
986 3606 1065 3648 esse
1093 3594 1266 3649 tractatas
1297 3606 1344 3648 ex
1371 3585 1423 3666 iis,
1452 3605 1543 3667 quae
1572 3587 1714 3668 scripsit
1741 3587 1874 3669 Engel·

135 3725 260 3786 bertus
276 3723 402 3786 Abbas
419 3724 684 3805 Admontensis,
707 3725 859 3805 adparet
874 3727 908 3805 ⁹).
946 3725 1072 3806 Neque
1096 3735 1191 3789 artes
1214 3725 1372 3788 medicae
1397 3726 1693 3806 neglegebantur.
1733 3726 1812 3807 Qua
1836 3726 1871 3788 in

133 3873 213 3926 arte
236 3863 382 3925 summis
404 3862 567 3925 laudibus
591 3861 694 3926 effert
710 3863 941 3946 Ziegelbauer
957 3863 1158 3927 Conradum
1176 3864 1415 3945 Obernburgii
1432 3865 1614 3927 Abbatem
1639 3863 1740 3945 (obiit
1762 3865 1867 3946 1441).

134 4001 378 4064 Peritissimus
409 4020 550 4083 quoque
577 4003 731 4066 habetur
761 4002 944 4066 Conradus
970 4002 1298 4086 NorimbergensiS,
1329 4004 1521 4064 monachus
1544 4003 1779 4085 Mellicensis,
1813 4003 1873 4084 qui

134 4267 353 4324 Podladidense
377 4262 501 4344 (Dudik,
521 4268 546 4322 F
548 4267 741 4342 orschungen
761 4269 790 4322 in
806 4263 995 4345 Schweden)‚
1020 4266 1137 4341 Augiae
1153 4267 1278 4323 Maioris
1302 4264 1343 4344 (in
1359 4265 1593 4323 Denkschriften
1609 4267 1663 4323 der
1679 4267 1707 4323 k.
1726 4267 1754 4323 k.
1772 4266 1870 4322 Akad.

131 4380 160 4436 d.
178 4379 382 4446 Wissensch.,
406 4379 561 4455 phil-hist.
587 4379 642 4446 cl„
666 4375 714 4457 V.)

266 4488 287 4570 ι)
311 4490 589 4567 Sitzungsberichte
613 4491 668 4548 der
689 4492 718 4549 k.
744 4493 773 4550 k.
797 4491 894 4549 Akad.
919 4492 947 4549 d.
972 4493 1158 4550 Wissensch.
1184 4496 1213 4550 in
1236 4493 1336 4560 Wicn‚
1360 4493 1518 4568 phil-hist.
1543 4491 1598 4559 Cl.,
1624 4504 1695 4548 tom.
1721 4491 1771 4548 82.

264 4601 287 4683 2)
310 4606 404 4681 Mayr,
429 4606 711 4681 Culturgeschichte
734 4625 794 4662 von
817 4605 1107 4674 Niedertisterreich
1132 4607 1155 4663 l.

264 4714 288 4796 ³)
311 4718 378 4778 Pez.
403 4717 516 4793 Script.
540 4738 599 4775 rer.
623 4719 727 4776 Austr.
752 4720 788 4774 II.

264 4829 287 4908 4)
312 4830 442 4887 Stauffer
465 4832 483 4887 l.
509 4850 535 4887 e.

264 4940 288 5022 ⁵)
312 4943 413 5019 Krops
433 4944 451 5000 l.
476 4963 502 5001 c.

264 5051 287 5135 6)
311 5057 378 5123 Per,
403 5052 516 5132 Script.
540 5075 599 5117 rer.
623 5055 726 5113 Austr.
750 5057 789 5113 Il.

267 5166 289 5248 7)
312 5169 380 5238 Pez‚
404 5167 515 5246 Script.
540 5189 599 5228 rer.
623 5168 725 5227 Austr.
749 5170 786 5228 II.

264 5278 288 5360 8)
311 5281 441 5339 Staulier
465 5283 483 5341 l.
508 5304 533 5341 c.

264 5392 288 5474 9)
310 5395 465 5464 Wichner,
489 5396 621 5455 Admont
643 5398 661 5454 l.
687 5418 712 5455 c.
736 5399 790 5456 III.
