4178 6196
900 468 942 477 —
987 430 1108 493 CXIII
1155 468 1194 477 -

175 656 471 725 Cremifanensis:
511 658 703 721 Casimirus
741 657 845 736 Moli,
884 657 1175 736 Lunaelacensis,
1215 656 1275 738 qui
1312 656 1442 740 linguis
1480 676 1565 719 suae
1604 657 1733 719 aetatis
1772 659 1907 720 dabant

177 814 323 876 operam
341 798 372 874 ¹).

307 935 501 997 Praeterea
523 933 585 996 filii
609 957 636 998 S.
660 934 847 997 Benedicti
871 933 1026 996 carmina
1051 943 1086 996 et
1110 934 1212 1015 epica
1242 947 1277 997 et
1304 935 1415 1017 lyrica
1437 955 1596 1018 pangere
1619 956 1799 1018 nunquam
1823 937 1908 1000 omi·

178 1085 309 1136 serunt.
355 1073 550 1137 Maximam
573 1093 658 1137 vero
682 1093 801 1137 curam
825 1073 860 1137 in
884 1074 986 1155 poesi
1009 1073 1150 1136 scenica
1173 1077 1366 1155 ponebant,
1389 1085 1590 1156 propterea,
1615 1077 1709 1156 quod
1737 1075 1772 1138 in
1800 1076 1909 1140 omni-

178 1215 245 1273 bus
269 1213 398 1275 scholis
420 1212 564 1275 fabulae
587 1215 796 1295 agebantur.
833 1212 1008 1294 Magister
1031 1232 1092 1275 eas
1116 1214 1278 1275 docebat.
1314 1213 1575 1295 Argumentum
1599 1224 1660 1276 aut
1676 1233 1720 1276 ex
1738 1234 1764 1278 s.
1781 1214 1909 1278 litteris

177 1361 239 1413 aut
272 1370 318 1412 ex
351 1351 500 1414 historia
533 1352 697 1414 haustum
733 1361 818 1414 erat.
865 1350 933 1432 Qui
967 1351 1138 1432 plurimas
1171 1350 1312 1413 fabulas
1351 1352 1563 1431 docuerunt,
1599 1364 1697 1415 sunt:
1733 1352 1906 1436 Virgilius

178 1489 400 1572 Kleinmayr,
424 1488 647 1561 Garstensis;
676 1488 798 1553 Simon
821 1490 1101 1572 Rettenpacher,
1126 1488 1417 1560 Cremifanensis;
1446 1491 1671 1554 Hermannus
1694 1490 1905 1573 Sarsteiner,

179 1628 471 1701 Lunaelacensis;
496 1629 721 1712 Augustinus
743 1629 980 1711 Kendlinger,
1005 1629 1224 1692 Aemilianus
1241 1630 1362 1693 Pirkel
1386 1631 1431 1692 ad
1455 1649 1481 1692 s.
1498 1629 1643 1692 Petrum
1661 1629 1860 1713 Salisburgi
1876 1632 1907 1712 2),

307 1770 378 1831 Ars
400 1769 535 1831 musica
558 1788 698 1849 quoque
722 1768 881 1831 studiose
906 1769 1000 1831 culta
1024 1778 1088 1832 est.
1135 1768 1213 1849 Qua
1236 1768 1272 1831 in
1296 1779 1373 1832 arte
1396 1789 1563 1852 magnam
1591 1769 1645 1832 sui
1672 1768 1803 1832 famam
1825 1771 1905 1833 reli-

177 1917 329 1988 querunt
351 1907 533 1969 Marianus
557 1904 710 1986 Gurtler,
734 1905 970 1978 Mellicensis;
999 1907 1238 1989 Engelbertus
1262 1905 1398 1989 depl,
1428 1907 1693 1970 Maximilianus
1715 1908 1908 1987 Kerscher,

176 2044 448 2113 Gottvicenses:
473 2045 620 2109 Gabriel
636 2046 749 2109 Fideli
766 2056 803 2109 et
819 2045 966 2108 Carolus
983 2044 1109 2127 Stang,
1127 2044 1462 2116 Seitenstettenses;
1487 2047 1723 2129 Ildephonsus
1740 2045 1908 2129 Schnepf,

177 2183 391 2248 Godhardus
414 2185 625 2265 Heberlein,
648 2185 875 2268 Augustinus
899 2183 1001 2264 Gerl,
1025 2185 1212 2266 Rupertus
1235 2185 1493 2268 Langbartner,
1518 2185 1802 2249 Cremifanenses
1816 2189 1849 2268 ³).

951 2635 1056 2699 CAP.
1081 2635 1142 2700 III.

305 2879 458 2962 Magnos
481 2878 674 2940 animorum
698 2879 863 2959 impetus,
887 2878 945 2959 qui
969 2879 1085 2940 medio
1109 2879 1252 2941 saeculo
1269 2877 1405 2943 XVIII.
1429 2879 1464 2941 in
1487 2878 1635 2961 imperio
1651 2880 1907 2962 Habsburgen-

175 3020 264 3080 sium
288 3017 374 3079 facti
398 3026 508 3097 erant,
532 3015 594 3079 filii
617 3038 643 3078 S.
661 3015 848 3079 Benedicti
871 3025 1008 3078 tantum
1031 3019 1134 3080 abest
1157 3026 1197 3079 ut
1218 3017 1472 3098 prohibuerint,
1505 3029 1542 3078 ut
1574 3018 1772 3098 complures
1804 3019 1908 3080 huius

174 3157 307 3218 ordinis
330 3156 472 3218 sodales
496 3174 557 3218 eos
580 3175 711 3238 magno
734 3175 843 3236 opere
866 3155 1076 3218 adiuverint.
1113 3155 1240 3220 Studia
1264 3157 1355 3219 enim
1378 3156 1586 3235 litterarum,
1610 3156 1646 3217 in
1670 3156 1797 3237 quibus
1822 3158 1908 3219 ordo

174 3309 281 3359 antea
303 3296 522 3376 versabatur,
547 3315 626 3358 cum
648 3295 684 3356 in
700 3296 902 3378 theologiae
919 3307 955 3359 et
970 3296 1138 3359 historiae
1154 3296 1339 3379 angustias
1355 3295 1577 3377 potissimum
1595 3296 1908 3379 compIngerentur

173 3437 255 3498 inde
279 3438 325 3497 ab
348 3454 441 3497 anno
469 3439 551 3513 1750
573 3453 639 3515 per
662 3444 799 3497 ceteras
824 3454 965 3517 quoque
988 3446 1083 3498 artes
1108 3434 1237 3498 diffusa
1259 3445 1351 3515 sunt,
1374 3454 1490 3516 neque
1506 3445 1583 3497 arte
1599 3434 1736 3497 medica
1753 3446 1908 3516 excepta

174 3585 250 3637 erat
274 3574 471 3655 disciplina,
495 3573 551 3637 cui
574 3593 644 3635 non
668 3574 811 3637 deditus
834 3584 939 3636 esset.

303 3713 414 3776 Ratio
431 3723 467 3776 et
482 3713 540 3775 via
556 3712 777 3794 scholastica,
802 3732 893 3794 quae
909 3712 944 3774 in
960 3712 1119 3775 formulis
1135 3712 1288 3775 maxime
1304 3715 1525 3794 versabatur,
1549 3714 1595 3774 ab
1611 3712 1665 3774 his
1686 3713 1906 3794 temporibus

172 3855 396 3916 abhorrebat.
436 3853 510 3915 Iam
527 3854 572 3914 ad
589 3852 810 3934 disciplinam
827 3851 1065 3935 dogmaticam
1089 3851 1236 3932 eiusque
1252 3851 1379 3932 fonteS,
1402 3871 1522 3914 sacras
1545 3851 1682 3914 litteras
1704 3852 1908 3933 scriptaque

172 4015 198 4054 S.
223 3991 386 4071 Patrum,
418 3991 705 4074 cognoscendos,
738 3990 931 4052 studiosius
962 3990 1194 4053 intendebant
1224 3999 1371 4053 mentes
1418 3993 1496 4072 Quo
1529 3990 1565 4052 in
1595 4009 1727 4072 genere
1761 4000 1905 4072 praeter

175 4129 410 4212 ,theologiam
441 4129 721 4210 scholasticam“,
756 4148 861 4210 quam
896 4128 1037 4210 scripsit
1070 4127 1194 4191 Gallus
1225 4128 1362 4193 Cartier
1393 4150 1413 4192 e
1444 4128 1657 4192 monasterio
1688 4129 1905 4191 Ettenheim-

171 4272 347 4350 Iliinster,
380 4270 425 4331 ad
453 4289 510 4331 res
545 4270 620 4331 eius
651 4268 780 4331 aetatis
811 4268 1022 4350 insigniores
1053 4289 1095 4330 ea
1125 4268 1320 4350 pertinent,
1352 4288 1443 4350 quae
1474 4267 1648 4331 Martinus
1672 4265 1825 4330 Gerbert
1862 4269 1906 4328 de

171 4410 328 4489 Hornau,
352 4407 642 4470 bibliothecarius
666 4417 702 4469 et
724 4418 851 4489 postea
876 4408 1003 4469 Abbas
1026 4407 1193 4488 princeps
1218 4408 1263 4469 ad
1286 4427 1313 4471 s.
1331 4407 1489 4470 Blasium
1513 4407 1549 4469 in
1572 4407 1685 4489 Nigra
1701 4405 1800 4470 Silva
1824 4426 1906 4468 con-

170 4549 330 4630 scripsit,
366 4566 471 4628 quem
504 4546 743 4630 Engelbertus
773 4546 942 4628 Klupfel,
975 4546 1158 4627 professor
1188 4545 1439 4628 Friburgensis
1470 4546 1524 4608 his
1556 4545 1677 4607 verbis
1709 4545 1866 4607 extollit:
1883 4546 1905 4625 ⁴)

172 4688 262 4766 ‚vix
288 4696 343 4748 est
366 4687 569 4768 theologiae
586 4686 797 4748 universalis
821 4704 904 4767 pars
927 4685 1055 4767 aliqua,
1080 4685 1180 4748 euius
1196 4685 1435 4749 institutiones
1452 4704 1522 4747 non
1539 4684 1785 4766 publicaverit,
1810 4686 1904 4746 unde

303 5046 323 5122 Γ)
348 5047 393 5102 Dc
418 5049 537 5123 scriptis
561 5066 665 5103 eorum
690 5047 759 5102 vide
783 5047 982 5122 Ziegelbauer
1007 5047 1024 5102 l.
1049 5066 1075 5102 c.
1101 5060 1131 5101 et
1155 5047 1256 5101 Friess
1281 5046 1297 5100 1.
1323 5066 1347 5101 c.

302 5161 322 5236 ⁸)
348 5161 449 5216 Friess
473 5161 490 5216 Ι.
515 5178 558 5226 c.;
585 5161 675 5234 Hagn
699 5160 717 5215 I.
742 5178 786 5226 c.;
811 5161 887 5216 Hist.
912 5163 991 5216 univ.
1016 5157 1126 5215 Salisb.

298 5269 321 5350 ³)
345 5272 445 5328 Friess
470 5273 487 5328 l.
511 5293 538 5329 c.

298 5385 321 5460 ⁴)
345 5383 529 5458 Freiburger
553 5386 834 5442 [homan-Archiv
859 5385 937 5441 VIII.
