4178 6196
929 454 1211 525 -268—

198 676 265 720 nae
281 656 317 720 in
333 657 480 720 Austria
496 668 601 721 natus
617 658 735 722 studia
746 656 975 721 humanitatis
992 666 1029 720 et

198 780 446 864 philosophiae
457 780 618 843 Viennae
627 781 810 862 percurrit,
823 781 953 862 quibus
966 782 1029 844 ab·

198 903 323 966 solutis
344 921 371 966 S.
387 903 547 965 habitum
567 902 706 977 sumsit:
729 903 931 987 theologiae
953 903 1028 966 uni-

198 1044 321 1087 versas
336 1034 458 1107 partes
471 1025 507 1088 in
519 1023 681 1089 instituto
694 1025 896 1110 theologico
909 1027 1028 1089 dome·

198 1147 289 1210 stico
310 1148 461 1211 edoctus
481 1148 665 1211 sollemnia
683 1157 770 1211 vota
794 1149 851 1212 die
874 1168 924 1228 27·
941 1151 1027 1214 Dec.

203 1272 281 1332 1802
304 1269 488 1353 professus
509 1269 756 1334 sacerdotibus
776 1273 1029 1334 adnumeratus

200 1392 256 1446 est
279 1383 336 1446 die
362 1405 412 1461 ²4·
435 1384 510 1448 Iun.
540 1388 630 1463 1804.
660 1389 826 1464 1804-36
848 1382 1030 1466 professor

201 1504 384 1569 doctrinae
399 1505 581 1591 religionis
598 1507 633 1569 in
649 1507 847 1589 gymnasio,
868 1509 914 1569 ab
937 1525 1029 1570 anno

204 1631 283 1690 1812
309 1627 413 1690 simul
436 1628 548 1690 musei
571 1628 775 1710 praefectus
802 1639 839 1692 et
861 1629 1030 1693 historiae

200 1749 372 1814 naturalis
395 1761 622 1832 praeceptor,
652 1755 732 1815 1836
756 1762 898 1815 moneta
922 1772 1030 1815 aurea

200 1875 333 1938 maiore
349 1875 538 1938 decoratus
554 1875 600 1937 ad
616 1876 810 1958 regendam
826 1875 1031 1957 parochiam

201 1997 450 2060 Buchkirchen
477 2016 497 2059 e
523 1998 739 2061 monasterio
763 1998 938 2080 discessit,
966 2001 1031 2062 sed

201 2138 323 2182 mense
339 2117 529 2181 Decembri
545 2119 628 2182 anni
643 2119 864 2203 insequentis
886 2121 1032 2185 dimissa

201 2241 372 2323 parochia
395 2241 499 2305 rediit
519 2241 555 2304 in
574 2242 841 2317 monasterium
868 2246 914 2307 ab
938 2264 1031 2308 anno

207 2366 282 2442 1841
302 2384 380 2427 cum
397 2364 541 2445 parochi
559 2365 746 2429 domestici
767 2366 882 2429 locum
899 2366 1032 2430 tenuis·

202 2496 269 2567 set,
289 2485 473 2567 professus
495 2486 671 2550 iubilaeus
694 2487 783 2552 obiit
808 2509 833 2553 1.
850 2490 914 2553 Iul.
941 2494 1031 2555 1853.

289 2608 444 2671 Exstant
474 2607 550 2672 eius
581 2609 661 2673 libri
695 2611 792 2694 typis
824 2612 948 2675 excusi
977 2633 1032 2675 se-

147 2780 156 2791 ..
203 2739 368 2812 quentes:

290 2856 312 2911 l.
341 2856 510 2914 Handbuch
537 2858 591 2914 der
618 2859 950 2937 Religionsgeschichte
978 2862 1032 2918 des

203 2962 284 3018 alten
309 2961 367 3017 und
391 2981 488 3020 neuen
508 2963 637 3021 Buudes.
664 2961 693 3044 (i.
719 2985 745 3022 e.
770 2965 864 3023 Liber
887 2967 1032 3024 manualis

204 3065 347 3123 historiae
363 3069 476 3124 veteris
492 3081 522 3124 et
535 3070 604 3125 novi
621 3067 774 3148 foederis.)
791 3070 890 3138 wien,
905 3070 1030 3128 Gerold.

208 3167 299 3243 1813.
317 3169 360 3228 8⁰.
377 3186 394 3244 3
410 3175 483 3229 tomi
499 3169 534 3251 (1.
552 3172 609 3230 168
623 3193 664 3250 p.,
680 3175 719 3231 11.
741 3190 851 3251 13071,
870 3176 922 3232 111.
936 3191 976 3250 59
991 3172 1032 3253 p.)

291 3275 328 3332 II.
354 3277 575 3353 Messgesange
598 3278 645 3334 fiir
667 3279 724 3336 den
745 3279 956 3337 Gottesdieust
980 3280 1034 3338 der

205 3379 398 3436 studirenden
413 3382 540 3457 Jugend.
565 3379 638 3460 (1.0.
661 3384 770 3460 Hymni
794 3387 872 3442 sacri
898 3387 928 3441 in
949 3404 1033 3442 usum

205 3483 360 3541 studiosae
373 3483 554 3565 iuventutis.)
568 3484 667 3563 Steyr‚
677 3487 779 3546 Greis.
793 3488 883 3564 1807.
898 3489 940 3547 8⁰.
952 3506 991 3564 29
1005 3509 1034 3566 p.

292 3590 344 3646 111.
369 3590 513 3665 Gesange
532 3611 585 3648 zur
605 3592 795 3650 disentlichen
816 3594 1036 3652 Gottesvereh-

206 3713 282 3769 rung
298 3694 351 3750 der
367 3694 560 3752 studirendeu
575 3697 693 3773 Jugend
713 3717 760 3755 am
782 3699 977 3775 Gymnasium
1000 3718 1036 3754 zu

207 3800 458 3856 Kremsmiinster.
475 3796 505 3878 (i.
520 3819 546 3856 e.
560 3801 669 3877 Hymni
682 3804 761 3859 sacri
779 3806 807 3860 in
824 3823 908 3861 usum
921 3805 1036 3861 studio·

207 3922 309 3961 sorum
326 3906 465 3961 iuvenum
482 3904 770 3986 Cremifanensium.)
792 3909 876 3978 Linz,
895 3911 1035 3968 Kastuer.

212 4007 301 4081 1813.
320 4007 361 4066 8⁰.
379 4006 419 4081 48
438 4028 466 4085 p.

295 4114 344 4170 IV.
367 4112 511 4189 Gesinge
535 4115 589 4172 der
609 4115 746 4174 Andacht
770 4138 822 4174 zur
847 4118 1037 4176 offentlichen

208 4217 493 4293 Gottesverehrung
508 4238 545 4275 an
562 4220 771 4278 katholischen
788 4222 883 4279 Lehr·
902 4223 962 4279 und
979 4224 1037 4280 Bil-

208 4321 466 4397 dungsanstalten,
488 4326 545 4380 wie
564 4325 642 4381 auch
658 4324 705 4382 fer
721 4328 833 4383 andere
848 4324 1038 4385 katholische

208 4425 396 4484 Gemeinden
408 4427 600 4486 anwendbar.
614 4426 681 4509 (1.1.
696 4431 806 4507 Hymni
818 4433 897 4488 sacri
913 4434 941 4487 in
954 4452 1038 4489 usum

207 4533 433 4607 gymnasiorum
450 4532 667 4590 catholicorum
683 4534 871 4611 aliorumque
887 4538 1039 4594 instituto·

209 4633 295 4714 rum.)
319 4637 402 4701 Linz,
425 4638 454 4692 in
470 4638 671 4695 Commission
690 4638 742 4697 bei
763 4641 850 4697 Fink.
880 4640 971 4715 1823.
997 4641 1039 4699 8⁰.

210 4738 271 4814 264
289 4760 318 4817 p.
336 4741 437 4798 Editio
453 4742 548 4798 altera
561 4744 718 4800 emendata
730 4745 842 4820 prodiit
854 4747 952 4804 Lincii
969 4745 1038 4804 ibid.

214 4845 304 4918 1841.
328 4845 370 4902 8⁰.
394 4845 455 4920 264
472 4865 501 4922 p.
528 4847 629 4904 Editio
650 4850 738 4905 tertia
754 4850 912 4908 emendata
929 4853 1041 4928 prodiit

209 4951 353 5019 Viennae,
375 4951 467 5009 Auer.
495 4949 584 5027 1857.
610 4950 652 5011 8⁰.
678 4953 738 5028 264
760 4975 789 5032 p.
815 4955 947 5014 Secutae
971 4971 1041 5015 sunt

212 5056 315 5131 plures
331 5057 479 5114 editiones
495 5076 555 5114 non
572 5071 712 5116 mutatae.

183 5202 187 5210 ·
296 5167 418 5263 Lang
449 5181 710 5246 Romualdus
742 5183 1039 5266 (Cremifanen-

210 5294 305 5378 sis),
332 5310 439 5360 antea
462 5299 625 5382 Carolus,
653 5302 687 5364 in
716 5303 802 5365 urbe
829 5304 1040 5385 provinciali

211 5418 314 5481 Wels
330 5420 523 5502 superioris
539 5421 709 5486 Austriae
725 5423 782 5487 die
804 5444 850 5488 12.
865 5425 944 5491 Oct.
959 5431 1035 5489 1821

1107 666 1222 738 natus,
1242 657 1421 739 gymnasii
1436 655 1555 719 studia
1571 654 1772 738 Cremifani,
1796 674 1943 719 cursum

1106 778 1391 861 philosophicum
1399 777 1512 841 Lincii
1524 777 1692 851 confecit;
1706 778 1763 841 die
1778 798 1826 841 11.
1836 776 1941 860 Sept.

1112 904 1188 979 1841
1213 920 1240 962 1.
1258 900 1390 964 ordinis
1411 909 1512 963 veste
1538 900 1682 963 indutus
1703 909 1834 963 exacto
1854 899 1943 963 tiro-

1108 1021 1200 1086 cinio
1209 1021 1411 1105 theologiae
1420 1022 1591 1105 mysteria
1599 1022 1635 1085 in
1646 1022 1749 1106 lyceo
1759 1019 1943 1084 Linciensi

1107 1145 1239 1218 hausit3
1264 1145 1394 1208 emissa
1416 1143 1475 1207 die
1495 1163 1546 1223 ²7·
1564 1144 1659 1227 Aug.
1677 1147 1757 1223 1845
1774 1152 1943 1207 votorum

1107 1265 1342 1347 promissione
1363 1274 1400 1328 et
1421 1264 1584 1328 confecto
1605 1265 1809 1348 theologiae
1832 1283 1943 1329 cursu

1109 1386 1329 1470 insequentis
1357 1387 1440 1450 anni
1463 1387 1521 1449 die
1553 1391 1600 1452 18.
1624 1387 1689 1450 Iul.
1714 1389 1945 1451 sacerdotum

1109 1510 1216 1573 choro
1244 1518 1465 1592 aggregatus
1493 1519 1558 1572 est.
1597 1507 1794 1591 Neomysta
1820 1509 1945 1573 cathe-

1111 1634 1209 1696 dram
1223 1631 1431 1694 conscendit
1447 1640 1483 1694 et
1499 1634 1666 1710 1846-49
1680 1630 1946 1714 philosophiam

1109 1755 1146 1817 in
1170 1755 1273 1837 lyceo
1298 1753 1433 1827 docuit;
1458 1753 1643 1816 immutata
1666 1752 1863 1816 studiorum
1886 1772 1946 1815 ra-

1110 1876 1207 1941 tione
1230 1878 1276 1938 ab
1305 1878 1385 1955 1849
1408 1884 1552 1959 praeter
1574 1874 1836 1958 philosophiam
1860 1894 1946 1957 pro·

1110 1997 1359 2081 paedeuticam
1382 1995 1640 2080 geographiam
1664 2015 1806 2079 quoque
1831 2006 1868 2060 et
1891 1996 1947 2059 hi·
1983 1996 1986 2001 ’

1111 2120 1256 2184 storiam
1269 2119 1457 2182 iuvenibus
1470 2117 1617 2181 tradidit
1629 2137 1743 2201 usque
1755 2121 1802 2181 ad
1811 2138 1947 2181 annum

1111 2242 1361 2305 scholasticum
1379 2244 1470 2322 1865,
1488 2260 1534 2304 ex
1546 2261 1616 2322 quo
1629 2260 1722 2304 anno
1734 2240 1846 2303 solam
1857 2260 1947 2324 geo-

1111 2364 1298 2447 graphiam
1316 2374 1351 2426 et
1367 2362 1550 2426 historiam
1567 2362 1806 2445 professorum
1827 2363 1949 2427 senior

1114 2486 1149 2550 in
1166 2487 1355 2572 gymnasio
1372 2485 1554 2567 superiore
1570 2487 1685 2548 docet.

1198 2610 1263 2672 Vir
1279 2609 1406 2672 studiis
1422 2616 1458 2671 et
1473 2608 1628 2690 legendo
1640 2608 1831 2669 admodum
1846 2606 1950 2670 dedi·

1112 2743 1169 2796 tus
1186 2733 1284 2816 typis
1301 2730 1477 2814 vulgavit:

1199 2859 1263 2915 Das
1285 2855 1486 2915 Unbewusste
1509 2858 1547 2914 im
1568 2856 1742 2913 Menschen.
1767 2851 1948 2934 (Tractatus

1112 2959 1367 3040 psychologicus.)
1374 2961 1733 3037 Gymnasialprogramm.
1743 2961 1829 3028 Linz,
1838 2960 1948 3017 Druck

1112 3086 1172 3125 von
1187 3068 1212 3123 F
1214 3067 1398 3141 eichtingers
1415 3064 1527 3122 Erben.
1548 3063 1639 3139 1859.
1661 3071 1704 3138 4⁰.
1728 3079 1769 3122 20
1784 3084 1814 3141 p.
1832 3065 1950 3141 Verlag

1113 3173 1167 3229 der
1183 3172 1350 3229 Direction.

1200 3310 1451 3431 Langegger
1482 3345 1692 3408 Andreas
1730 3343 1949 3427 (Cremifa-

1115 3465 1288 3546 nensis),
1321 3462 1534 3526 Austriacus
1565 3460 1855 3545 Cremifanensis,
1888 3463 1949 3526 die

1117 3608 1167 3653 22.
1184 3593 1260 3652 Oct.
1282 3607 1358 3667 1711
1378 3594 1494 3666 natus,
1515 3585 1551 3647 in
1572 3584 1761 3667 gymnasio
1777 3584 1950 3649 Cremifa-

1116 3711 1227 3792 nensi,
1252 3709 1380 3772 deinde
1406 3708 1441 3771 in
1468 3707 1563 3771 univ.
1588 3705 1854 3790 Salisburgensi
1877 3708 1948 3772 rite

1117 3832 1300 3896 institutus
1320 3829 1481 3894 sollemni
1497 3839 1659 3892 votorum
1682 3828 1868 3893 emissione
1890 3831 1950 3894 die

1118 3975 1169 4034 ²9·
1183 3953 1282 4036 Sept.
1301 3959 1378 4033 1731
1398 3951 1496 4015 11111
1511 3951 1695 4014 sodalibus
1708 3951 1950 4016 Cremifanen-

1117 4076 1216 4139 sibus
1232 4075 1435 4157 adscriptus
1452 4083 1522 4145 est;
1544 4081 1682 4155 postea,
1704 4084 1742 4136 ut
1764 4074 1875 4137 sacris
1892 4075 1952 4138 lit·

1118 4199 1204 4263 teris
1220 4219 1366 4280 operam
1379 4200 1480 4260 daret
1495 4196 1668 4278 simulque
1681 4196 1825 4280 linguae
1839 4194 1952 4260 Galli-

1119 4342 1182 4386 cae
1195 4323 1366 4403 studeret,
1377 4320 1623 4402 Salisburgum
1636 4319 1804 4383 remissus
1817 4328 1854 4382 et
1865 4320 1952 4383 doc·

1119 4445 1206 4508 toris
1223 4444 1425 4526 theologiae
1441 4444 1562 4505 laurea
1579 4452 1768 4504 coronatus
1784 4443 1953 4505 sacerdo-

1097 4578 1101 4583 ·
1120 4567 1183 4631 1111
1199 4585 1343 4629 munere
1360 4565 1417 4643 die
1438 4570 1485 4629 15.
1503 4565 1597 4648 Aug.
1620 4566 1700 4643 1738
1720 4564 1834 4646 primo
1849 4563 1954 4629 func·

1120 4698 1177 4752 tus
1205 4696 1270 4752 est.
1310 4693 1472 4767 1739-41
1507 4688 1542 4750 11
1569 4686 1752 4749 academia
1779 4686 1954 4749 nobilium

1121 4810 1380 4875 Cremifanensi
1406 4809 1667 4893 philosophiam
1695 4808 1832 4881 docuit;
1870 4829 1949 4889 1741

1120 4939 1249 5015 -1746
1259 4934 1501 5017 cooperatoris
1511 4932 1955 4996 inWeisskirchenlocum

1120 5059 1251 5133 tenuit;
1285 5062 1458 5137 1746-51
1494 5057 1530 5119 11
1561 5056 1655 5118 univ.
1685 5054 1955 5138 Salisburgensi

1121 5181 1259 5245 ethicae
1285 5189 1321 5243 et
1344 5179 1529 5261 historiae,
1558 5182 1725 5259 1751-56
1748 5178 1954 5261 theologiae

1120 5303 1263 5366 moralis
1276 5301 1468 5385 professor,
1482 5301 1659 5384 virginum
1671 5301 1953 5364 Lauretanarum

1119 5445 1222 5488 sacer
1245 5426 1462 5505 moderator,
1488 5423 1675 5487 celsissimi
1698 5422 1870 5507 principis
1898 5442 1954 5485 ar·
