<?xml version="1.0" encoding="UTF-8"?>
<!DOCTYPE html PUBLIC "-//W3C//DTD XHTML 1.0 Transitional//EN"
    "http://www.w3.org/TR/xhtml1/DTD/xhtml1-transitional.dtd">
<html xmlns="http://www.w3.org/1999/xhtml" xml:lang="en" lang="en">
 <head>
  <title>
</title>
<meta http-equiv="Content-Type" content="text/html;charset=utf-8" />
  <meta name='ocr-system' content='tesseract 3.04.00' />
  <meta name='ocr-capabilities' content='ocr_page ocr_carea ocr_par ocr_line ocrx_word'/>
</head>
<body>
  <div class='ocr_page' id='page_1' title='image "./scriptoresordin00austgoog_0311.png"; bbox 0 0 4178 6196; ppageno 0'>
   <div class='ocr_carea' id='block_1_1' title="bbox 952 425 1233 500">
    <p class='ocr_par' dir='ltr' id='par_1_1' title="bbox 952 425 1233 500">
     <span class='ocr_line' id='line_1_1' title="bbox 952 425 1233 500; baseline 0 -8"><span class='ocrx_word' id='word_1_1' title='bbox 952 425 1126 500; x_wconf 85' lang='lat'>-.182</span> <span class='ocrx_word' id='word_1_2' title='bbox 1184 465 1233 475; x_wconf 90' lang='lat'>-</span> 
     </span>
    </p>
   </div>
   <div class='ocr_carea' id='block_1_2' title="bbox 224 630 1055 1338">
    <p class='ocr_par' dir='ltr' id='par_1_2' title="bbox 224 630 1055 1128">
     <span class='ocr_line' id='line_1_2' title="bbox 311 630 1055 706; baseline -0.003 -17"><span class='ocrx_word' id='word_1_3' title='bbox 311 635 349 690; x_wconf 89' lang='lat' dir='ltr'>X.</span> <span class='ocrx_word' id='word_1_4' title='bbox 372 634 430 689; x_wconf 90' lang='lat' dir='ltr'>Pro</span> <span class='ocrx_word' id='word_1_5' title='bbox 451 651 530 688; x_wconf 92' lang='lat' dir='ltr'>anno</span> <span class='ocrx_word' id='word_1_6' title='bbox 550 631 648 705; x_wconf 83' lang='lat'>1851:</span> <span class='ocrx_word' id='word_1_7' title='bbox 672 631 982 706; x_wconf 86' lang='lat' dir='ltr'>Zusammenstelluug</span> <span class='ocrx_word' id='word_1_8' title='bbox 1002 630 1055 688; x_wconf 91' lang='lat' dir='ltr'>der</span> 
     </span>
     <span class='ocr_line' id='line_1_3' title="bbox 224 735 1055 812; baseline -0.004 -17"><span class='ocrx_word' id='word_1_9' title='bbox 224 737 333 796; x_wconf 85' lang='lat' dir='ltr'>beiden</span> <span class='ocrx_word' id='word_1_10' title='bbox 349 738 561 812; x_wconf 71' lang='lat' dir='ltr'>Erzahlungen</span> <span class='ocrx_word' id='word_1_11' title='bbox 576 755 636 793; x_wconf 90' lang='lat' dir='ltr'>von</span> <span class='ocrx_word' id='word_1_12' title='bbox 652 736 718 793; x_wconf 90' lang='lat' dir='ltr'>dem</span> <span class='ocrx_word' id='word_1_13' title='bbox 731 735 821 793; x_wconf 80' lang='lat' dir='ltr'>&#39;lode</span> <span class='ocrx_word' id='word_1_14' title='bbox 837 736 890 793; x_wconf 90' lang='lat' dir='ltr'>der</span> <span class='ocrx_word' id='word_1_15' title='bbox 902 736 1055 812; x_wconf 82' lang='lat' dir='ltr'>Polyxena</span> 
     </span>
     <span class='ocr_line' id='line_1_4' title="bbox 224 837 1054 920; baseline -0.005 -20"><span class='ocrx_word' id='word_1_16' title='bbox 224 863 278 900; x_wconf 93' lang='lat' dir='ltr'>aus</span> <span class='ocrx_word' id='word_1_17' title='bbox 295 842 455 919; x_wconf 81' lang='lat' dir='ltr'>Euripides</span> <span class='ocrx_word' id='word_1_18' title='bbox 471 842 530 899; x_wconf 92' lang='lat' dir='ltr'>und</span> <span class='ocrx_word' id='word_1_19' title='bbox 543 841 671 899; x_wconf 86' lang='lat' dir='ltr'><strong>Seneca.</strong></span> <span class='ocrx_word' id='word_1_20' title='bbox 687 837 717 920; x_wconf 83' lang='lat' dir='ltr'>(i.</span> <span class='ocrx_word' id='word_1_21' title='bbox 730 859 757 898; x_wconf 90' lang='lat' dir='ltr'>e.</span> <span class='ocrx_word' id='word_1_22' title='bbox 774 842 969 917; x_wconf 87' lang='lat' dir='ltr'><strong>Comparatio</strong></span> <span class='ocrx_word' id='word_1_23' title='bbox 986 859 1054 897; x_wconf 89' lang='lat' dir='ltr'>nar·</span> 
     </span>
     <span class='ocr_line' id='line_1_5' title="bbox 224 944 1054 1023; baseline -0.002 -20"><span class='ocrx_word' id='word_1_24' title='bbox 224 950 370 1004; x_wconf 88' lang='lat' dir='ltr'>rationum</span> <span class='ocrx_word' id='word_1_25' title='bbox 401 946 555 1023; x_wconf 85' lang='lat' dir='ltr'>Euripidis</span> <span class='ocrx_word' id='word_1_26' title='bbox 586 960 616 1003; x_wconf 90' lang='lat' dir='ltr'>et</span> <span class='ocrx_word' id='word_1_27' title='bbox 645 945 783 1004; x_wconf 86' lang='lat' dir='ltr'>Senecae</span> <span class='ocrx_word' id='word_1_28' title='bbox 814 944 852 1002; x_wconf 90' lang='lat' dir='ltr'>de</span> <span class='ocrx_word' id='word_1_29' title='bbox 882 946 1054 1021; x_wconf 85' lang='lat' dir='ltr'>Polyxenac</span> 
     </span>
     <span class='ocr_line' id='line_1_6' title="bbox 224 1049 329 1128; baseline -0.019 -19"><span class='ocrx_word' id='word_1_30' title='bbox 224 1049 329 1128; x_wconf 82' lang='lat' dir='ltr'>obitu.)</span> 
     </span>
    </p>

    <p class='ocr_par' dir='ltr' id='par_1_3' title="bbox 224 1152 1054 1338">
     <span class='ocr_line' id='line_1_7' title="bbox 310 1152 1053 1229; baseline -0.003 -17"><span class='ocrx_word' id='word_1_31' title='bbox 310 1157 362 1213; x_wconf 98' lang='lat' dir='ltr'>XI.</span> <span class='ocrx_word' id='word_1_32' title='bbox 391 1157 449 1212; x_wconf 90' lang='lat' dir='ltr'>Pro</span> <span class='ocrx_word' id='word_1_33' title='bbox 482 1154 576 1229; x_wconf 82' lang='lat'>1857:</span> <span class='ocrx_word' id='word_1_34' title='bbox 605 1155 789 1212; x_wconf 90' lang='lat' dir='ltr'>Geschichte</span> <span class='ocrx_word' id='word_1_35' title='bbox 812 1154 867 1211; x_wconf 89' lang='lat' dir='ltr'>des</span> <span class='ocrx_word' id='word_1_36' title='bbox 891 1152 1053 1211; x_wconf 90' lang='lat' dir='ltr'>Schotten·</span> 
     </span>
     <span class='ocr_line' id='line_1_8' title="bbox 224 1256 1054 1338; baseline -0.004 -22"><span class='ocrx_word' id='word_1_37' title='bbox 224 1263 438 1336; x_wconf 87' lang='lat' dir='ltr'>gymnasiums.</span> <span class='ocrx_word' id='word_1_38' title='bbox 469 1256 499 1338; x_wconf 89' lang='lat' dir='ltr'>(i.</span> <span class='ocrx_word' id='word_1_39' title='bbox 525 1278 551 1317; x_wconf 89' lang='lat' dir='ltr'>e.</span> <span class='ocrx_word' id='word_1_40' title='bbox 579 1260 715 1316; x_wconf 86' lang='lat' dir='ltr'>Historia</span> <span class='ocrx_word' id='word_1_41' title='bbox 742 1279 768 1316; x_wconf 90' lang='lat' dir='ltr'>c.</span> <span class='ocrx_word' id='word_1_42' title='bbox 793 1277 817 1314; x_wconf 91' lang='lat' dir='ltr'>r.</span> <span class='ocrx_word' id='word_1_43' title='bbox 841 1259 988 1334; x_wconf 81' lang='lat' dir='ltr'>gymnasii</span> <span class='ocrx_word' id='word_1_44' title='bbox 1016 1257 1054 1314; x_wconf 93' lang='lat' dir='ltr'>ad</span> 
     </span>
    </p>
   </div>
   <div class='ocr_carea' id='block_1_3' title="bbox 224 1360 495 1442">
    <p class='ocr_par' dir='ltr' id='par_1_4' title="bbox 224 1360 495 1442">
     <span class='ocr_line' id='line_1_9' title="bbox 224 1360 495 1442; baseline -0.007 -19"><span class='ocrx_word' id='word_1_45' title='bbox 224 1365 337 1423; x_wconf 90' lang='lat' dir='ltr'>Scotos</span> <span class='ocrx_word' id='word_1_46' title='bbox 354 1360 495 1442; x_wconf 83' lang='lat' dir='ltr'>Vindob.)</span> 
     </span>
    </p>
   </div>
   <div class='ocr_carea' id='block_1_4' title="bbox 222 1481 1053 2019">
    <p class='ocr_par' dir='ltr' id='par_1_5' title="bbox 224 1481 1053 1669">
     <span class='ocr_line' id='line_1_10' title="bbox 311 1481 1053 1566; baseline -0.007 -19"><span class='ocrx_word' id='word_1_47' title='bbox 311 1485 366 1547; x_wconf 81' lang='lat' dir='ltr'>Ex</span> <span class='ocrx_word' id='word_1_48' title='bbox 399 1482 499 1546; x_wconf 91' lang='lat' dir='ltr'>libris</span> <span class='ocrx_word' id='word_1_49' title='bbox 535 1503 581 1546; x_wconf 92' lang='lat' dir='ltr'>ss.</span> <span class='ocrx_word' id='word_1_50' title='bbox 613 1492 753 1566; x_wconf 88' lang='lat' dir='ltr'>patrum</span> <span class='ocrx_word' id='word_1_51' title='bbox 788 1482 922 1546; x_wconf 86' lang='lat' dir='ltr'>selecta</span> <span class='ocrx_word' id='word_1_52' title='bbox 956 1481 1053 1564; x_wconf 89' lang='lat' dir='ltr'>typis</span> 
     </span>
     <span class='ocr_line' id='line_1_11' title="bbox 224 1606 353 1669; baseline -0.008 0"><span class='ocrx_word' id='word_1_53' title='bbox 224 1606 353 1669; x_wconf 88' lang='lat' dir='ltr'>edidit:</span> 
     </span>
    </p>

    <p class='ocr_par' dir='ltr' id='par_1_6' title="bbox 222 1729 1052 2019">
     <span class='ocr_line' id='line_1_12' title="bbox 309 1729 1052 1806; baseline -0.005 -18"><span class='ocrx_word' id='word_1_54' title='bbox 309 1735 376 1790; x_wconf 86' lang='lat' dir='ltr'><strong>XII.</strong></span> <span class='ocrx_word' id='word_1_55' title='bbox 394 1733 541 1800; x_wconf 90' lang='lat' dir='ltr'>Christus,</span> <span class='ocrx_word' id='word_1_56' title='bbox 558 1731 679 1806; x_wconf 82' lang='lat' dir='ltr'>Ansang</span> <span class='ocrx_word' id='word_1_57' title='bbox 694 1730 754 1786; x_wconf 92' lang='lat' dir='ltr'>und</span> <span class='ocrx_word' id='word_1_58' title='bbox 770 1729 865 1787; x_wconf 88' lang='lat' dir='ltr'>Ende.</span> <span class='ocrx_word' id='word_1_59' title='bbox 883 1729 940 1785; x_wconf 90' lang='lat' dir='ltr'>Ein</span> <span class='ocrx_word' id='word_1_60' title='bbox 953 1730 1052 1786; x_wconf 89' lang='lat' dir='ltr'>Kranz</span> 
     </span>
     <span class='ocr_line' id='line_1_13' title="bbox 223 1832 1052 1894; baseline -0.006 0"><span class='ocrx_word' id='word_1_61' title='bbox 223 1856 283 1894; x_wconf 88' lang='lat' dir='ltr'>von</span> <span class='ocrx_word' id='word_1_62' title='bbox 309 1836 449 1894; x_wconf 88' lang='lat' dir='ltr'>Gebeten</span> <span class='ocrx_word' id='word_1_63' title='bbox 479 1855 535 1893; x_wconf 89' lang='lat' dir='ltr'>aus</span> <span class='ocrx_word' id='word_1_64' title='bbox 561 1834 737 1892; x_wconf 86' lang='lat' dir='ltr'>beriihmten</span> <span class='ocrx_word' id='word_1_65' title='bbox 765 1832 1052 1891; x_wconf 88' lang='lat' dir='ltr'>Kirchen·Schrilt·</span> 
     </span>
     <span class='ocr_line' id='line_1_14' title="bbox 222 1936 1052 2019; baseline -0.004 -23"><span class='ocrx_word' id='word_1_66' title='bbox 222 1941 354 1998; x_wconf 89' lang='lat' dir='ltr'>stellern.</span> <span class='ocrx_word' id='word_1_67' title='bbox 377 1938 406 2019; x_wconf 80' lang='lat' dir='ltr'>(i.</span> <span class='ocrx_word' id='word_1_68' title='bbox 420 1960 447 1997; x_wconf 95' lang='lat' dir='ltr'>e.</span> <span class='ocrx_word' id='word_1_69' title='bbox 468 1940 617 2008; x_wconf 62' lang='lat' dir='ltr'>Christus</span> <span class='ocrx_word' id='word_1_70' title='bbox 634 1939 658 1996; x_wconf 73' lang='lat' dir='ltr'>A</span> <span class='ocrx_word' id='word_1_71' title='bbox 675 1952 705 1996; x_wconf 89' lang='lat' dir='ltr'>et</span> <span class='ocrx_word' id='word_1_72' title='bbox 721 1936 755 2006; x_wconf 81' lang='grc' dir='ltr'>Ω,</span> <span class='ocrx_word' id='word_1_73' title='bbox 773 1956 881 2015; x_wconf 87' lang='lat' dir='ltr'>preces</span> <span class='ocrx_word' id='word_1_74' title='bbox 898 1957 916 1994; x_wconf 88' lang='lat' dir='ltr'>e</span> <span class='ocrx_word' id='word_1_75' title='bbox 931 1939 1052 2013; x_wconf 90' lang='lat' dir='ltr'>scriptis</span> 
     </span>
    </p>
   </div>
   <div class='ocr_carea' id='block_1_5' title="bbox 209 2040 1051 2225">
    <p class='ocr_par' dir='ltr' id='par_1_7' title="bbox 209 2040 1051 2225">
     <span class='ocr_line' id='line_1_15' title="bbox 222 2040 1051 2123; baseline -0.005 -21"><span class='ocrx_word' id='word_1_76' title='bbox 222 2065 263 2102; x_wconf 91' lang='lat' dir='ltr'>ss.</span> <span class='ocrx_word' id='word_1_77' title='bbox 274 2059 390 2122; x_wconf 90' lang='lat' dir='ltr'>patrum</span> <span class='ocrx_word' id='word_1_78' title='bbox 406 2043 559 2123; x_wconf 85' lang='lat' dir='ltr'>selectae.)</span> <span class='ocrx_word' id='word_1_79' title='bbox 577 2060 586 2100; x_wconf 93' lang='lat'>1</span> <span class='ocrx_word' id='word_1_80' title='bbox 600 2043 660 2102; x_wconf 82' lang='lat' dir='ltr'>vol.</span> <span class='ocrx_word' id='word_1_81' title='bbox 678 2042 711 2101; x_wconf 75' lang='grc' dir='ltr'>8ο</span> <span class='ocrx_word' id='word_1_82' title='bbox 720 2045 788 2099; x_wconf 92' lang='lat' dir='ltr'>min.</span> <span class='ocrx_word' id='word_1_83' title='bbox 802 2043 946 2110; x_wconf 86' lang='lat' dir='ltr'>Viennae,</span> <span class='ocrx_word' id='word_1_84' title='bbox 960 2040 1051 2115; x_wconf 85' lang='lat'>1842,</span> 
     </span>
     <span class='ocr_line' id='line_1_16' title="bbox 209 2136 874 2225; baseline 0 -20"><span class='ocrx_word' id='word_1_85' title='bbox 209 2136 302 2225; x_wconf 58' lang='lat' dir='ltr'>&#39;apud</span> <span class='ocrx_word' id='word_1_86' title='bbox 319 2151 414 2225; x_wconf 92' lang='lat' dir='ltr'>lgnat.</span> <span class='ocrx_word' id='word_1_87' title='bbox 430 2150 586 2206; x_wconf 90' lang='lat' dir='ltr'>Lienhart.</span> <span class='ocrx_word' id='word_1_88' title='bbox 611 2164 639 2205; x_wconf 91' lang='lat'>2.</span> <span class='ocrx_word' id='word_1_89' title='bbox 658 2149 704 2205; x_wconf 89' lang='lat' dir='ltr'>ed.</span> <span class='ocrx_word' id='word_1_90' title='bbox 722 2155 763 2205; x_wconf 82' lang='lat' dir='ltr'>c².</span> <span class='ocrx_word' id='word_1_91' title='bbox 786 2145 874 2220; x_wconf 88' lang='lat'>1844.</span> 
     </span>
    </p>
   </div>
   <div class='ocr_carea' id='block_1_6' title="bbox 218 2268 1050 3290">
    <p class='ocr_par' dir='ltr' id='par_1_8' title="bbox 218 2268 1050 3290">
     <span class='ocr_line' id='line_1_17' title="bbox 308 2268 1050 2329; baseline -0.004 -1"><span class='ocrx_word' id='word_1_92' title='bbox 308 2274 390 2329; x_wconf 86' lang='lat' dir='ltr'><strong>XIII.</strong></span> <span class='ocrx_word' id='word_1_93' title='bbox 423 2271 665 2329; x_wconf 88' lang='lat' dir='ltr'>Chrestomathia</span> <span class='ocrx_word' id='word_1_94' title='bbox 693 2288 730 2326; x_wconf 85' lang='lat' dir='ltr'>ex</span> <span class='ocrx_word' id='word_1_95' title='bbox 762 2268 847 2327; x_wconf 94' lang='lat' dir='ltr'>libris</span> <span class='ocrx_word' id='word_1_96' title='bbox 877 2282 1050 2327; x_wconf 88' lang='lat' dir='ltr'>sanctorum</span> 
     </span>
     <span class='ocr_line' id='line_1_18' title="bbox 221 2375 1050 2453; baseline -0.005 -19"><span class='ocrx_word' id='word_1_97' title='bbox 221 2378 370 2435; x_wconf 87' lang='lat' dir='ltr'>ecclesiae</span> <span class='ocrx_word' id='word_1_98' title='bbox 401 2389 536 2453; x_wconf 83' lang='lat' dir='ltr'>patrum,</span> <span class='ocrx_word' id='word_1_99' title='bbox 568 2375 741 2443; x_wconf 90' lang='lat' dir='ltr'>doctorum,</span> <span class='ocrx_word' id='word_1_100' title='bbox 773 2377 969 2450; x_wconf 91' lang='lat' dir='ltr'>scriptorum,</span> <span class='ocrx_word' id='word_1_101' title='bbox 1000 2376 1050 2448; x_wconf 92' lang='lat' dir='ltr'>qui</span> 
     </span>
     <span class='ocr_line' id='line_1_19' title="bbox 221 2480 1050 2557; baseline -0.002 -19"><span class='ocrx_word' id='word_1_102' title='bbox 221 2483 321 2556; x_wconf 91' lang='lat' dir='ltr'>lingua</span> <span class='ocrx_word' id='word_1_103' title='bbox 342 2483 452 2538; x_wconf 89' lang='lat' dir='ltr'>Latina</span> <span class='ocrx_word' id='word_1_104' title='bbox 471 2483 667 2557; x_wconf 85' lang='lat' dir='ltr'>scripserunt,</span> <span class='ocrx_word' id='word_1_105' title='bbox 688 2481 867 2556; x_wconf 90' lang='lat' dir='ltr'>composita.</span> <span class='ocrx_word' id='word_1_106' title='bbox 893 2480 965 2536; x_wconf 94' lang='lat' dir='ltr'>Usui</span> <span class='ocrx_word' id='word_1_107' title='bbox 986 2497 1050 2536; x_wconf 94' lang='lat' dir='ltr'>mo·</span> 
     </span>
     <span class='ocr_line' id='line_1_20' title="bbox 221 2584 1049 2643; baseline -0.005 0"><span class='ocrx_word' id='word_1_108' title='bbox 221 2587 383 2643; x_wconf 91' lang='lat' dir='ltr'>nachorum</span> <span class='ocrx_word' id='word_1_109' title='bbox 407 2585 472 2642; x_wconf 96' lang='lat' dir='ltr'>ord.</span> <span class='ocrx_word' id='word_1_110' title='bbox 497 2605 521 2642; x_wconf 94' lang='lat' dir='ltr'>s.</span> <span class='ocrx_word' id='word_1_111' title='bbox 542 2585 575 2641; x_wconf 92' lang='lat' dir='ltr'>P.</span> <span class='ocrx_word' id='word_1_112' title='bbox 592 2584 746 2641; x_wconf 86' lang='lat' dir='ltr'>Benedicti</span> <span class='ocrx_word' id='word_1_113' title='bbox 767 2586 796 2640; x_wconf 94' lang='lat' dir='ltr'>in</span> <span class='ocrx_word' id='word_1_114' title='bbox 818 2585 1000 2640; x_wconf 92' lang='lat' dir='ltr'>monasterio</span> <span class='ocrx_word' id='word_1_115' title='bbox 1016 2584 1049 2639; x_wconf 91' lang='grc' dir='ltr'>Β.</span> 
     </span>
     <span class='ocr_line' id='line_1_21' title="bbox 220 2687 1049 2762; baseline -0.005 -15"><span class='ocrx_word' id='word_1_116' title='bbox 220 2691 259 2747; x_wconf 88' lang='grc' dir='ltr'>Μ.</span> <span class='ocrx_word' id='word_1_117' title='bbox 277 2691 313 2748; x_wconf 91' lang='lat' dir='ltr'>V.</span> <span class='ocrx_word' id='word_1_118' title='bbox 336 2689 374 2747; x_wconf 91' lang='lat' dir='ltr'>ad</span> <span class='ocrx_word' id='word_1_119' title='bbox 395 2689 508 2748; x_wconf 92' lang='lat' dir='ltr'>Scotos</span> <span class='ocrx_word' id='word_1_120' title='bbox 524 2688 723 2747; x_wconf 88' lang='lat' dir='ltr'>Vindobonae</span> <span class='ocrx_word' id='word_1_121' title='bbox 746 2687 928 2762; x_wconf 90' lang='lat' dir='ltr'>degentium.</span> <span class='ocrx_word' id='word_1_122' title='bbox 954 2688 1049 2744; x_wconf 89' lang='lat' dir='ltr'>2vol.</span> 
     </span>
     <span class='ocr_line' id='line_1_22' title="bbox 219 2791 1049 2871; baseline -0.006 -18"><span class='ocrx_word' id='word_1_123' title='bbox 219 2795 367 2853; x_wconf 89' lang='lat' dir='ltr'>Volumen</span> <span class='ocrx_word' id='word_1_124' title='bbox 391 2796 414 2851; x_wconf 94' lang='grc'>1.</span> <span class='ocrx_word' id='word_1_125' title='bbox 443 2794 648 2871; x_wconf 91' lang='lat' dir='ltr'>complectens</span> <span class='ocrx_word' id='word_1_126' title='bbox 675 2793 788 2851; x_wconf 89' lang='lat' dir='ltr'>selecta</span> <span class='ocrx_word' id='word_1_127' title='bbox 815 2812 852 2849; x_wconf 87' lang='lat' dir='ltr'>ex</span> <span class='ocrx_word' id='word_1_128' title='bbox 880 2791 964 2849; x_wconf 92' lang='lat' dir='ltr'>libris</span> <span class='ocrx_word' id='word_1_129' title='bbox 990 2791 1049 2849; x_wconf 85' lang='lat' dir='ltr'>divi</span> 
     </span>
     <span class='ocr_line' id='line_1_23' title="bbox 218 2897 1049 2974; baseline -0.004 -18"><span class='ocrx_word' id='word_1_130' title='bbox 218 2899 321 2956; x_wconf 85' lang='lat' dir='ltr'>Aurel.</span> <span class='ocrx_word' id='word_1_131' title='bbox 345 2901 514 2974; x_wconf 85' lang='lat' dir='ltr'>Augustini.</span> <span class='ocrx_word' id='word_1_132' title='bbox 539 2899 686 2956; x_wconf 92' lang='lat' dir='ltr'>Volumen</span> <span class='ocrx_word' id='word_1_133' title='bbox 709 2899 746 2954; x_wconf 95' lang='lat' dir='ltr'>Il.</span> <span class='ocrx_word' id='word_1_134' title='bbox 774 2897 978 2974; x_wconf 88' lang='lat' dir='ltr'>complectens</span> <span class='ocrx_word' id='word_1_135' title='bbox 1001 2915 1049 2954; x_wconf 93' lang='lat' dir='ltr'>se·</span> 
     </span>
     <span class='ocr_line' id='line_1_24' title="bbox 221 3001 1047 3076; baseline -0.004 -15"><span class='ocrx_word' id='word_1_136' title='bbox 221 3005 298 3062; x_wconf 89' lang='lat' dir='ltr'>lecta</span> <span class='ocrx_word' id='word_1_137' title='bbox 323 3024 359 3061; x_wconf 82' lang='lat' dir='ltr'>ex</span> <span class='ocrx_word' id='word_1_138' title='bbox 383 3004 468 3062; x_wconf 90' lang='lat' dir='ltr'>libris</span> <span class='ocrx_word' id='word_1_139' title='bbox 488 3017 660 3061; x_wconf 91' lang='lat' dir='ltr'>sanctorum</span> <span class='ocrx_word' id='word_1_140' title='bbox 677 3001 831 3059; x_wconf 86' lang='lat' dir='ltr'>Ambrosii</span> <span class='ocrx_word' id='word_1_141' title='bbox 848 3016 878 3058; x_wconf 89' lang='lat' dir='ltr'>et</span> <span class='ocrx_word' id='word_1_142' title='bbox 894 3002 1047 3076; x_wconf 81' lang='lat' dir='ltr'>Gregorii.</span> 
     </span>
     <span class='ocr_line' id='line_1_25' title="bbox 220 3105 1047 3183; baseline -0.007 -15"><span class='ocrx_word' id='word_1_143' title='bbox 220 3109 261 3168; x_wconf 89' lang='lat'>8⁰.</span> <span class='ocrx_word' id='word_1_144' title='bbox 283 3109 492 3175; x_wconf 81' lang='lat' dir='ltr'>vindobonae,</span> <span class='ocrx_word' id='word_1_145' title='bbox 518 3107 596 3180; x_wconf 84' lang='lat'>1863</span> <span class='ocrx_word' id='word_1_146' title='bbox 622 3121 651 3164; x_wconf 92' lang='lat' dir='ltr'>et</span> <span class='ocrx_word' id='word_1_147' title='bbox 672 3105 762 3175; x_wconf 87' lang='lat'>1866,</span> <span class='ocrx_word' id='word_1_148' title='bbox 787 3120 896 3183; x_wconf 89' lang='lat' dir='ltr'>sumpt.</span> <span class='ocrx_word' id='word_1_149' title='bbox 921 3119 1047 3163; x_wconf 90' lang='lat' dir='ltr'>monast.</span> 
     </span>
     <span class='ocr_line' id='line_1_26' title="bbox 219 3212 813 3290; baseline -0.007 -19"><span class='ocrx_word' id='word_1_150' title='bbox 219 3215 257 3271; x_wconf 90' lang='lat' dir='ltr'>ad</span> <span class='ocrx_word' id='word_1_151' title='bbox 273 3213 396 3281; x_wconf 89' lang='lat' dir='ltr'>Scotos,</span> <span class='ocrx_word' id='word_1_152' title='bbox 414 3216 493 3290; x_wconf 85' lang='lat' dir='ltr'>typis</span> <span class='ocrx_word' id='word_1_153' title='bbox 510 3231 655 3288; x_wconf 81' lang='lat' dir='ltr'>congreg.</span> <span class='ocrx_word' id='word_1_154' title='bbox 672 3212 813 3268; x_wconf 89' lang='lat' dir='ltr'>Mechith.</span> 
     </span>
    </p>
   </div>
   <div class='ocr_carea' id='block_1_7' title="bbox 217 3335 1047 4230">
    <p class='ocr_par' dir='ltr' id='par_1_9' title="bbox 217 3335 1047 4230">
     <span class='ocr_line' id='line_1_27' title="bbox 304 3335 1046 3411; baseline -0.003 -19"><span class='ocrx_word' id='word_1_155' title='bbox 304 3336 384 3393; x_wconf 88' lang='lat' dir='ltr'><strong>XIV.</strong></span> <span class='ocrx_word' id='word_1_156' title='bbox 406 3336 597 3411; x_wconf 86' lang='lat' dir='ltr'>Conscripsit</span> <span class='ocrx_word' id='word_1_157' title='bbox 612 3353 706 3411; x_wconf 90' lang='lat' dir='ltr'>porro</span> <span class='ocrx_word' id='word_1_158' title='bbox 723 3335 826 3411; x_wconf 90' lang='lat' dir='ltr'>plures</span> <span class='ocrx_word' id='word_1_159' title='bbox 843 3335 969 3410; x_wconf 88' lang='lat' dir='ltr'>hymnos</span> <span class='ocrx_word' id='word_1_160' title='bbox 986 3346 1046 3390; x_wconf 94' lang='lat' dir='ltr'>tum</span> 
     </span>
     <span class='ocr_line' id='line_1_28' title="bbox 219 3439 1047 3515; baseline -0.004 -17"><span class='ocrx_word' id='word_1_161' title='bbox 219 3444 248 3498; x_wconf 94' lang='lat' dir='ltr'>in</span> <span class='ocrx_word' id='word_1_162' title='bbox 260 3442 371 3498; x_wconf 91' lang='lat' dir='ltr'>Latino</span> <span class='ocrx_word' id='word_1_163' title='bbox 385 3454 446 3496; x_wconf 89' lang='lat' dir='ltr'>tum</span> <span class='ocrx_word' id='word_1_164' title='bbox 459 3442 488 3496; x_wconf 92' lang='lat' dir='ltr'>in</span> <span class='ocrx_word' id='word_1_165' title='bbox 501 3440 684 3497; x_wconf 89' lang='lat' dir='ltr'>Germanico</span> <span class='ocrx_word' id='word_1_166' title='bbox 700 3439 843 3497; x_wconf 87' lang='lat' dir='ltr'>idiomate</span> <span class='ocrx_word' id='word_1_167' title='bbox 859 3458 916 3515; x_wconf 92' lang='lat' dir='ltr'>pro</span> <span class='ocrx_word' id='word_1_168' title='bbox 932 3441 1047 3496; x_wconf 82' lang='lat' dir='ltr'>iuveni-</span> 
     </span>
     <span class='ocr_line' id='line_1_29' title="bbox 218 3543 1046 3619; baseline -0.001 -18"><span class='ocrx_word' id='word_1_169' title='bbox 218 3543 275 3601; x_wconf 92' lang='lat' dir='ltr'>bus</span> <span class='ocrx_word' id='word_1_170' title='bbox 295 3543 351 3601; x_wconf 92' lang='lat' dir='ltr'>sub</span> <span class='ocrx_word' id='word_1_171' title='bbox 372 3564 444 3602; x_wconf 91' lang='lat' dir='ltr'>cura</span> <span class='ocrx_word' id='word_1_172' title='bbox 461 3545 720 3602; x_wconf 89' lang='lat' dir='ltr'>Benedictinorum</span> <span class='ocrx_word' id='word_1_173' title='bbox 744 3547 773 3600; x_wconf 90' lang='lat' dir='ltr'>in</span> <span class='ocrx_word' id='word_1_174' title='bbox 797 3546 954 3619; x_wconf 91' lang='lat' dir='ltr'>gymnasio</span> <span class='ocrx_word' id='word_1_175' title='bbox 970 3543 1046 3601; x_wconf 91' lang='lat' dir='ltr'>Sco·</span> 
     </span>
     <span class='ocr_line' id='line_1_30' title="bbox 218 3648 1046 3721; baseline -0.002 -15"><span class='ocrx_word' id='word_1_176' title='bbox 218 3653 296 3706; x_wconf 90' lang='lat' dir='ltr'>tensi</span> <span class='ocrx_word' id='word_1_177' title='bbox 312 3650 476 3706; x_wconf 92' lang='lat' dir='ltr'>litterarum</span> <span class='ocrx_word' id='word_1_178' title='bbox 493 3648 636 3706; x_wconf 90' lang='lat' dir='ltr'>studiosis</span> <span class='ocrx_word' id='word_1_179' title='bbox 649 3652 690 3705; x_wconf 91' lang='lat' dir='ltr'>uti</span> <span class='ocrx_word' id='word_1_180' title='bbox 707 3648 837 3721; x_wconf 81' lang='lat' dir='ltr'>„Sancte</span> <span class='ocrx_word' id='word_1_181' title='bbox 850 3650 939 3705; x_wconf 90' lang='lat' dir='ltr'>Pater</span> <span class='ocrx_word' id='word_1_182' title='bbox 951 3649 1046 3705; x_wconf 90' lang='lat' dir='ltr'>Bene·</span> 
     </span>
     <span class='ocr_line' id='line_1_31' title="bbox 219 3754 1044 3829; baseline -0.004 -17"><span class='ocrx_word' id='word_1_183' title='bbox 219 3756 329 3821; x_wconf 82' lang='lat' dir='ltr'>dictc“‚</span> <span class='ocrx_word' id='word_1_184' title='bbox 357 3754 442 3826; x_wconf 74' lang='lat' dir='ltr'>„Ave</span> <span class='ocrx_word' id='word_1_185' title='bbox 461 3756 549 3829; x_wconf 90' lang='lat' dir='ltr'>virgo</span> <span class='ocrx_word' id='word_1_186' title='bbox 569 3757 748 3829; x_wconf 81' lang='lat' dir='ltr'>gratiosa“‚·</span> <span class='ocrx_word' id='word_1_187' title='bbox 766 3754 846 3825; x_wconf 89' lang='lat' dir='ltr'>„Cor</span> <span class='ocrx_word' id='word_1_188' title='bbox 870 3754 1044 3821; x_wconf 86' lang='lat' dir='ltr'>devotum“,</span> 
     </span>
     <span class='ocr_line' id='line_1_32' title="bbox 219 3858 1045 3935; baseline -0.002 -19"><span class='ocrx_word' id='word_1_189' title='bbox 219 3858 327 3916; x_wconf 88' lang='lat' dir='ltr'>deinde</span> <span class='ocrx_word' id='word_1_190' title='bbox 348 3877 404 3935; x_wconf 89' lang='lat' dir='ltr'>pro</span> <span class='ocrx_word' id='word_1_191' title='bbox 424 3859 521 3916; x_wconf 89' lang='lat' dir='ltr'>salute</span> <span class='ocrx_word' id='word_1_192' title='bbox 536 3861 768 3934; x_wconf 87' lang='lat' dir='ltr'>augustissimae</span> <span class='ocrx_word' id='word_1_193' title='bbox 784 3859 892 3916; x_wconf 89' lang='lat' dir='ltr'>domus</span> <span class='ocrx_word' id='word_1_194' title='bbox 907 3858 1045 3915; x_wconf 88' lang='lat' dir='ltr'>Austria·</span> 
     </span>
     <span class='ocr_line' id='line_1_33' title="bbox 219 3963 1044 4040; baseline -0.002 -19"><span class='ocrx_word' id='word_1_195' title='bbox 219 3983 283 4031; x_wconf 88' lang='lat' dir='ltr'>cae,</span> <span class='ocrx_word' id='word_1_196' title='bbox 308 3966 337 4020; x_wconf 88' lang='lat' dir='ltr'>in</span> <span class='ocrx_word' id='word_1_197' title='bbox 361 3964 465 4020; x_wconf 73' lang='lat' dir='ltr'>funere</span> <span class='ocrx_word' id='word_1_198' title='bbox 490 3966 606 4020; x_wconf 85' lang='lat' dir='ltr'>iuvenis</span> <span class='ocrx_word' id='word_1_199' title='bbox 631 3977 661 4020; x_wconf 90' lang='lat' dir='ltr'>et</span> <span class='ocrx_word' id='word_1_200' title='bbox 680 3963 756 4020; x_wconf 93' lang='lat' dir='ltr'>alios</span> <span class='ocrx_word' id='word_1_201' title='bbox 778 3982 867 4039; x_wconf 90' lang='lat' dir='ltr'>quam</span> <span class='ocrx_word' id='word_1_202' title='bbox 888 3964 1044 4040; x_wconf 93' lang='lat' dir='ltr'>plurimos.</span> 
     </span>
     <span class='ocr_line' id='line_1_34' title="bbox 218 4065 1046 4144; baseline -0.002 -19"><span class='ocrx_word' id='word_1_203' title='bbox 218 4069 299 4125; x_wconf 89' lang='lat' dir='ltr'>Inter</span> <span class='ocrx_word' id='word_1_204' title='bbox 315 4069 373 4125; x_wconf 91' lang='lat' dir='ltr'>alia</span> <span class='ocrx_word' id='word_1_205' title='bbox 388 4070 498 4125; x_wconf 91' lang='lat' dir='ltr'>missae</span> <span class='ocrx_word' id='word_1_206' title='bbox 515 4086 533 4124; x_wconf 90' lang='lat' dir='ltr'>a</span> <span class='ocrx_word' id='word_1_207' title='bbox 549 4069 583 4124; x_wconf 92' lang='lat' dir='ltr'>F.</span> <span class='ocrx_word' id='word_1_208' title='bbox 602 4065 754 4125; x_wconf 92' lang='lat' dir='ltr'>Schubert</span> <span class='ocrx_word' id='word_1_209' title='bbox 774 4069 961 4144; x_wconf 88' lang='lat' dir='ltr'>compositae</span> <span class='ocrx_word' id='word_1_210' title='bbox 981 4080 1046 4124; x_wconf 86' lang='lat' dir='ltr'>tex·</span> 
     </span>
     <span class='ocr_line' id='line_1_35' title="bbox 217 4172 842 4230; baseline -0.005 0"><span class='ocrx_word' id='word_1_211' title='bbox 217 4187 278 4230; x_wconf 93' lang='lat' dir='ltr'>tum</span> <span class='ocrx_word' id='word_1_212' title='bbox 295 4172 539 4230; x_wconf 86' lang='lat' dir='ltr'>adcommodavit</span> <span class='ocrx_word' id='word_1_213' title='bbox 554 4172 693 4228; x_wconf 91' lang='lat' dir='ltr'>Latinum</span> <span class='ocrx_word' id='word_1_214' title='bbox 710 4185 768 4229; x_wconf 87' lang='lat' dir='ltr'>etc.</span> <span class='ocrx_word' id='word_1_215' title='bbox 785 4185 842 4228; x_wconf 90' lang='lat' dir='ltr'>etc.</span> 
     </span>
    </p>
   </div>
   <div class='ocr_carea' id='block_1_8' title="bbox 215 4279 1045 4824">
    <p class='ocr_par' dir='ltr' id='par_1_10' title="bbox 218 4279 1044 4496">
     <span class='ocr_line' id='line_1_36' title="bbox 304 4279 1044 4373; baseline -0.003 -19"><span class='ocrx_word' id='word_1_216' title='bbox 304 4291 384 4373; x_wconf 80' lang='lat' dir='ltr'>Qua</span> <span class='ocrx_word' id='word_1_217' title='bbox 418 4291 708 4353; x_wconf 89' lang='lat' dir='ltr'>bibliothecarius</span> <span class='ocrx_word' id='word_1_218' title='bbox 741 4279 929 4371; x_wconf 87' lang='lat' dir='ltr'>praeterea</span> <span class='ocrx_word' id='word_1_219' title='bbox 963 4309 1044 4353; x_wconf 91' lang='lat' dir='ltr'>con-</span> 
     </span>
     <span class='ocr_line' id='line_1_37' title="bbox 218 4415 375 4496; baseline 0 -19"><span class='ocrx_word' id='word_1_220' title='bbox 218 4415 375 4496; x_wconf 88' lang='lat' dir='ltr'>scripsit:</span> 
     </span>
    </p>

    <p class='ocr_par' dir='ltr' id='par_1_11' title="bbox 215 4538 1045 4824">
     <span class='ocr_line' id='line_1_38' title="bbox 303 4538 1045 4615; baseline 0 -20"><span class='ocrx_word' id='word_1_221' title='bbox 303 4541 368 4598; x_wconf 78' lang='lat' dir='ltr'>XV.</span> <span class='ocrx_word' id='word_1_222' title='bbox 379 4538 598 4597; x_wconf 83' lang='lat' dir='ltr'>Sexcentorum</span> <span class='ocrx_word' id='word_1_223' title='bbox 608 4538 670 4595; x_wconf 87' lang='lat' dir='ltr'>lere</span> <span class='ocrx_word' id='word_1_224' title='bbox 679 4541 1045 4615; x_wconf 88' lang='lat' dir='ltr'>manuscriptorum‚quae</span> 
     </span>
     <span class='ocr_line' id='line_1_39' title="bbox 215 4641 1044 4702; baseline -0.004 0"><span class='ocrx_word' id='word_1_225' title='bbox 215 4643 400 4702; x_wconf 90' lang='lat' dir='ltr'>bibliotheca</span> <span class='ocrx_word' id='word_1_226' title='bbox 420 4646 591 4701; x_wconf 89' lang='lat' dir='ltr'>monasterii</span> <span class='ocrx_word' id='word_1_227' title='bbox 608 4645 640 4700; x_wconf 92' lang='lat' dir='ltr'>B.</span> <span class='ocrx_word' id='word_1_228' title='bbox 658 4645 697 4701; x_wconf 91' lang='lat' dir='ltr'>M.</span> <span class='ocrx_word' id='word_1_229' title='bbox 713 4643 750 4701; x_wconf 92' lang='lat' dir='ltr'>V.</span> <span class='ocrx_word' id='word_1_230' title='bbox 771 4643 809 4700; x_wconf 88' lang='lat' dir='ltr'>ad</span> <span class='ocrx_word' id='word_1_231' title='bbox 825 4641 938 4701; x_wconf 91' lang='lat' dir='ltr'>Scotos</span> <span class='ocrx_word' id='word_1_232' title='bbox 953 4644 1044 4701; x_wconf 88' lang='lat' dir='ltr'>Vien-</span> 
     </span>
     <span class='ocr_line' id='line_1_40' title="bbox 216 4747 1042 4824; baseline -0.001 -18"><span class='ocrx_word' id='word_1_233' title='bbox 216 4768 272 4806; x_wconf 93' lang='lat' dir='ltr'>nae</span> <span class='ocrx_word' id='word_1_234' title='bbox 284 4752 427 4818; x_wconf 91' lang='lat' dir='ltr'>continet,</span> <span class='ocrx_word' id='word_1_235' title='bbox 441 4749 611 4824; x_wconf 88' lang='lat' dir='ltr'>catalogum</span> <span class='ocrx_word' id='word_1_236' title='bbox 620 4748 849 4805; x_wconf 90' lang='lat' dir='ltr'>adcuratissime</span> <span class='ocrx_word' id='word_1_237' title='bbox 862 4747 1042 4806; x_wconf 89' lang='lat' dir='ltr'>consectum.</span> 
     </span>
    </p>
   </div>
   <div class='ocr_carea' id='block_1_9' title="bbox 215 4851 1045 5030">
    <p class='ocr_par' dir='ltr' id='par_1_12' title="bbox 215 4851 1045 5030">
     <span class='ocr_line' id='line_1_41' title="bbox 215 4851 1045 4931; baseline 0 -22"><span class='ocrx_word' id='word_1_238' title='bbox 215 4854 341 4931; x_wconf 90' lang='lat' dir='ltr'>Mscrpt.</span> <span class='ocrx_word' id='word_1_239' title='bbox 359 4856 388 4910; x_wconf 95' lang='lat' dir='ltr'>in</span> <span class='ocrx_word' id='word_1_240' title='bbox 405 4852 467 4911; x_wconf 93' lang='grc'>600</span> <span class='ocrx_word' id='word_1_241' title='bbox 480 4852 593 4929; x_wconf 89' lang='lat' dir='ltr'>plagul.</span> <span class='ocrx_word' id='word_1_242' title='bbox 609 4860 652 4926; x_wconf 87' lang='lat'>4⁰.</span> <span class='ocrx_word' id='word_1_243' title='bbox 671 4852 798 4909; x_wconf 84' lang='lat' dir='ltr'>Adserv.</span> <span class='ocrx_word' id='word_1_244' title='bbox 815 4855 844 4909; x_wconf 92' lang='lat' dir='ltr'>in</span> <span class='ocrx_word' id='word_1_245' title='bbox 860 4851 1045 4910; x_wconf 88' lang='lat' dir='ltr'>bibliotheca</span> 
     </span>
     <span class='ocr_line' id='line_1_42' title="bbox 215 4956 803 5030; baseline -0.002 -15"><span class='ocrx_word' id='word_1_246' title='bbox 215 4956 366 5015; x_wconf 90' lang='lat' dir='ltr'>Scotensi.</span> <span class='ocrx_word' id='word_1_247' title='bbox 382 4957 455 5014; x_wconf 88' lang='lat' dir='ltr'>Inde</span> <span class='ocrx_word' id='word_1_248' title='bbox 471 4957 510 5015; x_wconf 88' lang='lat' dir='ltr'>ab</span> <span class='ocrx_word' id='word_1_249' title='bbox 527 4975 605 5014; x_wconf 92' lang='lat' dir='ltr'>anno</span> <span class='ocrx_word' id='word_1_250' title='bbox 627 4956 803 5030; x_wconf 84' lang='lat'>1838—40.</span> 
     </span>
    </p>
   </div>
   <div class='ocr_carea' id='block_1_10' title="bbox 215 5079 1044 5468">
    <p class='ocr_par' dir='ltr' id='par_1_13' title="bbox 215 5079 1044 5468">
     <span class='ocr_line' id='line_1_43' title="bbox 302 5079 1044 5156; baseline -0.001 -20"><span class='ocrx_word' id='word_1_251' title='bbox 302 5081 382 5138; x_wconf 88' lang='lat' dir='ltr'><strong>XVI.</strong></span> <span class='ocrx_word' id='word_1_252' title='bbox 399 5080 578 5156; x_wconf 90' lang='lat' dir='ltr'>Catalogum</span> <span class='ocrx_word' id='word_1_253' title='bbox 591 5079 793 5138; x_wconf 88' lang='lat' dir='ltr'>bibliothecae</span> <span class='ocrx_word' id='word_1_254' title='bbox 806 5079 974 5146; x_wconf 87' lang='lat' dir='ltr'>Scotensis,</span> <span class='ocrx_word' id='word_1_255' title='bbox 991 5081 1044 5156; x_wconf 87' lang='lat' dir='ltr'>qui</span> 
     </span>
     <span class='ocr_line' id='line_1_44' title="bbox 216 5183 1043 5270; baseline 0 -30"><span class='ocrx_word' id='word_1_256' title='bbox 216 5187 348 5270; x_wconf 76' lang='lat' dir='ltr'>continet</span> <span class='ocrx_word' id='word_1_257' title='bbox 364 5183 508 5241; x_wconf 84' lang='lat' dir='ltr'>librorum</span> <span class='ocrx_word' id='word_1_258' title='bbox 524 5187 604 5262; x_wconf 90' lang='lat' dir='ltr'>typis</span> <span class='ocrx_word' id='word_1_259' title='bbox 620 5203 800 5242; x_wconf 85' lang='lat' dir='ltr'>excusorum</span> <span class='ocrx_word' id='word_1_260' title='bbox 813 5184 903 5253; x_wconf 83' lang='lat' dir='ltr'>millia</span> <span class='ocrx_word' id='word_1_261' title='bbox 915 5184 978 5241; x_wconf 83' lang='lat' dir='ltr'>sere</span> <span class='ocrx_word' id='word_1_262' title='bbox 991 5186 1043 5240; x_wconf 90' lang='lat' dir='ltr'>tri·</span> 
     </span>
     <span class='ocr_line' id='line_1_45' title="bbox 215 5288 1044 5366; baseline 0 -22"><span class='ocrx_word' id='word_1_263' title='bbox 215 5291 298 5363; x_wconf 89' lang='lat' dir='ltr'>ginta</span> <span class='ocrx_word' id='word_1_264' title='bbox 313 5288 541 5345; x_wconf 90' lang='lat' dir='ltr'>adcuratissime</span> <span class='ocrx_word' id='word_1_265' title='bbox 556 5288 718 5366; x_wconf 88' lang='lat' dir='ltr'>descripta.</span> <span class='ocrx_word' id='word_1_266' title='bbox 740 5289 865 5364; x_wconf 90' lang='lat' dir='ltr'>Mscrpt.</span> <span class='ocrx_word' id='word_1_267' title='bbox 887 5291 916 5345; x_wconf 94' lang='lat' dir='ltr'>in</span> <span class='ocrx_word' id='word_1_268' title='bbox 936 5302 1044 5360; x_wconf 80' lang='grc'>30000</span> 
     </span>
     <span class='ocr_line' id='line_1_46' title="bbox 215 5391 1043 5468; baseline 0 -20"><span class='ocrx_word' id='word_1_269' title='bbox 215 5392 327 5468; x_wconf 91' lang='lat' dir='ltr'>plagul.</span> <span class='ocrx_word' id='word_1_270' title='bbox 350 5398 393 5464; x_wconf 78' lang='lat'>4⁰.</span> <span class='ocrx_word' id='word_1_271' title='bbox 414 5392 542 5449; x_wconf 79' lang='lat' dir='ltr'>Adserv.</span> <span class='ocrx_word' id='word_1_272' title='bbox 563 5395 593 5449; x_wconf 94' lang='lat' dir='ltr'>in</span> <span class='ocrx_word' id='word_1_273' title='bbox 608 5391 679 5450; x_wconf 91' lang='lat' dir='ltr'>bibl.</span> <span class='ocrx_word' id='word_1_274' title='bbox 697 5391 781 5450; x_wconf 91' lang='lat' dir='ltr'>Scot.</span> <span class='ocrx_word' id='word_1_275' title='bbox 807 5391 879 5449; x_wconf 90' lang='lat' dir='ltr'>Inde</span> <span class='ocrx_word' id='word_1_276' title='bbox 901 5391 941 5449; x_wconf 91' lang='lat' dir='ltr'>ab</span> <span class='ocrx_word' id='word_1_277' title='bbox 964 5410 1043 5449; x_wconf 94' lang='lat' dir='ltr'>anno</span> 
     </span>
    </p>
   </div>
   <div class='ocr_carea' id='block_1_11' title="bbox 1133 611 1969 816">
    <p class='ocr_par' dir='ltr' id='par_1_14' title="bbox 1133 611 1969 816">
     <span class='ocr_line' id='line_1_47' title="bbox 1138 611 1968 710; baseline 0 -22"><span class='ocrx_word' id='word_1_278' title='bbox 1138 632 1315 706; x_wconf 84' lang='lat'>1838-40.</span> <span class='ocrx_word' id='word_1_279' title='bbox 1323 631 1483 710; x_wconf 79' lang='lat' dir='ltr'>(Numerus</span> <span class='ocrx_word' id='word_1_280' title='bbox 1492 611 1636 689; x_wconf 80' lang='lat' dir='ltr'>librorum</span> <span class='ocrx_word' id='word_1_281' title='bbox 1646 636 1726 709; x_wconf 92' lang='lat' dir='ltr'>typis</span> <span class='ocrx_word' id='word_1_282' title='bbox 1735 633 1885 690; x_wconf 90' lang='lat' dir='ltr'>editorum</span> <span class='ocrx_word' id='word_1_283' title='bbox 1894 632 1968 690; x_wconf 92' lang='lat' dir='ltr'>bibl.</span> 
     </span>
     <span class='ocr_line' id='line_1_48' title="bbox 1133 724 1969 816; baseline 0 -21"><span class='ocrx_word' id='word_1_284' title='bbox 1133 736 1219 795; x_wconf 87' lang='lat' dir='ltr'>Scot.</span> <span class='ocrx_word' id='word_1_285' title='bbox 1240 756 1337 812; x_wconf 91' lang='lat' dir='ltr'>usque</span> <span class='ocrx_word' id='word_1_286' title='bbox 1356 736 1453 794; x_wconf 91' lang='lat' dir='ltr'>adhuc</span> <span class='ocrx_word' id='word_1_287' title='bbox 1475 737 1512 793; x_wconf 94' lang='lat' dir='ltr'>ad</span> <span class='ocrx_word' id='word_1_288' title='bbox 1529 735 1636 794; x_wconf 91' lang='grc'>60000</span> <span class='ocrx_word' id='word_1_289' title='bbox 1651 737 1711 794; x_wconf 89' lang='lat' dir='ltr'>vol.</span> <span class='ocrx_word' id='word_1_290' title='bbox 1733 751 1780 795; x_wconf 90' lang='lat' dir='ltr'>est</span> <span class='ocrx_word' id='word_1_291' title='bbox 1800 724 1969 816; x_wconf 78' lang='lat' dir='ltr'>adauctus.)</span> 
     </span>
    </p>
   </div>
   <div class='ocr_carea' id='block_1_12' title="bbox 1132 883 1968 1097">
    <p class='ocr_par' dir='ltr' id='par_1_15' title="bbox 1132 883 1968 1097">
     <span class='ocr_line' id='line_1_49' title="bbox 1219 883 1968 981; baseline 0.004 -25"><span class='ocrx_word' id='word_1_292' title='bbox 1219 883 1363 956; x_wconf 88' lang='lat' dir='ltr'>Heller</span> <span class='ocrx_word' id='word_1_293' title='bbox 1390 894 1642 958; x_wconf 89' lang='lat' dir='ltr'>Ambrosius</span> <span class='ocrx_word' id='word_1_294' title='bbox 1668 895 1968 981; x_wconf 85' lang='lat' dir='ltr'>(Mellicensis),</span> 
     </span>
     <span class='ocr_line' id='line_1_50' title="bbox 1132 1010 1967 1097; baseline 0.006 -24"><span class='ocrx_word' id='word_1_295' title='bbox 1132 1010 1302 1074; x_wconf 90' lang='lat' dir='ltr'>Moravus</span> <span class='ocrx_word' id='word_1_296' title='bbox 1322 1031 1342 1074; x_wconf 91' lang='lat' dir='ltr'>e</span> <span class='ocrx_word' id='word_1_297' title='bbox 1363 1010 1468 1094; x_wconf 87' lang='lat' dir='ltr'>Saar,</span> <span class='ocrx_word' id='word_1_298' title='bbox 1490 1024 1595 1076; x_wconf 90' lang='lat' dir='ltr'>natus</span> <span class='ocrx_word' id='word_1_299' title='bbox 1616 1013 1673 1076; x_wconf 93' lang='lat' dir='ltr'>die</span> <span class='ocrx_word' id='word_1_300' title='bbox 1696 1019 1727 1078; x_wconf 80' lang='lat'>3.</span> <span class='ocrx_word' id='word_1_301' title='bbox 1746 1011 1846 1097; x_wconf 90' lang='lat' dir='ltr'>Sept.</span> <span class='ocrx_word' id='word_1_302' title='bbox 1874 1018 1967 1094; x_wconf 84' lang='lat'>1840,</span> 
     </span>
    </p>
   </div>
   <div class='ocr_carea' id='block_1_13' title="bbox 1133 1130 1966 1463">
    <p class='ocr_par' dir='ltr' id='par_1_16' title="bbox 1133 1130 1966 1463">
     <span class='ocr_line' id='line_1_51' title="bbox 1133 1130 1966 1220; baseline 0.005 -25"><span class='ocrx_word' id='word_1_303' title='bbox 1133 1153 1159 1195; x_wconf 93' lang='lat' dir='ltr'>s.</span> <span class='ocrx_word' id='word_1_304' title='bbox 1181 1132 1305 1197; x_wconf 90' lang='lat' dir='ltr'>habitu</span> <span class='ocrx_word' id='word_1_305' title='bbox 1330 1132 1473 1197; x_wconf 93' lang='lat' dir='ltr'>indutus</span> <span class='ocrx_word' id='word_1_306' title='bbox 1501 1140 1549 1199; x_wconf 85' lang='lat'>13.</span> <span class='ocrx_word' id='word_1_307' title='bbox 1574 1133 1684 1219; x_wconf 75' lang='lat' dir='ltr'>sepe,</span> <span class='ocrx_word' id='word_1_308' title='bbox 1711 1135 1768 1198; x_wconf 89' lang='lat' dir='ltr'>die</span> <span class='ocrx_word' id='word_1_309' title='bbox 1793 1141 1843 1200; x_wconf 87' lang='lat'>25.</span> <span class='ocrx_word' id='word_1_310' title='bbox 1865 1130 1966 1220; x_wconf 88' lang='lat' dir='ltr'>Sept.</span> 
     </span>
     <span class='ocr_line' id='line_1_52' title="bbox 1137 1256 1963 1341; baseline 0.007 -25"><span class='ocrx_word' id='word_1_311' title='bbox 1137 1258 1217 1333; x_wconf 82' lang='lat'>1864</span> <span class='ocrx_word' id='word_1_312' title='bbox 1244 1267 1329 1318; x_wconf 89' lang='lat' dir='ltr'>vota</span> <span class='ocrx_word' id='word_1_313' title='bbox 1356 1257 1539 1320; x_wconf 89' lang='lat' dir='ltr'>sollemnia</span> <span class='ocrx_word' id='word_1_314' title='bbox 1567 1256 1692 1340; x_wconf 87' lang='lat' dir='ltr'>emisit,</span> <span class='ocrx_word' id='word_1_315' title='bbox 1721 1270 1757 1320; x_wconf 92' lang='lat' dir='ltr'>et</span> <span class='ocrx_word' id='word_1_316' title='bbox 1791 1263 1838 1321; x_wconf 84' lang='lat'>13.</span> <span class='ocrx_word' id='word_1_317' title='bbox 1862 1257 1963 1341; x_wconf 86' lang='lat' dir='ltr'>Sept.</span> 
     </span>
     <span class='ocr_line' id='line_1_53' title="bbox 1137 1376 1966 1463; baseline 0.006 -25"><span class='ocrx_word' id='word_1_318' title='bbox 1137 1380 1215 1439; x_wconf 81' lang='grc'>1863</span> <span class='ocrx_word' id='word_1_319' title='bbox 1234 1376 1408 1458; x_wconf 89' lang='lat' dir='ltr'>primitias</span> <span class='ocrx_word' id='word_1_320' title='bbox 1425 1379 1617 1442; x_wconf 88' lang='lat' dir='ltr'>sacerdotii</span> <span class='ocrx_word' id='word_1_321' title='bbox 1628 1379 1707 1442; x_wconf 93' lang='lat' dir='ltr'>Deo</span> <span class='ocrx_word' id='word_1_322' title='bbox 1720 1379 1966 1463; x_wconf 87' lang='lat' dir='ltr'>Omnipotenti</span> 
     </span>
    </p>
   </div>
   <div class='ocr_carea' id='block_1_14' title="bbox 1132 1497 1966 1595">
    <p class='ocr_par' dir='ltr' id='par_1_17' title="bbox 1132 1497 1966 1595">
     <span class='ocr_line' id='line_1_54' title="bbox 1132 1497 1966 1595; baseline 0.007 -36"><span class='ocrx_word' id='word_1_323' title='bbox 1132 1497 1271 1562; x_wconf 90' lang='lat' dir='ltr'>obtulit.</span> <span class='ocrx_word' id='word_1_324' title='bbox 1309 1499 1451 1561; x_wconf 88' lang='lat' dir='ltr'>Publici</span> <span class='ocrx_word' id='word_1_325' title='bbox 1482 1499 1651 1595; x_wconf 78' lang='lat' dir='ltr'>ordinarii</span> <span class='ocrx_word' id='word_1_326' title='bbox 1686 1501 1899 1582; x_wconf 86' lang='lat' dir='ltr'>professoris</span> <span class='ocrx_word' id='word_1_327' title='bbox 1930 1512 1966 1565; x_wconf 91' lang='lat' dir='ltr'>et</span> 
     </span>
    </p>
   </div>
   <div class='ocr_carea' id='block_1_15' title="bbox 1126 1618 1979 3270">
    <p class='ocr_par' dir='ltr' id='par_1_18' title="bbox 1126 1618 1979 3270">
     <span class='ocr_line' id='line_1_55' title="bbox 1133 1618 1966 1707; baseline 0.007 -26"><span class='ocrx_word' id='word_1_328' title='bbox 1133 1618 1318 1682; x_wconf 89' lang='lat' dir='ltr'>directoris</span> <span class='ocrx_word' id='word_1_329' title='bbox 1340 1618 1374 1681; x_wconf 90' lang='lat' dir='ltr'>in</span> <span class='ocrx_word' id='word_1_330' title='bbox 1396 1640 1425 1684; x_wconf 90' lang='lat' dir='ltr'>c.</span> <span class='ocrx_word' id='word_1_331' title='bbox 1442 1642 1468 1683; x_wconf 92' lang='lat' dir='ltr'>r.</span> <span class='ocrx_word' id='word_1_332' title='bbox 1491 1622 1680 1704; x_wconf 85' lang='lat' dir='ltr'>gymnasio</span> <span class='ocrx_word' id='word_1_333' title='bbox 1696 1623 1905 1707; x_wconf 87' lang='lat' dir='ltr'>Mellicensi,</span> <span class='ocrx_word' id='word_1_334' title='bbox 1930 1634 1966 1687; x_wconf 94' lang='lat' dir='ltr'>et</span> 
     </span>
     <span class='ocr_line' id='line_1_56' title="bbox 1132 1741 1966 1811; baseline 0.008 -8"><span class='ocrx_word' id='word_1_335' title='bbox 1132 1741 1322 1804; x_wconf 90' lang='lat' dir='ltr'>consiliarii</span> <span class='ocrx_word' id='word_1_336' title='bbox 1331 1762 1447 1806; x_wconf 87' lang='lat' dir='ltr'>rerum</span> <span class='ocrx_word' id='word_1_337' title='bbox 1458 1745 1749 1808; x_wconf 89' lang='lat' dir='ltr'>scholasticarum</span> <span class='ocrx_word' id='word_1_338' title='bbox 1758 1745 1793 1808; x_wconf 93' lang='lat' dir='ltr'>in</span> <span class='ocrx_word' id='word_1_339' title='bbox 1802 1745 1966 1811; x_wconf 86' lang='lat' dir='ltr'>districtu</span> 
     </span>
     <span class='ocr_line' id='line_1_57' title="bbox 1132 1859 1963 1952; baseline 0.008 -26"><span class='ocrx_word' id='word_1_340' title='bbox 1132 1859 1469 1947; x_wconf 87' lang='lat' dir='ltr'>San-Hippolytano</span> <span class='ocrx_word' id='word_1_341' title='bbox 1486 1886 1630 1930; x_wconf 87' lang='lat' dir='ltr'>munere</span> <span class='ocrx_word' id='word_1_342' title='bbox 1646 1867 1790 1931; x_wconf 85' lang='lat' dir='ltr'>functus</span> <span class='ocrx_word' id='word_1_343' title='bbox 1811 1880 1877 1952; x_wconf 88' lang='lat' dir='ltr'>est,</span> <span class='ocrx_word' id='word_1_344' title='bbox 1897 1889 1963 1933; x_wconf 89' lang='lat' dir='ltr'>nec</span> 
     </span>
     <span class='ocr_line' id='line_1_58' title="bbox 1131 1986 1964 2070; baseline 0.008 -23"><span class='ocrx_word' id='word_1_345' title='bbox 1131 2004 1201 2048; x_wconf 93' lang='grc'>11011</span> <span class='ocrx_word' id='word_1_346' title='bbox 1225 1986 1408 2051; x_wconf 87' lang='lat' dir='ltr'>societatis</span> <span class='ocrx_word' id='word_1_347' title='bbox 1432 1989 1478 2050; x_wconf 90' lang='lat' dir='ltr'>ad</span> <span class='ocrx_word' id='word_1_348' title='bbox 1500 1991 1779 2070; x_wconf 86' lang='lat' dir='ltr'>promovendam</span> <span class='ocrx_word' id='word_1_349' title='bbox 1795 1991 1964 2054; x_wconf 87' lang='lat' dir='ltr'>Austriae</span> 
     </span>
     <span class='ocr_line' id='line_1_59' title="bbox 1131 2107 1963 2176; baseline 0.006 -6"><span class='ocrx_word' id='word_1_350' title='bbox 1131 2107 1307 2172; x_wconf 84' lang='lat' dir='ltr'>inferioris</span> <span class='ocrx_word' id='word_1_351' title='bbox 1322 2110 1505 2172; x_wconf 89' lang='lat' dir='ltr'>historiam</span> <span class='ocrx_word' id='word_1_352' title='bbox 1520 2109 1682 2174; x_wconf 89' lang='lat' dir='ltr'>Viennae</span> <span class='ocrx_word' id='word_1_353' title='bbox 1704 2111 1888 2175; x_wconf 88' lang='lat' dir='ltr'>institutae</span> <span class='ocrx_word' id='word_1_354' title='bbox 1908 2133 1963 2176; x_wconf 93' lang='lat' dir='ltr'>so·</span> 
     </span>
     <span class='ocr_line' id='line_1_60' title="bbox 1131 2230 1963 2317; baseline 0.008 -25"><span class='ocrx_word' id='word_1_355' title='bbox 1131 2230 1221 2294; x_wconf 91' lang='lat' dir='ltr'>dalis</span> <span class='ocrx_word' id='word_1_356' title='bbox 1244 2231 1391 2295; x_wconf 88' lang='lat' dir='ltr'>exstitit.</span> <span class='ocrx_word' id='word_1_357' title='bbox 1420 2232 1504 2296; x_wconf 89' lang='lat' dir='ltr'>Fuit</span> <span class='ocrx_word' id='word_1_358' title='bbox 1524 2244 1738 2316; x_wconf 90' lang='lat' dir='ltr'>praeceptor</span> <span class='ocrx_word' id='word_1_359' title='bbox 1757 2237 1963 2317; x_wconf 84' lang='lat' dir='ltr'>benevolus,</span> 
     </span>
     <span class='ocr_line' id='line_1_61' title="bbox 1130 2351 1962 2422; baseline 0.011 -9"><span class='ocrx_word' id='word_1_360' title='bbox 1130 2351 1256 2414; x_wconf 88' lang='lat' dir='ltr'>studiis</span> <span class='ocrx_word' id='word_1_361' title='bbox 1284 2353 1459 2416; x_wconf 90' lang='lat' dir='ltr'>historicis</span> <span class='ocrx_word' id='word_1_362' title='bbox 1488 2354 1738 2419; x_wconf 89' lang='lat' dir='ltr'>deditissimus.</span> <span class='ocrx_word' id='word_1_363' title='bbox 1774 2358 1854 2421; x_wconf 85' lang='lat' dir='ltr'>Non</span> <span class='ocrx_word' id='word_1_364' title='bbox 1883 2378 1962 2422; x_wconf 90' lang='lat' dir='ltr'>raro</span> 
     </span>
     <span class='ocr_line' id='line_1_62' title="bbox 1130 2476 1961 2563; baseline 0.006 -24"><span class='ocrx_word' id='word_1_365' title='bbox 1130 2476 1414 2557; x_wconf 89' lang='lat' dir='ltr'>conquerebatur</span> <span class='ocrx_word' id='word_1_366' title='bbox 1435 2478 1480 2538; x_wconf 94' lang='lat' dir='ltr'>de</span> <span class='ocrx_word' id='word_1_367' title='bbox 1501 2477 1746 2541; x_wconf 91' lang='lat' dir='ltr'>intestinorum</span> <span class='ocrx_word' id='word_1_368' title='bbox 1770 2479 1961 2563; x_wconf 79' lang='lat' dir='ltr'>doloribuS,</span> 
     </span>
     <span class='ocr_line' id='line_1_63' title="bbox 1129 2597 1960 2684; baseline 0.007 -25"><span class='ocrx_word' id='word_1_369' title='bbox 1129 2597 1190 2680; x_wconf 92' lang='lat' dir='ltr'>qui</span> <span class='ocrx_word' id='word_1_370' title='bbox 1214 2597 1345 2660; x_wconf 90' lang='lat' dir='ltr'>sensim</span> <span class='ocrx_word' id='word_1_371' title='bbox 1365 2598 1456 2660; x_wconf 92' lang='lat' dir='ltr'>adeo</span> <span class='ocrx_word' id='word_1_372' title='bbox 1481 2598 1672 2683; x_wconf 88' lang='lat' dir='ltr'>increvere,</span> <span class='ocrx_word' id='word_1_373' title='bbox 1695 2612 1733 2664; x_wconf 90' lang='lat' dir='ltr'>ut</span> <span class='ocrx_word' id='word_1_374' title='bbox 1758 2605 1837 2680; x_wconf 81' lang='lat'>1875</span> <span class='ocrx_word' id='word_1_375' title='bbox 1858 2601 1960 2684; x_wconf 88' lang='lat' dir='ltr'>aquis</span> 
     </span>
     <span class='ocr_line' id='line_1_64' title="bbox 1127 2718 1974 2799; baseline 0.008 -19"><span class='ocrx_word' id='word_1_376' title='bbox 1127 2718 1308 2799; x_wconf 83' lang='lat' dir='ltr'>Marianis,</span> <span class='ocrx_word' id='word_1_377' title='bbox 1322 2722 1402 2797; x_wconf 81' lang='lat'>1876</span> <span class='ocrx_word' id='word_1_378' title='bbox 1411 2718 1584 2782; x_wconf 87' lang='lat' dir='ltr'>Carolinis</span> <span class='ocrx_word' id='word_1_379' title='bbox 1593 2730 1761 2784; x_wconf 86' lang='lat' dir='ltr'>uteretur.</span> <span class='ocrx_word' id='word_1_380' title='bbox 1772 2721 1846 2786; x_wconf 89' lang='lat' dir='ltr'>Sub</span> <span class='ocrx_word' id='word_1_381' title='bbox 1855 2718 1974 2786; x_wconf 86' lang='lat' dir='ltr'>finem¹</span> 
     </span>
     <span class='ocr_line' id='line_1_65' title="bbox 1128 2832 1979 2927; baseline 0.005 -24"><span class='ocrx_word' id='word_1_382' title='bbox 1128 2841 1211 2904; x_wconf 89' lang='lat' dir='ltr'>anni</span> <span class='ocrx_word' id='word_1_383' title='bbox 1232 2844 1312 2919; x_wconf 84' lang='lat'>1876</span> <span class='ocrx_word' id='word_1_384' title='bbox 1334 2842 1476 2904; x_wconf 89' lang='lat' dir='ltr'>domum</span> <span class='ocrx_word' id='word_1_385' title='bbox 1496 2860 1671 2924; x_wconf 86' lang='lat' dir='ltr'>reversus,</span> <span class='ocrx_word' id='word_1_386' title='bbox 1693 2842 1786 2906; x_wconf 90' lang='lat' dir='ltr'>lecto</span> <span class='ocrx_word' id='word_1_387' title='bbox 1806 2832 1979 2927; x_wconf 75' lang='lat' dir='ltr'>adfixuS,&#39;</span> 
     </span>
     <span class='ocr_line' id='line_1_66' title="bbox 1128 2962 1960 3047; baseline 0.008 -23"><span class='ocrx_word' id='word_1_388' title='bbox 1128 2982 1155 3026; x_wconf 86' lang='lat' dir='ltr'>S.</span> <span class='ocrx_word' id='word_1_389' title='bbox 1172 2962 1395 3026; x_wconf 89' lang='lat' dir='ltr'>Eucharistia</span> <span class='ocrx_word' id='word_1_390' title='bbox 1417 2963 1583 3045; x_wconf 87' lang='lat' dir='ltr'>refectus,</span> <span class='ocrx_word' id='word_1_391' title='bbox 1606 2965 1755 3047; x_wconf 88' lang='lat' dir='ltr'>singulis</span> <span class='ocrx_word' id='word_1_392' title='bbox 1776 2966 1960 3031; x_wconf 88' lang='lat' dir='ltr'>confratri·</span> 
     </span>
     <span class='ocr_line' id='line_1_67' title="bbox 1127 3084 1960 3167; baseline 0.007 -20"><span class='ocrx_word' id='word_1_393' title='bbox 1127 3087 1195 3148; x_wconf 93' lang='lat' dir='ltr'>bus</span> <span class='ocrx_word' id='word_1_394' title='bbox 1206 3085 1380 3148; x_wconf 83' lang='lat' dir='ltr'>valedixit</span> <span class='ocrx_word' id='word_1_395' title='bbox 1394 3095 1430 3148; x_wconf 90' lang='lat' dir='ltr'>et</span> <span class='ocrx_word' id='word_1_396' title='bbox 1447 3090 1493 3151; x_wconf 91' lang='lat'>18.</span> <span class='ocrx_word' id='word_1_397' title='bbox 1504 3084 1604 3167; x_wconf 91' lang='lat' dir='ltr'>Sept.</span> <span class='ocrx_word' id='word_1_398' title='bbox 1620 3091 1700 3166; x_wconf 85' lang='lat'>1876</span> <span class='ocrx_word' id='word_1_399' title='bbox 1714 3088 1960 3152; x_wconf 90' lang='lat' dir='ltr'>intestinorum</span> 
     </span>
     <span class='ocr_line' id='line_1_68' title="bbox 1126 3207 1558 3270; baseline 0 0"><span class='ocrx_word' id='word_1_400' title='bbox 1126 3207 1344 3270; x_wconf 90' lang='lat' dir='ltr'>tuberculosi</span> <span class='ocrx_word' id='word_1_401' title='bbox 1361 3208 1558 3270; x_wconf 89' lang='lat' dir='ltr'>succubuit.</span> 
     </span>
    </p>
   </div>
   <div class='ocr_carea' id='block_1_16' title="bbox 1214 3345 1883 3432">
    <p class='ocr_par' dir='ltr' id='par_1_19' title="bbox 1214 3345 1883 3432">
     <span class='ocr_line' id='line_1_69' title="bbox 1214 3345 1883 3432; baseline 0.004 -21"><span class='ocrx_word' id='word_1_402' title='bbox 1214 3345 1341 3411; x_wconf 90' lang='lat' dir='ltr'>Studio</span> <span class='ocrx_word' id='word_1_403' title='bbox 1357 3347 1528 3411; x_wconf 88' lang='lat' dir='ltr'>historiae</span> <span class='ocrx_word' id='word_1_404' title='bbox 1544 3348 1710 3430; x_wconf 80' lang='lat' dir='ltr'>incensus</span> <span class='ocrx_word' id='word_1_405' title='bbox 1727 3350 1883 3432; x_wconf 86' lang='lat' dir='ltr'>scripsit:</span> 
     </span>
    </p>
   </div>
   <div class='ocr_carea' id='block_1_17' title="bbox 1124 3491 1959 4613">
    <p class='ocr_par' dir='ltr' id='par_1_20' title="bbox 1125 3491 1959 4300">
     <span class='ocr_line' id='line_1_70' title="bbox 1213 3491 1959 3567; baseline 0.005 -18"><span class='ocrx_word' id='word_1_406' title='bbox 1213 3494 1235 3549; x_wconf 92' lang='lat'>1.</span> <span class='ocrx_word' id='word_1_407' title='bbox 1257 3493 1317 3548; x_wconf 89' lang='lat' dir='ltr'>Hat</span> <span class='ocrx_word' id='word_1_408' title='bbox 1333 3493 1406 3548; x_wconf 92' lang='lat' dir='ltr'>Karl</span> <span class='ocrx_word' id='word_1_409' title='bbox 1423 3493 1458 3549; x_wconf 94' lang='lat' dir='ltr'>V.</span> <span class='ocrx_word' id='word_1_410' title='bbox 1482 3491 1689 3567; x_wconf 87' lang='lat' dir='ltr'>wortbriichig</span> <span class='ocrx_word' id='word_1_411' title='bbox 1710 3512 1748 3549; x_wconf 90' lang='lat' dir='ltr'>an</span> <span class='ocrx_word' id='word_1_412' title='bbox 1769 3494 1836 3552; x_wconf 94' lang='lat' dir='ltr'>dem</span> <span class='ocrx_word' id='word_1_413' title='bbox 1857 3496 1959 3553; x_wconf 90' lang='lat' dir='ltr'>Land-</span> 
     </span>
     <span class='ocr_line' id='line_1_71' title="bbox 1126 3596 1959 3681; baseline 0.005 -27"><span class='ocrx_word' id='word_1_414' title='bbox 1126 3596 1231 3673; x_wconf 86' lang='lat' dir='ltr'>grasen</span> <span class='ocrx_word' id='word_1_415' title='bbox 1247 3597 1365 3674; x_wconf 87' lang='lat' dir='ltr'>Philipp</span> <span class='ocrx_word' id='word_1_416' title='bbox 1380 3615 1441 3653; x_wconf 87' lang='lat' dir='ltr'>von</span> <span class='ocrx_word' id='word_1_417' title='bbox 1458 3598 1577 3681; x_wconf 91' lang='lat' dir='ltr'>Hessen</span> <span class='ocrx_word' id='word_1_418' title='bbox 1593 3598 1765 3672; x_wconf 87' lang='lat' dir='ltr'>gehandelt,</span> <span class='ocrx_word' id='word_1_419' title='bbox 1787 3599 1832 3656; x_wconf 90' lang='lat' dir='ltr'>als</span> <span class='ocrx_word' id='word_1_420' title='bbox 1854 3618 1888 3657; x_wconf 87' lang='lat' dir='ltr'>er</span> <span class='ocrx_word' id='word_1_421' title='bbox 1910 3602 1959 3658; x_wconf 90' lang='grc'>11111</span> 
     </span>
     <span class='ocr_line' id='line_1_72' title="bbox 1125 3698 1956 3780; baseline 0.006 -23"><span class='ocrx_word' id='word_1_422' title='bbox 1125 3722 1161 3758; x_wconf 93' lang='lat' dir='ltr'>zu</span> <span class='ocrx_word' id='word_1_423' title='bbox 1177 3701 1264 3758; x_wconf 89' lang='lat' dir='ltr'>Halle</span> <span class='ocrx_word' id='word_1_424' title='bbox 1280 3701 1431 3776; x_wconf 84' lang='lat' dir='ltr'>gelangen</span> <span class='ocrx_word' id='word_1_425' title='bbox 1447 3698 1553 3758; x_wconf 86' lang='lat' dir='ltr'>nahm?</span> <span class='ocrx_word' id='word_1_426' title='bbox 1575 3699 1604 3780; x_wconf 87' lang='lat' dir='ltr'>(i.</span> <span class='ocrx_word' id='word_1_427' title='bbox 1623 3721 1648 3759; x_wconf 92' lang='lat' dir='ltr'>e.</span> <span class='ocrx_word' id='word_1_428' title='bbox 1667 3703 1691 3758; x_wconf 87' lang='lat' dir='ltr'>F</span> <span class='ocrx_word' id='word_1_429' title='bbox 1693 3705 1808 3760; x_wconf 90' lang='lat' dir='ltr'>ueritne</span> <span class='ocrx_word' id='word_1_430' title='bbox 1824 3704 1956 3780; x_wconf 84' lang='lat' dir='ltr'>perfidus</span> 
     </span>
     <span class='ocr_line' id='line_1_73' title="bbox 1125 3805 1957 3881; baseline 0.005 -19"><span class='ocrx_word' id='word_1_431' title='bbox 1125 3806 1255 3863; x_wconf 86' lang='lat' dir='ltr'>Carolus</span> <span class='ocrx_word' id='word_1_432' title='bbox 1275 3807 1326 3873; x_wconf 94' lang='lat' dir='ltr'>V.,</span> <span class='ocrx_word' id='word_1_433' title='bbox 1356 3825 1421 3862; x_wconf 93' lang='lat' dir='ltr'>cum</span> <span class='ocrx_word' id='word_1_434' title='bbox 1446 3805 1651 3881; x_wconf 86' lang='lat' dir='ltr'>landgravium</span> <span class='ocrx_word' id='word_1_435' title='bbox 1676 3806 1713 3863; x_wconf 94' lang='lat' dir='ltr'>de</span> <span class='ocrx_word' id='word_1_436' title='bbox 1738 3807 1849 3864; x_wconf 90' lang='lat' dir='ltr'>Hessia</span> <span class='ocrx_word' id='word_1_437' title='bbox 1872 3809 1957 3866; x_wconf 90' lang='lat' dir='ltr'>Halis</span> 
     </span>
     <span class='ocr_line' id='line_1_74' title="bbox 1125 3907 1955 3989; baseline 0.004 -21"><span class='ocrx_word' id='word_1_438' title='bbox 1125 3907 1425 3989; x_wconf 86' lang='lat' dir='ltr'>comprehendisset.)</span> <span class='ocrx_word' id='word_1_439' title='bbox 1461 3912 1501 3967; x_wconf 94' lang='lat' dir='ltr'>lm</span> <span class='ocrx_word' id='word_1_440' title='bbox 1529 3911 1755 3988; x_wconf 86' lang='lat' dir='ltr'>Jabresbericht</span> <span class='ocrx_word' id='word_1_441' title='bbox 1785 3913 1839 3969; x_wconf 89' lang='lat' dir='ltr'>des</span> <span class='ocrx_word' id='word_1_442' title='bbox 1867 3914 1898 3970; x_wconf 88' lang='lat' dir='ltr'>k.</span> <span class='ocrx_word' id='word_1_443' title='bbox 1925 3914 1955 3971; x_wconf 88' lang='lat' dir='ltr'>k.</span> 
     </span>
     <span class='ocr_line' id='line_1_75' title="bbox 1126 4014 1958 4090; baseline 0.004 -18"><span class='ocrx_word' id='word_1_444' title='bbox 1126 4014 1454 4090; x_wconf 78' lang='lat' dir='ltr'>obet-Gymnasiums</span> <span class='ocrx_word' id='word_1_445' title='bbox 1485 4036 1520 4072; x_wconf 93' lang='lat' dir='ltr'>zu</span> <span class='ocrx_word' id='word_1_446' title='bbox 1551 4015 1632 4072; x_wconf 90' lang='lat' dir='ltr'>Melk</span> <span class='ocrx_word' id='word_1_447' title='bbox 1664 4015 1754 4074; x_wconf 94' lang='grc'>1866.</span> <span class='ocrx_word' id='word_1_448' title='bbox 1783 4017 1883 4075; x_wconf 90' lang='lat' dir='ltr'>Wieu.</span> <span class='ocrx_word' id='word_1_449' title='bbox 1916 4019 1958 4075; x_wconf 92' lang='lat' dir='ltr'>Im</span> 
     </span>
     <span class='ocr_line' id='line_1_76' title="bbox 1125 4119 1956 4196; baseline 0.002 -18"><span class='ocrx_word' id='word_1_450' title='bbox 1125 4119 1353 4195; x_wconf 87' lang='lat' dir='ltr'>Selbstverlage</span> <span class='ocrx_word' id='word_1_451' title='bbox 1369 4119 1423 4176; x_wconf 89' lang='lat' dir='ltr'>des</span> <span class='ocrx_word' id='word_1_452' title='bbox 1440 4119 1660 4196; x_wconf 85' lang='lat' dir='ltr'>Gymnasiums.</span> <span class='ocrx_word' id='word_1_453' title='bbox 1679 4122 1782 4178; x_wconf 85' lang='lat' dir='ltr'>Druck</span> <span class='ocrx_word' id='word_1_454' title='bbox 1799 4141 1859 4180; x_wconf 86' lang='lat' dir='ltr'>von</span> <span class='ocrx_word' id='word_1_455' title='bbox 1875 4122 1956 4180; x_wconf 92' lang='lat' dir='ltr'>Lud-</span> 
     </span>
     <span class='ocr_line' id='line_1_77' title="bbox 1125 4225 1314 4300; baseline 0 -19"><span class='ocrx_word' id='word_1_456' title='bbox 1125 4227 1185 4300; x_wconf 91' lang='lat' dir='ltr'>wig</span> <span class='ocrx_word' id='word_1_457' title='bbox 1201 4225 1314 4300; x_wconf 91' lang='lat' dir='ltr'>Mayer.</span> 
     </span>
    </p>

    <p class='ocr_par' dir='ltr' id='par_1_21' title="bbox 1124 4327 1957 4613">
     <span class='ocr_line' id='line_1_78' title="bbox 1211 4327 1957 4405; baseline 0.004 -20"><span class='ocrx_word' id='word_1_458' title='bbox 1211 4329 1249 4385; x_wconf 92' lang='lat'>11.</span> <span class='ocrx_word' id='word_1_459' title='bbox 1275 4330 1335 4385; x_wconf 91' lang='lat' dir='ltr'>Hat</span> <span class='ocrx_word' id='word_1_460' title='bbox 1359 4329 1438 4404; x_wconf 90' lang='lat' dir='ltr'>Tylli</span> <span class='ocrx_word' id='word_1_461' title='bbox 1468 4327 1645 4386; x_wconf 91' lang='lat' dir='ltr'>absichtlich</span> <span class='ocrx_word' id='word_1_462' title='bbox 1674 4327 1865 4405; x_wconf 90' lang='lat' dir='ltr'>Magdeburg</span> <span class='ocrx_word' id='word_1_463' title='bbox 1892 4349 1957 4388; x_wconf 86' lang='lat' dir='ltr'>zer-</span> 
     </span>
     <span class='ocr_line' id='line_1_79' title="bbox 1124 4432 1957 4508; baseline 0.002 -18"><span class='ocrx_word' id='word_1_464' title='bbox 1124 4439 1212 4501; x_wconf 77' lang='grc'>01011,</span> <span class='ocrx_word' id='word_1_465' title='bbox 1230 4432 1288 4490; x_wconf 94' lang='lat' dir='ltr'>und</span> <span class='ocrx_word' id='word_1_466' title='bbox 1304 4433 1384 4489; x_wconf 90' lang='lat' dir='ltr'>kann</span> <span class='ocrx_word' id='word_1_467' title='bbox 1400 4433 1617 4507; x_wconf 89' lang='lat' dir='ltr'>geschichtlich</span> <span class='ocrx_word' id='word_1_468' title='bbox 1635 4435 1868 4508; x_wconf 88' lang='lat' dir='ltr'>nachgewiesen</span> <span class='ocrx_word' id='word_1_469' title='bbox 1880 4453 1957 4492; x_wconf 87' lang='lat' dir='ltr'>wer·</span> 
     </span>
     <span class='ocr_line' id='line_1_80' title="bbox 1124 4537 1956 4613; baseline 0.001 -17"><span class='ocrx_word' id='word_1_470' title='bbox 1124 4540 1192 4608; x_wconf 86' lang='lat' dir='ltr'>den,</span> <span class='ocrx_word' id='word_1_471' title='bbox 1209 4538 1279 4596; x_wconf 90' lang='lat' dir='ltr'>dass</span> <span class='ocrx_word' id='word_1_472' title='bbox 1296 4557 1379 4595; x_wconf 91' lang='lat' dir='ltr'>eran</span> <span class='ocrx_word' id='word_1_473' title='bbox 1392 4537 1446 4595; x_wconf 89' lang='lat' dir='ltr'>der</span> <span class='ocrx_word' id='word_1_474' title='bbox 1458 4539 1646 4613; x_wconf 80' lang='lat' dir='ltr'>Zerstdrung</span> <span class='ocrx_word' id='word_1_475' title='bbox 1659 4538 1759 4596; x_wconf 89' lang='lat' dir='ltr'>dieser</span> <span class='ocrx_word' id='word_1_476' title='bbox 1771 4537 1860 4597; x_wconf 90' lang='lat' dir='ltr'>Stadt</span> <span class='ocrx_word' id='word_1_477' title='bbox 1872 4541 1956 4597; x_wconf 90' lang='lat' dir='ltr'>seiuc</span> 
     </span>
    </p>
   </div>
   <div class='ocr_carea' id='block_1_18' title="bbox 1122 4640 1955 4826">
    <p class='ocr_par' dir='ltr' id='par_1_22' title="bbox 1122 4640 1955 4826">
     <span class='ocr_line' id='line_1_81' title="bbox 1122 4640 1955 4721; baseline 0 -21"><span class='ocrx_word' id='word_1_478' title='bbox 1122 4643 1241 4700; x_wconf 88' lang='lat' dir='ltr'>Frcude</span> <span class='ocrx_word' id='word_1_479' title='bbox 1254 4640 1354 4700; x_wconf 81' lang='lat' dir='ltr'>hatte?</span> <span class='ocrx_word' id='word_1_480' title='bbox 1371 4640 1400 4721; x_wconf 91' lang='lat' dir='ltr'>(i.</span> <span class='ocrx_word' id='word_1_481' title='bbox 1415 4662 1440 4700; x_wconf 92' lang='lat' dir='ltr'>e.</span> <span class='ocrx_word' id='word_1_482' title='bbox 1459 4642 1539 4718; x_wconf 89' lang='lat' dir='ltr'>Tylli</span> <span class='ocrx_word' id='word_1_483' title='bbox 1556 4656 1586 4699; x_wconf 91' lang='lat' dir='ltr'>et</span> <span class='ocrx_word' id='word_1_484' title='bbox 1602 4643 1878 4718; x_wconf 88' lang='lat' dir='ltr'>Magdeburgensis</span> <span class='ocrx_word' id='word_1_485' title='bbox 1893 4642 1955 4700; x_wconf 93' lang='lat' dir='ltr'>dis·</span> 
     </span>
     <span class='ocr_line' id='line_1_82' title="bbox 1123 4745 1908 4826; baseline 0 -22"><span class='ocrx_word' id='word_1_486' title='bbox 1123 4745 1266 4816; x_wconf 83' lang='lat' dir='ltr'>turbatio,</span> <span class='ocrx_word' id='word_1_487' title='bbox 1284 4747 1454 4822; x_wconf 91' lang='lat' dir='ltr'>disquisitio</span> <span class='ocrx_word' id='word_1_488' title='bbox 1470 4745 1636 4826; x_wconf 90' lang='lat' dir='ltr'>historica.)</span> <span class='ocrx_word' id='word_1_489' title='bbox 1651 4748 1728 4804; x_wconf 91' lang='lat' dir='ltr'>Loc.</span> <span class='ocrx_word' id='word_1_490' title='bbox 1746 4750 1795 4804; x_wconf 90' lang='lat' dir='ltr'>cit.</span> <span class='ocrx_word' id='word_1_491' title='bbox 1817 4745 1908 4821; x_wconf 85' lang='lat'>1867.</span> 
     </span>
    </p>
   </div>
   <div class='ocr_carea' id='block_1_19' title="bbox 1122 4870 1959 5262">
    <p class='ocr_par' dir='ltr' id='par_1_23' title="bbox 1122 4870 1959 5262">
     <span class='ocr_line' id='line_1_83' title="bbox 1211 4870 1956 4928; baseline 0 -2"><span class='ocrx_word' id='word_1_492' title='bbox 1211 4871 1263 4927; x_wconf 94' lang='lat' dir='ltr'><strong>III.</strong></span> <span class='ocrx_word' id='word_1_493' title='bbox 1289 4871 1432 4927; x_wconf 84' lang='lat' dir='ltr'>Heiorich</span> <span class='ocrx_word' id='word_1_494' title='bbox 1449 4870 1485 4928; x_wconf 87' lang='lat' dir='ltr'>V.</span> <span class='ocrx_word' id='word_1_495' title='bbox 1511 4872 1541 4926; x_wconf 91' lang='lat' dir='ltr'>in</span> <span class='ocrx_word' id='word_1_496' title='bbox 1562 4871 1673 4927; x_wconf 89' lang='lat' dir='ltr'>seinem</span> <span class='ocrx_word' id='word_1_497' title='bbox 1691 4870 1898 4928; x_wconf 80' lang='lat' dir='ltr'>Verbaltnisse</span> <span class='ocrx_word' id='word_1_498' title='bbox 1921 4890 1956 4927; x_wconf 88' lang='lat' dir='ltr'>zu</span> 
     </span>
     <span class='ocr_line' id='line_1_84' title="bbox 1122 4974 1956 5043; baseline -0.001 -11"><span class='ocrx_word' id='word_1_499' title='bbox 1122 4975 1235 5032; x_wconf 88' lang='lat' dir='ltr'>seiuem</span> <span class='ocrx_word' id='word_1_500' title='bbox 1255 4974 1359 5043; x_wconf 86' lang='lat' dir='ltr'>Vater,</span> <span class='ocrx_word' id='word_1_501' title='bbox 1382 4974 1449 5032; x_wconf 87' lang='lat' dir='ltr'>dem</span> <span class='ocrx_word' id='word_1_502' title='bbox 1472 4975 1581 5031; x_wconf 87' lang='lat' dir='ltr'>Kaiser</span> <span class='ocrx_word' id='word_1_503' title='bbox 1602 4974 1746 5031; x_wconf 89' lang='lat' dir='ltr'>Heinrich</span> <span class='ocrx_word' id='word_1_504' title='bbox 1769 4975 1818 5032; x_wconf 92' lang='lat' dir='ltr'>IV.</span> <span class='ocrx_word' id='word_1_505' title='bbox 1844 4974 1904 5032; x_wconf 90' lang='lat' dir='ltr'>und</span> <span class='ocrx_word' id='word_1_506' title='bbox 1927 4977 1956 5032; x_wconf 92' lang='lat' dir='ltr'>in</span> 
     </span>
     <span class='ocr_line' id='line_1_85' title="bbox 1122 5077 1959 5155; baseline -0.001 -18"><span class='ocrx_word' id='word_1_507' title='bbox 1122 5082 1226 5137; x_wconf 90' lang='lat' dir='ltr'>seinen</span> <span class='ocrx_word' id='word_1_508' title='bbox 1242 5080 1454 5155; x_wconf 89' lang='lat' dir='ltr'>Beziehungen</span> <span class='ocrx_word' id='word_1_509' title='bbox 1469 5099 1505 5135; x_wconf 91' lang='lat' dir='ltr'>zu</span> <span class='ocrx_word' id='word_1_510' title='bbox 1521 5079 1615 5155; x_wconf 87' lang='lat' dir='ltr'>Papst</span> <span class='ocrx_word' id='word_1_511' title='bbox 1631 5079 1759 5136; x_wconf 90' lang='lat' dir='ltr'>Paschal</span> <span class='ocrx_word' id='word_1_512' title='bbox 1775 5080 1814 5136; x_wconf 91' lang='lat' dir='ltr'>Il.</span> <span class='ocrx_word' id='word_1_513' title='bbox 1836 5078 1883 5136; x_wconf 92' lang='lat' dir='ltr'>bis</span> <span class='ocrx_word' id='word_1_514' title='bbox 1903 5077 1959 5136; x_wconf 84' lang='lat' dir='ltr'>auf</span> 
     </span>
     <span class='ocr_line' id='line_1_86' title="bbox 1122 5180 1955 5262; baseline -0.001 -22"><span class='ocrx_word' id='word_1_515' title='bbox 1122 5183 1171 5241; x_wconf 91' lang='lat' dir='ltr'>die</span> <span class='ocrx_word' id='word_1_516' title='bbox 1186 5185 1252 5240; x_wconf 92' lang='lat' dir='ltr'>Zeit</span> <span class='ocrx_word' id='word_1_517' title='bbox 1268 5186 1369 5241; x_wconf 89' lang='lat' dir='ltr'>seiner</span> <span class='ocrx_word' id='word_1_518' title='bbox 1384 5183 1645 5258; x_wconf 78' lang='lat' dir='ltr'>Kaiserkronung.</span> <span class='ocrx_word' id='word_1_519' title='bbox 1667 5180 1697 5262; x_wconf 91' lang='grc'>(1.</span> <span class='ocrx_word' id='word_1_520' title='bbox 1715 5202 1741 5240; x_wconf 82' lang='grc'>0.</span> <span class='ocrx_word' id='word_1_521' title='bbox 1759 5183 1866 5253; x_wconf 86' lang='lat' dir='ltr'>Qualis</span> <span class='ocrx_word' id='word_1_522' title='bbox 1882 5201 1955 5241; x_wconf 89' lang='lat' dir='ltr'>con·</span> 
     </span>
    </p>
   </div>
   <div class='ocr_carea' id='block_1_20' title="bbox 1121 5287 1954 5471">
    <p class='ocr_par' dir='ltr' id='par_1_24' title="bbox 1121 5287 1954 5471">
     <span class='ocr_line' id='line_1_87' title="bbox 1121 5287 1954 5365; baseline 0 -20"><span class='ocrx_word' id='word_1_523' title='bbox 1121 5306 1216 5345; x_wconf 83' lang='lat' dir='ltr'>nexus</span> <span class='ocrx_word' id='word_1_524' title='bbox 1240 5290 1317 5345; x_wconf 89' lang='lat' dir='ltr'>inter</span> <span class='ocrx_word' id='word_1_525' title='bbox 1340 5290 1503 5346; x_wconf 88' lang='lat' dir='ltr'>chricum</span> <span class='ocrx_word' id='word_1_526' title='bbox 1528 5288 1564 5344; x_wconf 94' lang='lat' dir='ltr'>V.</span> <span class='ocrx_word' id='word_1_527' title='bbox 1588 5287 1626 5344; x_wconf 89' lang='lat' dir='ltr'>ad</span> <span class='ocrx_word' id='word_1_528' title='bbox 1652 5300 1768 5365; x_wconf 92' lang='lat' dir='ltr'>patrem</span> <span class='ocrx_word' id='word_1_529' title='bbox 1791 5301 1822 5345; x_wconf 91' lang='lat' dir='ltr'>et</span> <span class='ocrx_word' id='word_1_530' title='bbox 1844 5306 1954 5365; x_wconf 90' lang='lat' dir='ltr'>papam</span> 
     </span>
     <span class='ocr_line' id='line_1_88' title="bbox 1121 5391 1598 5471; baseline 0.004 -22"><span class='ocrx_word' id='word_1_531' title='bbox 1121 5393 1258 5451; x_wconf 88' lang='lat' dir='ltr'>Paschal.</span> <span class='ocrx_word' id='word_1_532' title='bbox 1276 5391 1326 5471; x_wconf 82' lang='grc' dir='ltr'>ΙΙ.)</span> <span class='ocrx_word' id='word_1_533' title='bbox 1343 5395 1417 5452; x_wconf 94' lang='lat' dir='ltr'>Loc.</span> <span class='ocrx_word' id='word_1_534' title='bbox 1436 5396 1485 5451; x_wconf 92' lang='lat' dir='ltr'>cit.</span> <span class='ocrx_word' id='word_1_535' title='bbox 1508 5391 1598 5451; x_wconf 85' lang='lat'>1868.</span> 
     </span>
    </p>
   </div>
   <div class='ocr_carea' id='block_1_21' title="bbox 0 0 2094 6196">
    <p class='ocr_par' dir='ltr' id='par_1_25' title="bbox 0 0 2094 6196">
     <span class='ocr_line' id='line_1_89' title="bbox 0 0 2094 6196; baseline 0 4"><span class='ocrx_word' id='word_1_536' title='bbox 0 0 2094 6196; x_wconf 95' lang='lat' dir='ltr'> </span> 
     </span>
    </p>
   </div>
  </div>
 </body>
</html>
