4178 6196
856 440 1139 523 ..167-

125 651 342 707 institutionem
366 640 497 727 neritia
522 647 607 713 Linz,
632 648 660 703 in
685 646 886 704 Commission
908 643 958 702 bei

125 754 234 825 Quirin
249 752 423 827 Haslinger.
445 749 536 824 1848.
554 749 596 808 8⁰.
613 749 676 829 326
693 770 722 827 p.

212 859 266 916 III.
280 858 338 914 Ein
350 857 487 915 Versueh
500 875 536 913 zu
549 855 820 913 Considerationen
831 852 881 911 bei
894 853 957 911 Ge·

127 963 279 1040 legenheit
298 961 475 1038 geistlicher
491 958 660 1034 Uebungen
681 959 729 1016 fiir
744 958 956 1016 Ordensleute.

127 1067 157 1148 (i.
174 1088 201 1126 e.
217 1069 405 1143 Argumenta
422 1065 697 1123 considerationum
718 1077 855 1139 tempore
872 1081 958 1120 exer·

128 1176 265 1232 citiorum
288 1170 486 1248 spiritualium
509 1189 528 1226 a
552 1170 707 1227 monachis
734 1164 958 1247 faciendarum.)

106 1278 221 1355 ‚Videt
246 1274 658 1352 Theologisch·praktische
682 1273 793 1330 Linzer
817 1271 959 1344 Quartal·

127 1382 248 1451 schrift,
271 1382 337 1440 VII.
357 1381 462 1458 Jahrg.
487 1381 541 1436 lll.
564 1378 646 1436 Heft.
669 1376 841 1455 Separatim
864 1377 959 1434 edita:

127 1489 224 1557 Wels‚
241 1487 348 1545 Druck
363 1505 424 1543 von
438 1486 506 1563 Joh.
522 1484 616 1541 Haas.
638 1482 728 1557 1854.
746 1480 788 1540 8⁰.
805 1496 844 1556 55
863 1501 893 1559 p.

215 1635 374 1710 Haider
403 1645 555 1708 Victor
589 1643 798 1726 Iosephus
834 1643 896 1726 (de
931 1662 958 1705 s.

128 1767 269 1831 Monte
303 1764 582 1847 Pannoniae),
618 1761 763 1826 Posonii
800 1762 960 1825 eiusdem

130 1909 218 1954 com.
234 1888 270 1951 in
281 1887 469 1970 Hungaria
485 1886 543 1949 die
561 1890 611 1950 26.
628 1886 733 1952 Febr.
751 1890 829 1966 1817
844 1894 959 1967 natus,

130 2034 156 2077 s.
172 2012 299 2076 habitu
321 2011 379 2074 die
401 2016 452 2074 23.
470 2008 570 2093 Sept.
592 2014 673 2089 1834
696 2009 852 2088 indutus,
876 2017 961 2071 vota

130 2133 314 2199 sollemnia
334 2133 392 2196 die
417 2138 464 2196 13.
480 2132 577 2215 Aug.
598 2135 678 2193 1838
703 2130 819 2194 emisit
843 2139 879 2193 et
899 2130 960 2192 ab·

134 2255 256 2321 solutis
273 2256 309 2318 in
321 2274 349 2320 s.
361 2263 480 2319 monte
501 2274 528 2316 s.
543 2251 745 2336 theologiae
761 2249 888 2315 studiis
904 2250 961 2313 die

19 2460 20 2464 Ἰ
132 2378 272 2444 11111
298 2381 376 2456 1842
394 2377 585 2460 presbyter
598 2374 715 2439 factus
728 2383 793 2437 est.
815 2379 958 2454 1841-2

133 2502 249 2568 officio
270 2500 421 2564 oratoris
441 2521 463 2563 a
483 2499 594 2563 sacris
617 2498 653 2561 in
677 2516 704 2562 s.
721 2506 850 2580 monte,
880 2499 959 2576 1842

132 2629 261 2689 -1850
284 2621 497 2707 professoris
520 2640 641 2705 gymn.
666 2618 852 2702 Strigonii‚
880 2622 962 2682 1851

133 2750 258 2828 —1867
270 2744 446 2828 Sopronii,
457 2748 625 2824 1867-74
634 2742 826 2825 superioris
836 2743 962 2806 domus

133 2883 168 2936 et
184 2867 372 2933 directoris
392 2864 571 2950 gymnasii
588 2863 787 2929 Ginsiensis
807 2863 962 2928 maxima

133 3013 211 3057 cnm
233 2992 340 3054 laude
362 2988 506 3053 functus
530 2997 600 3069 est,
624 3007 694 3069 quo
718 3005 810 3050 anno
831 2986 888 3049 die
913 3007 960 3067 19.

133 3116 227 3199 Aug.
245 3114 281 3177 in
296 3112 436 3176 balneis
451 3110 588 3175 Rohics
604 3110 663 3192 pie
679 3109 715 3172 in
731 3109 884 3173 Domino
900 3109 962 3171 ob-

134 3237 309 3302 dormivit.

216 3359 346 3423 Rebus
367 3355 626 3420 mathematicis
648 3375 753 3437 quam
776 3354 963 3437 plurimum

133 3492 328 3565 occupatus
349 3481 449 3564 typis
472 3489 615 3562 praeter
633 3479 726 3541 hanc
742 3475 963 3540 dissertatio-

132 3625 212 3669 nem
236 3603 323 3668 nihil
346 3600 544 3666 mandavit:

221 3730 442 3805 Andeutungen
451 3726 526 3784 iiber
535 3727 592 3784 den
604 3727 846 3784 arithmetischen
855 3726 964 3785 Unter-

137 3837 214 3894 richt
229 3839 259 3894 in
275 3835 333 3892 den
348 3833 458 3892 beiden
474 3846 628 3889 untersten
644 3831 775 3888 Klassen
795 3831 849 3888 des
870 3830 965 3906 Gym-

134 3943 275 3998 nasiums.
300 3936 374 4018 (1.1.
395 3937 442 3994 De
463 3937 649 3993 institutione
664 3935 781 3992 arithm.
799 3937 828 3992 in
844 3934 965 3994 duabus

135 4043 328 4103 inferioribus
343 4043 491 4119 gymnasii
508 4035 679 4117 classibus.)
696 4041 729 4096 ln
745 4058 849 4116 progr.
863 4059 964 4116 gymn.

135 4148 266 4228 Sopron.
288 4143 415 4226 1858s9.
432 4151 474 4219 4⁰.
491 4163 521 4221 p.
538 4157 634 4217 3—9.

220 4296 429 4371 Halabala
453 4305 733 4369 Methodius
753 4305 965 4388 Ignatius

137 4424 509 4510 (Raigradiensis).
532 4424 703 4487 Moravus
720 4434 897 4488 natusest
917 4430 964 4489 16.

136 4548 224 4613 Nov.
246 4551 325 4612 1833
347 4547 383 4610 in
403 4548 537 4630 oppido
557 4547 676 4611 Hulln.
701 4548 736 4610 A
757 4546 965 4631 parentibus

137 4691 182 4735 111
205 4670 377 4753 opulento
401 4678 496 4733 statu
521 4669 635 4733 civico
660 4669 819 4734 eiusdem
842 4670 967 4753 oppidi

137 4804 279 4859 strenue
296 4813 337 4856 11
353 4793 411 4876 pie
429 4795 619 4881 educatusy
629 4793 664 4855 in
679 4793 803 4877 lingua
819 4792 967 4858 Germa-

137 4917 215 4981 nica
242 4936 309 4999 per
339 4917 631 4998 subcapellanum
659 4925 683 4980 t.
707 4925 732 4981 t.
759 4916 887 4981 Halfar
916 4917 967 4980 111-

137 5048 291 5104 structus
307 5059 400 5103 anno
421 5043 501 5118 1845
522 5059 674 5103 examen
696 5039 804 5103 subiit
824 5041 967 5104 scholae

137 5161 362 5226 elementaris
393 5161 427 5224 in
459 5162 546 5224 urbe
578 5160 818 5226 Stratnicensi
848 5161 967 5244 ibique

137 5284 288 5348 triennio
308 5284 441 5367 primas
462 5294 535 5349 tres
557 5284 692 5348 classes
716 5285 895 5369 gymnasii
918 5284 968 5348 in·

137 5406 274 5471 ferioris
286 5407 451 5490 absolvit,
459 5419 544 5471 tunc
555 5409 602 5471 ad
613 5408 731 5471 studia
740 5409 873 5471 haecce
886 5425 968 5471 con·

1037 624 1210 704 tinuanda
1222 640 1448 705 Cremsirium
1464 660 1503 704 se
1517 639 1666 705 contulit
1682 649 1718 703 et
1735 642 1813 702 1853
1831 648 1869 703 11

1037 763 1200 845 sequenti
1227 763 1346 828 studia
1372 763 1623 846 polytechnica
1645 763 1807 826 Viennae
1831 771 1868 824 et

1037 885 1156 948 studia
1175 885 1392 969 philologica
1407 885 1443 948 in
1459 884 1692 949 universitate
1708 883 1868 947 eiusdem

1037 1003 1135 1071 urbis
1155 1017 1367 1089 prosecutus
1390 1019 1455 1071 est.
1484 1007 1591 1071 Anno
1619 1010 1701 1086 1854
1724 1006 1868 1069 Brunae

1037 1130 1141 1212 praxi
1156 1130 1265 1194 officii
1280 1130 1557 1214 caesareo-regii
1577 1130 1613 1194 in
1633 1129 1869 1214 registratura

1038 1253 1290 1317 mathematica
1315 1252 1578 1317 marchionatus
1597 1250 1781 1315 Moraviae
1804 1249 1869 1313 ini-

1038 1374 1606 1458 1111131111,111119111111111
1634 1376 1712 1436 1855
1739 1372 1796 1435 die
1821 1392 1868 1451 19.

1038 1498 1113 1562 Iun.
1129 1498 1289 1561 ordinem
1301 1518 1328 1562 S.
1341 1497 1530 1561 Benedicti
1542 1516 1701 1560 normam
1713 1504 1749 1558 et
1765 1513 1870 1576 regu-

1038 1622 1108 1684 lam
1120 1621 1217 1683 vitae
1230 1639 1316 1683 suae
1327 1618 1468 1683 futurae
1481 1619 1550 1683 sibi
1562 1618 1672 1701 elegit
1679 1615 1870 1701 Raigradii

1038 1744 1075 1807 in
1101 1741 1273 1825 Moravia,
1301 1752 1337 1806 et
1364 1761 1429 1824 per
1454 1744 1623 1805 abbatem
1648 1739 1870 1805 Guntherum

1020 1844 1183 1930 'indutus
1213 1884 1341 1928 nomen
1367 1863 1573 1928 Methodius
1603 1882 1650 1926 ex
1675 1870 1761 1925 voto
1791 1859 1871 1923 reli·

1039 1988 1141 2072 gioso
1173 1996 1209 2051 et
1236 1986 1402 2070 precibus
1433 1985 1548 2050 enixis
1582 1993 1637 2049 est
1668 1985 1870 2047 adsecutus

1039 2109 1224 2174 Novitiatu
1248 2110 1395 2190 expleto
1417 2117 1503 2172 vota
1525 2106 1711 2189 simplicia,
1736 2104 1794 2168 die
1818 2123 1869 2167 20.

1041 2234 1136 2316 Aug.
1157 2235 1237 2295 1858
1254 2240 1340 2296 1111
1355 2230 1539 2294 sollemnia
1555 2229 1681 2294 emisit.
1701 2228 1761 2292 Ab
1777 2247 1870 2291 anno

1045 2358 1125 2419 1856
1142 2374 1256 2436 usque
1273 2354 1319 2416 ad
1335 2372 1465 2417 annum
1485 2355 1565 2433 1859
1586 2351 1713 2416 studiis
1736 2350 1872 2413 theolo-

1041 2476 1132 2562 gicis
1147 2477 1184 2540 in
1199 2477 1381 2539 alumnatu
1397 2475 1612 2538 dioecesano
1627 2471 1805 2536 Brunensi
1820 2471 1872 2535 di·

1041 2599 1195 2682 ligenter
1210 2617 1355 2680 operam
1371 2595 1528 2677 navavit,
1544 2614 1658 2678 aeque
1680 2615 1722 2658 ac
1744 2592 1872 2657 studiis
1942 2656 1947 2666 ,

1041 2718 1267 2804 philologieis
1296 2729 1333 2781 et
1358 2717 1539 2781 litterariis
1562 2725 1722 2799 ternpore
1745 2734 1871 2779 vacuo.

1041 2843 1190 2907 Munere
1207 2839 1421 2905 sacerdotali
1436 2839 1493 2902 die
1510 2861 1540 2919 4.
1552 2838 1617 2904 Iul.
1637 2842 1717 2918 1859
1734 2840 1781 2901 ab
1797 2837 1872 2919 epi·

1042 2985 1153 3049 scopo
1175 2961 1352 3028 Brunensi
1367 2961 1525 3026 Antonio
1542 2961 1670 3026 comite
1686 2981 1708 3023 a
1724 2959 1871 3025 8111111-

1041 3090 1191 3173 gotsche
1222 3095 1416 3149 exornatus
1444 3093 1480 3148 et
1511 3082 1676 3166 primitiis
1704 3082 1740 3145 in
1767 3083 1871 3145 domo

1041 3221 1192 3294 paterna
1215 3206 1419 3289 celebratis,
1443 3214 1655 3288 cooperator
1678 3204 1873 3268 instituitur

1041 3330 1337 3416 Raigradiensis,
1369 3328 1566 3392 catechista
1598 3327 1873 3412 Opatovicensis

1043 3468 1080 3521 et
1110 3452 1387 3539 Raigradiensis
1422 3462 1459 3515 et
1492 3451 1621 3514 iterata
1650 3451 1729 3516 vice
1765 3452 1874 3518 etiam

1044 3575 1293 3657 Ostrovacicii,
1312 3571 1521 3636 Domasovii
1545 3591 1611 3635 nec
1634 3591 1705 3637 non
1724 3574 1875 3640 Vetero-

1044 3700 1187 3764 Brunae
1207 3715 1327 3761 curam
1346 3694 1540 3757 animarum
1562 3693 1749 3759 auxiliario
1768 3699 1875 3761 modo

1044 3822 1120 3906 egit
1136 3839 1250 3903 usque
1266 3819 1313 3882 ad
1334 3821 1424 3899 1872,
1442 3835 1512 3898 quo
1528 3826 1611 3899 post
1626 3828 1776 3882 mortem
1791 3819 1875 3883 Vic-

1044 3942 1131 4008 toris
1152 3938 1333 4004 Kunzfeld
1353 3937 1650 4003 administratoris
1674 3941 1787 4005 curati
1808 3940 1875 4027 Sy·

1045 4061 1240 4129 rovicensis
1263 4060 1298 4124 in
1322 4060 1399 4123 eius
1421 4061 1537 4124 locum
1565 4064 1782 4147 subrogatus
1808 4064 1877 4129 fuit

1046 4171 1166 4268 ibique
1181 4203 1294 4265 usque
1318 4184 1365 4246 ad
1385 4183 1592 4247 hodiernam
1612 4185 1707 4248 diem
1727 4205 1874 4270 gregem

1043 4305 1188 4372 Domini
1199 4307 1312 4370 verbo
1330 4304 1476 4369 coelesti
1489 4306 1638 4370 solerter
1649 4308 1776 4390 pascit.
1794 4307 1876 4373 Stu-

1045 4431 1113 4495 diis
1132 4427 1345 4511 theologicis
1369 4437 1405 4491 et
1429 4427 1657 4511 philologieis
1679 4430 1804 4494 sedulo
1825 4431 1876 4494 in·

1045 4562 1165 4618 tentus
1181 4551 1299 4615 multis
1312 4550 1601 4633 ephemeridibus
1617 4551 1796 4616 idiomatis
1808 4554 1876 4616 sla-

1045 4674 1116 4739 vici
1130 4673 1267 4737 fructus
1282 4673 1406 4736 horum
1422 4673 1702 4757 promulgandas
1718 4674 1876 4758 tradidit,
1971 4757 1973 4760 Α

1046 4795 1117 4859 uti:
1147 4795 1395 4880 „Blahovest“,
1425 4780 1558 4879 „Skola
1581 4816 1603 4859 a
1625 4794 1751 4880 rivom,
1780 4796 1877 4881 „Mo-

1045 4917 1178 4980 ravska
1205 4915 1356 5000 Orlice“,
1389 4914 1531 5000 „Hlas“‚
1563 4916 1776 5002 „Moravskd
1806 4917 1877 4993 No:

1046 5039 1164 5124 viny“.
1195 5038 1309 5123 Typis
1335 5058 1422 5102 vero
1448 5037 1585 5102 Latinis
1613 5023 1649 5102 et
1675 5037 1878 5124 Cyrillianis

1047 5160 1159 5225 edidit
1178 5180 1272 5224 anno
1296 5164 1392 5224 1868:
1420 5159 1641 5246 „Slavlcek“,
1662 5161 1683 5225 i.
1705 5182 1735 5229 e.
1756 5162 1878 5228 Lusci·

1047 5286 1151 5368 nella,
1161 5286 1372 5368 opusculum
1382 5284 1622 5369 Bohemicum,
1632 5287 1877 5367 collectionem

1047 5407 1251 5490 poematum
1266 5407 1498 5471 nationalium
1514 5407 1550 5472 in
1566 5407 1738 5473 Bohemia
1754 5420 1790 5474 et
1802 5410 1878 5473 Μο-
