<?xml version="1.0" encoding="UTF-8"?>
<!DOCTYPE html PUBLIC "-//W3C//DTD XHTML 1.0 Transitional//EN"
    "http://www.w3.org/TR/xhtml1/DTD/xhtml1-transitional.dtd">
<html xmlns="http://www.w3.org/1999/xhtml" xml:lang="en" lang="en">
 <head>
  <title>
</title>
<meta http-equiv="Content-Type" content="text/html;charset=utf-8" />
  <meta name='ocr-system' content='tesseract 3.04.00' />
  <meta name='ocr-capabilities' content='ocr_page ocr_carea ocr_par ocr_line ocrx_word'/>
</head>
<body>
  <div class='ocr_page' id='page_1' title='image "./scriptoresordin00austgoog_0501.png"; bbox 0 0 4178 6196; ppageno 0'>
   <div class='ocr_carea' id='block_1_1' title="bbox 909 420 1194 491">
    <p class='ocr_par' dir='ltr' id='par_1_1' title="bbox 909 420 1194 491">
     <span class='ocr_line' id='line_1_1' title="bbox 909 420 1194 491; baseline -0.014 0"><span class='ocrx_word' id='word_1_1' title='bbox 909 420 1194 491; x_wconf 80' lang='lat'>-372—</span> 
     </span>
    </p>
   </div>
   <div class='ocr_carea' id='block_1_2' title="bbox 183 606 1013 1177">
    <p class='ocr_par' dir='ltr' id='par_1_2' title="bbox 183 606 1013 1177">
     <span class='ocr_line' id='line_1_2' title="bbox 183 606 1013 688; baseline -0.002 -17"><span class='ocrx_word' id='word_1_2' title='bbox 183 617 331 671; x_wconf 89' lang='lat' dir='ltr'>naturae</span> <span class='ocrx_word' id='word_1_3' title='bbox 355 616 391 670; x_wconf 87' lang='lat' dir='ltr'>et</span> <span class='ocrx_word' id='word_1_4' title='bbox 410 607 578 670; x_wconf 86' lang='lat' dir='ltr'>historiae</span> <span class='ocrx_word' id='word_1_5' title='bbox 599 606 747 688; x_wconf 82' lang='lat' dir='ltr'>patriae,</span> <span class='ocrx_word' id='word_1_6' title='bbox 771 626 927 669; x_wconf 91' lang='lat' dir='ltr'>necnon</span> <span class='ocrx_word' id='word_1_7' title='bbox 951 627 1013 688; x_wconf 94' lang='lat' dir='ltr'>po-</span> 
     </span>
     <span class='ocr_line' id='line_1_3' title="bbox 183 716 1013 812; baseline -0.002 -19"><span class='ocrx_word' id='word_1_8' title='bbox 183 716 623 812; x_wconf 85' lang='lat' dir='ltr'>mologico-oenologicae</span> <span class='ocrx_word' id='word_1_9' title='bbox 651 728 829 792; x_wconf 84' lang='lat' dir='ltr'><strong>sectionis.</strong></span> <span class='ocrx_word' id='word_1_10' title='bbox 867 727 935 810; x_wconf 82' lang='lat' dir='ltr'>Qui</span> <span class='ocrx_word' id='word_1_11' title='bbox 961 730 1013 791; x_wconf 89' lang='lat' dir='ltr'>hi·</span> 
     </span>
     <span class='ocr_line' id='line_1_4' title="bbox 184 851 1012 932; baseline -0.001 -17"><span class='ocrx_word' id='word_1_12' title='bbox 184 852 328 916; x_wconf 91' lang='lat' dir='ltr'>storiam</span> <span class='ocrx_word' id='word_1_13' title='bbox 338 851 440 914; x_wconf 91' lang='lat' dir='ltr'>huius</span> <span class='ocrx_word' id='word_1_14' title='bbox 453 851 622 932; x_wconf 88' lang='lat' dir='ltr'>temporis</span> <span class='ocrx_word' id='word_1_15' title='bbox 632 861 857 931; x_wconf 84' lang='lat' dir='ltr'><strong>perspectam</strong></span> <span class='ocrx_word' id='word_1_16' title='bbox 869 853 1012 932; x_wconf 90' lang='lat' dir='ltr'>habent,</span> 
     </span>
     <span class='ocr_line' id='line_1_5' title="bbox 183 974 1013 1057; baseline -0.002 -19"><span class='ocrx_word' id='word_1_17' title='bbox 183 979 248 1038; x_wconf 91' lang='lat' dir='ltr'>hos</span> <span class='ocrx_word' id='word_1_18' title='bbox 273 985 368 1038; x_wconf 91' lang='lat' dir='ltr'>certe</span> <span class='ocrx_word' id='word_1_19' title='bbox 392 995 462 1037; x_wconf 92' lang='lat' dir='ltr'>non</span> <span class='ocrx_word' id='word_1_20' title='bbox 485 975 583 1055; x_wconf 90' lang='lat' dir='ltr'>latet,</span> <span class='ocrx_word' id='word_1_21' title='bbox 606 974 709 1036; x_wconf 91' lang='lat' dir='ltr'>Pium</span> <span class='ocrx_word' id='word_1_22' title='bbox 725 974 804 1036; x_wconf 89' lang='lat' dir='ltr'>VII.</span> <span class='ocrx_word' id='word_1_23' title='bbox 827 994 905 1035; x_wconf 92' lang='lat' dir='ltr'>cum</span> <span class='ocrx_word' id='word_1_24' title='bbox 927 994 1013 1057; x_wconf 89' lang='lat' dir='ltr'>rege</span> 
     </span>
     <span class='ocr_line' id='line_1_6' title="bbox 183 1096 1011 1177; baseline -0.002 -17"><span class='ocrx_word' id='word_1_25' title='bbox 183 1096 613 1160; x_wconf 84' lang='lat' dir='ltr'>BavaricoMaximiliano</span> <span class='ocrx_word' id='word_1_26' title='bbox 623 1097 810 1177; x_wconf 89' lang='lat' dir='ltr'>Iosephol.</span> <span class='ocrx_word' id='word_1_27' title='bbox 824 1116 916 1159; x_wconf 87' lang='lat' dir='ltr'>anno</span> <span class='ocrx_word' id='word_1_28' title='bbox 933 1101 1011 1174; x_wconf 88' lang='lat'><em>1817</em></span> 
     </span>
    </p>
   </div>
   <div class='ocr_carea' id='block_1_3' title="bbox 1052 607 1926 689">
    <p class='ocr_par' dir='ltr' id='par_1_3' title="bbox 1052 607 1926 689">
     <span class='ocr_line' id='line_1_7' title="bbox 1052 607 1926 689; baseline 0.005 -21"><span class='ocrx_word' id='word_1_29' title='bbox 1052 615 1056 689; x_wconf 70' lang='grc' dir='ltr'><em>ξ</em></span> <span class='ocrx_word' id='word_1_30' title='bbox 1094 607 1260 687; x_wconf 87' lang='lat' dir='ltr'><strong>precibus</strong></span> <span class='ocrx_word' id='word_1_31' title='bbox 1277 607 1453 670; x_wconf 86' lang='lat' dir='ltr'>continuis</span> <span class='ocrx_word' id='word_1_32' title='bbox 1470 609 1687 673; x_wconf 85' lang='lat' dir='ltr'>desideravit</span> <span class='ocrx_word' id='word_1_33' title='bbox 1705 609 1836 673; x_wconf 88' lang='lat' dir='ltr'>dimitti</span> <span class='ocrx_word' id='word_1_34' title='bbox 1852 610 1926 672; x_wconf 92' lang='lat' dir='ltr'>Au·</span> 
     </span>
    </p>
   </div>
   <div class='ocr_carea' id='block_1_4' title="bbox 1093 730 1926 1183">
    <p class='ocr_par' dir='ltr' id='par_1_4' title="bbox 1093 730 1926 1183">
     <span class='ocr_line' id='line_1_8' title="bbox 1093 730 1926 815; baseline 0.005 -25"><span class='ocrx_word' id='word_1_35' title='bbox 1093 741 1235 810; x_wconf 88' lang='lat' dir='ltr'>gustam</span> <span class='ocrx_word' id='word_1_36' title='bbox 1244 730 1519 811; x_wconf 85' lang='lat' dir='ltr'>Vindelicorum,</span> <span class='ocrx_word' id='word_1_37' title='bbox 1530 742 1565 795; x_wconf 92' lang='lat' dir='ltr'>et</span> <span class='ocrx_word' id='word_1_38' title='bbox 1576 753 1683 813; x_wconf 90' lang='lat' dir='ltr'>quum</span> <span class='ocrx_word' id='word_1_39' title='bbox 1696 733 1843 815; x_wconf 88' lang='lat' dir='ltr'>insuper</span> <span class='ocrx_word' id='word_1_40' title='bbox 1852 732 1926 815; x_wconf 91' lang='lat' dir='ltr'>epi-</span> 
     </span>
     <span class='ocr_line' id='line_1_9' title="bbox 1093 852 1926 938; baseline 0.006 -25"><span class='ocrx_word' id='word_1_41' title='bbox 1093 871 1223 934; x_wconf 90' lang='lat' dir='ltr'>scopus</span> <span class='ocrx_word' id='word_1_42' title='bbox 1236 852 1431 916; x_wconf 91' lang='lat' dir='ltr'>Linciensis</span> <span class='ocrx_word' id='word_1_43' title='bbox 1445 853 1640 936; x_wconf 87' lang='lat' dir='ltr'>Gregorius</span> <span class='ocrx_word' id='word_1_44' title='bbox 1653 855 1801 938; x_wconf 90' lang='lat' dir='ltr'>Ziegler,</span> <span class='ocrx_word' id='word_1_45' title='bbox 1815 875 1926 937; x_wconf 91' lang='lat' dir='ltr'>quon·</span> 
     </span>
     <span class='ocr_line' id='line_1_10' title="bbox 1094 976 1925 1060; baseline 0.007 -25"><span class='ocrx_word' id='word_1_46' title='bbox 1094 976 1177 1036; x_wconf 91' lang='lat' dir='ltr'>dam</span> <span class='ocrx_word' id='word_1_47' title='bbox 1191 976 1436 1038; x_wconf 91' lang='lat' dir='ltr'>benedictinus</span> <span class='ocrx_word' id='word_1_48' title='bbox 1445 978 1716 1060; x_wconf 86' lang='lat' dir='ltr'>Wiblingensis,</span> <span class='ocrx_word' id='word_1_49' title='bbox 1727 980 1771 1040; x_wconf 92' lang='lat' dir='ltr'>de</span> <span class='ocrx_word' id='word_1_50' title='bbox 1783 978 1925 1042; x_wconf 91' lang='lat' dir='ltr'>restitu-</span> 
     </span>
     <span class='ocr_line' id='line_1_11' title="bbox 1095 1095 1924 1183; baseline 0.01 -26"><span class='ocrx_word' id='word_1_51' title='bbox 1095 1095 1192 1158; x_wconf 88' lang='lat' dir='ltr'>tione</span> <span class='ocrx_word' id='word_1_52' title='bbox 1209 1096 1341 1159; x_wconf 84' lang='lat' dir='ltr'>ordinis</span> <span class='ocrx_word' id='word_1_53' title='bbox 1354 1099 1466 1161; x_wconf 83' lang='lat' dir='ltr'>nostri</span> <span class='ocrx_word' id='word_1_54' title='bbox 1481 1098 1515 1160; x_wconf 92' lang='lat' dir='ltr'>in</span> <span class='ocrx_word' id='word_1_55' title='bbox 1528 1098 1682 1162; x_wconf 90' lang='lat' dir='ltr'>Bavaria</span> <span class='ocrx_word' id='word_1_56' title='bbox 1698 1121 1924 1183; x_wconf 89' lang='lat' dir='ltr'>summopere</span> 
     </span>
    </p>
   </div>
   <div class='ocr_carea' id='block_1_5' title="bbox 185 1218 1924 1299">
    <p class='ocr_par' dir='ltr' id='par_1_5' title="bbox 185 1218 1924 1299">
     <span class='ocr_line' id='line_1_12' title="bbox 185 1218 1924 1299; baseline 0.003 -16"><span class='ocrx_word' id='word_1_57' title='bbox 185 1223 436 1283; x_wconf 85' lang='lat' dir='ltr'>concordatum</span> <span class='ocrx_word' id='word_1_58' title='bbox 452 1220 574 1282; x_wconf 88' lang='lat' dir='ltr'>iniisse</span> <span class='ocrx_word' id='word_1_59' title='bbox 590 1222 721 1282; x_wconf 86' lang='lat' dir='ltr'>adrem</span> <span class='ocrx_word' id='word_1_60' title='bbox 736 1218 946 1281; x_wconf 81' lang='lat' dir='ltr'>catholicam</span> <span class='ocrx_word' id='word_1_61' title='bbox 959 1219 1014 1280; x_wconf 93' lang='lat' dir='ltr'>his</span> <span class='ocrx_word' id='word_1_62' title='bbox 1095 1218 1309 1299; x_wconf 77' lang='lat' dir='ltr'>delectatne,</span> <span class='ocrx_word' id='word_1_63' title='bbox 1336 1220 1452 1282; x_wconf 91' lang='lat' dir='ltr'>missis</span> <span class='ocrx_word' id='word_1_64' title='bbox 1479 1223 1525 1283; x_wconf 91' lang='lat' dir='ltr'>ad</span> <span class='ocrx_word' id='word_1_65' title='bbox 1550 1224 1718 1285; x_wconf 89' lang='lat' dir='ltr'>abbatem</span> <span class='ocrx_word' id='word_1_66' title='bbox 1741 1224 1924 1288; x_wconf 89' lang='lat' dir='ltr'>Victorem</span> 
     </span>
    </p>
   </div>
   <div class='ocr_carea' id='block_1_6' title="bbox 184 1339 1924 1426">
    <p class='ocr_par' dir='ltr' id='par_1_6' title="bbox 184 1339 1924 1426">
     <span class='ocr_line' id='line_1_13' title="bbox 184 1339 1924 1426; baseline 0.002 -20"><span class='ocrx_word' id='word_1_67' title='bbox 184 1344 220 1406; x_wconf 91' lang='lat' dir='ltr'>in</span> <span class='ocrx_word' id='word_1_68' title='bbox 233 1342 425 1405; x_wconf 91' lang='lat' dir='ltr'>ditionibus</span> <span class='ocrx_word' id='word_1_69' title='bbox 439 1345 555 1404; x_wconf 92' lang='lat' dir='ltr'>denuo</span> <span class='ocrx_word' id='word_1_70' title='bbox 569 1341 862 1423; x_wconf 83' lang='lat' dir='ltr'>constituendam.</span> <span class='ocrx_word' id='word_1_71' title='bbox 879 1340 1014 1403; x_wconf 91' lang='lat' dir='ltr'>Partim</span> <span class='ocrx_word' id='word_1_72' title='bbox 1094 1339 1232 1422; x_wconf 88' lang='lat' dir='ltr'>litteris,</span> <span class='ocrx_word' id='word_1_73' title='bbox 1255 1341 1475 1404; x_wconf 89' lang='lat' dir='ltr'>solidissimis</span> <span class='ocrx_word' id='word_1_74' title='bbox 1499 1345 1715 1426; x_wconf 86' lang='lat' dir='ltr'>argumentis</span> <span class='ocrx_word' id='word_1_75' title='bbox 1739 1348 1786 1408; x_wconf 89' lang='lat' dir='ltr'>ad</span> <span class='ocrx_word' id='word_1_76' title='bbox 1811 1348 1924 1410; x_wconf 91' lang='lat' dir='ltr'>subsi-</span> 
     </span>
    </p>
   </div>
   <div class='ocr_carea' id='block_1_7' title="bbox 185 1460 1924 1552">
    <p class='ocr_par' dir='ltr' id='par_1_7' title="bbox 185 1460 1924 1552">
     <span class='ocr_line' id='line_1_14' title="bbox 185 1460 1924 1552; baseline 0.002 -23"><span class='ocrx_word' id='word_1_77' title='bbox 185 1478 308 1529; x_wconf 91' lang='lat' dir='ltr'>tenore</span> <span class='ocrx_word' id='word_1_78' title='bbox 337 1465 540 1528; x_wconf 89' lang='lat' dir='ltr'>concordati</span> <span class='ocrx_word' id='word_1_79' title='bbox 567 1465 684 1546; x_wconf 91' lang='lat' dir='ltr'>huius,</span> <span class='ocrx_word' id='word_1_80' title='bbox 713 1463 843 1547; x_wconf 90' lang='lat' dir='ltr'>partim</span> <span class='ocrx_word' id='word_1_81' title='bbox 871 1464 1014 1545; x_wconf 92' lang='lat' dir='ltr'>propria</span> <span class='ocrx_word' id='word_1_82' title='bbox 1094 1461 1189 1523; x_wconf 90' lang='lat' dir='ltr'>dium</span> <span class='ocrx_word' id='word_1_83' title='bbox 1206 1460 1390 1525; x_wconf 87' lang='lat' dir='ltr'>ferendum</span> <span class='ocrx_word' id='word_1_84' title='bbox 1407 1477 1618 1546; x_wconf 89' lang='lat' dir='ltr'>provocaret</span> <span class='ocrx_word' id='word_1_85' title='bbox 1639 1478 1867 1552; x_wconf 85' lang='lat' dir='ltr'>rogaretque,</span> <span class='ocrx_word' id='word_1_86' title='bbox 1887 1480 1924 1533; x_wconf 91' lang='lat' dir='ltr'>ut</span> 
     </span>
    </p>
   </div>
   <div class='ocr_carea' id='block_1_8' title="bbox 182 1536 1923 2651">
    <p class='ocr_par' dir='ltr' id='par_1_8' title="bbox 182 1536 1923 2651">
     <span class='ocr_line' id='line_1_15' title="bbox 184 1536 1923 1670; baseline 0.003 -20"><span class='ocrx_word' id='word_1_87' title='bbox 184 1588 415 1670; x_wconf 88' lang='lat' dir='ltr'>persuasione</span> <span class='ocrx_word' id='word_1_88' title='bbox 432 1589 560 1651; x_wconf 91' lang='lat' dir='ltr'>ductus</span> <span class='ocrx_word' id='word_1_89' title='bbox 577 1587 780 1650; x_wconf 92' lang='lat' dir='ltr'>Ludovicus</span> <span class='ocrx_word' id='word_1_90' title='bbox 800 1606 875 1665; x_wconf 83' lang='lat' dir='ltr'>rex,</span> <span class='ocrx_word' id='word_1_91' title='bbox 899 1586 1013 1649; x_wconf 83' lang='lat' dir='ltr'>Maxi·</span> <span class='ocrx_word' id='word_1_92' title='bbox 1052 1536 1055 1579; x_wconf 36' lang='lat' dir='ltr'><em>A</em></span> <span class='ocrx_word' id='word_1_93' title='bbox 1096 1583 1323 1666; x_wconf 81' lang='lat' dir='ltr'>Benedictus,</span> <span class='ocrx_word' id='word_1_94' title='bbox 1345 1605 1449 1666; x_wconf 85' lang='lat' dir='ltr'>quern</span> <span class='ocrx_word' id='word_1_95' title='bbox 1471 1585 1531 1648; x_wconf 88' lang='lat' dir='ltr'>fini</span> <span class='ocrx_word' id='word_1_96' title='bbox 1548 1586 1643 1650; x_wconf 89' lang='lat' dir='ltr'>dicto</span> <span class='ocrx_word' id='word_1_97' title='bbox 1666 1590 1923 1655; x_wconf 91' lang='lat' dir='ltr'>habilissimum</span> 
     </span>
     <span class='ocr_line' id='line_1_16' title="bbox 182 1706 1923 1792; baseline 0.004 -19"><span class='ocrx_word' id='word_1_98' title='bbox 182 1711 314 1773; x_wconf 92' lang='lat' dir='ltr'>miliani</span> <span class='ocrx_word' id='word_1_99' title='bbox 340 1729 539 1792; x_wconf 86' lang='lat' dir='ltr'>successor,</span> <span class='ocrx_word' id='word_1_100' title='bbox 567 1721 736 1791; x_wconf 92' lang='lat' dir='ltr'>quantam</span> <span class='ocrx_word' id='word_1_101' title='bbox 760 1729 904 1790; x_wconf 88' lang='lat' dir='ltr'>operam</span> <span class='ocrx_word' id='word_1_102' title='bbox 932 1727 1013 1770; x_wconf 93' lang='lat' dir='ltr'>con·</span> <span class='ocrx_word' id='word_1_103' title='bbox 1093 1706 1356 1789; x_wconf 87' lang='lat' dir='ltr'>aestimaverat,</span> <span class='ocrx_word' id='word_1_104' title='bbox 1382 1709 1627 1792; x_wconf 87' lang='lat' dir='ltr'>dimitteretur,</span> <span class='ocrx_word' id='word_1_105' title='bbox 1651 1713 1705 1773; x_wconf 92' lang='lat' dir='ltr'>his</span> <span class='ocrx_word' id='word_1_106' title='bbox 1729 1724 1847 1777; x_wconf 92' lang='lat' dir='ltr'>motus</span> <span class='ocrx_word' id='word_1_107' title='bbox 1871 1737 1923 1780; x_wconf 90' lang='lat' dir='ltr'>ar·</span> 
     </span>
     <span class='ocr_line' id='line_1_17' title="bbox 182 1830 1922 1939; baseline 0.005 -44"><span class='ocrx_word' id='word_1_108' title='bbox 182 1832 327 1896; x_wconf 91' lang='lat' dir='ltr'>tulerint</span> <span class='ocrx_word' id='word_1_109' title='bbox 344 1833 487 1895; x_wconf 91' lang='lat' dir='ltr'>ordines</span> <span class='ocrx_word' id='word_1_110' title='bbox 504 1832 661 1914; x_wconf 89' lang='lat' dir='ltr'>religiosi</span> <span class='ocrx_word' id='word_1_111' title='bbox 674 1831 780 1894; x_wconf 90' lang='lat' dir='ltr'>saluti</span> <span class='ocrx_word' id='word_1_112' title='bbox 796 1830 1012 1912; x_wconf 89' lang='lat' dir='ltr'>reipublicae</span> <span class='ocrx_word' id='word_1_113' title='bbox 1052 1914 1054 1939; x_wconf 55' lang='grc' dir='ltr'>Ι</span> <span class='ocrx_word' id='word_1_114' title='bbox 1093 1830 1289 1912; x_wconf 87' lang='lat' dir='ltr'>gumentis,</span> <span class='ocrx_word' id='word_1_115' title='bbox 1321 1833 1433 1894; x_wconf 90' lang='lat' dir='ltr'>abbas</span> <span class='ocrx_word' id='word_1_116' title='bbox 1465 1843 1585 1896; x_wconf 92' lang='lat' dir='ltr'>noster</span> <span class='ocrx_word' id='word_1_117' title='bbox 1615 1835 1708 1898; x_wconf 90' lang='lat' dir='ltr'>votis</span> <span class='ocrx_word' id='word_1_118' title='bbox 1736 1837 1922 1903; x_wconf 90' lang='lat' dir='ltr'>Benedicti</span> 
     </span>
     <span class='ocr_line' id='line_1_18' title="bbox 183 1952 1922 2039; baseline 0.003 -21"><span class='ocrx_word' id='word_1_119' title='bbox 183 1966 219 2019; x_wconf 93' lang='lat' dir='ltr'>et</span> <span class='ocrx_word' id='word_1_120' title='bbox 234 1955 443 2038; x_wconf 88' lang='lat' dir='ltr'>praesertim</span> <span class='ocrx_word' id='word_1_121' title='bbox 459 1954 654 2017; x_wconf 87' lang='lat' dir='ltr'>iuventutis</span> <span class='ocrx_word' id='word_1_122' title='bbox 668 1954 856 2016; x_wconf 88' lang='lat' dir='ltr'>eruditioni</span> <span class='ocrx_word' id='word_1_123' title='bbox 872 1952 1012 2034; x_wconf 91' lang='lat' dir='ltr'>religio·</span> <span class='ocrx_word' id='word_1_124' title='bbox 1092 1969 1278 2012; x_wconf 81' lang='lat' dir='ltr'>assensum</span> <span class='ocrx_word' id='word_1_125' title='bbox 1305 1954 1487 2036; x_wconf 89' lang='lat' dir='ltr'>praebuit,</span> <span class='ocrx_word' id='word_1_126' title='bbox 1515 1955 1574 2036; x_wconf 80' lang='lat' dir='ltr'>qui</span> <span class='ocrx_word' id='word_1_127' title='bbox 1600 1978 1629 2035; x_wconf 84' lang='lat'>9.</span> <span class='ocrx_word' id='word_1_128' title='bbox 1654 1955 1752 2039; x_wconf 89' lang='lat' dir='ltr'>Sept.</span> <span class='ocrx_word' id='word_1_129' title='bbox 1784 1964 1864 2023; x_wconf 81' lang='lat'>1835</span> <span class='ocrx_word' id='word_1_130' title='bbox 1890 1962 1922 2024; x_wconf 91' lang='lat' dir='ltr'>in</span> 
     </span>
     <span class='ocr_line' id='line_1_19' title="bbox 183 2073 1921 2160; baseline 0.003 -20"><span class='ocrx_word' id='word_1_131' title='bbox 183 2098 244 2140; x_wconf 88' lang='lat' dir='ltr'>sae</span> <span class='ocrx_word' id='word_1_132' title='bbox 260 2080 534 2160; x_wconf 84' lang='lat' dir='ltr'>promovendae,</span> <span class='ocrx_word' id='word_1_133' title='bbox 551 2097 616 2139; x_wconf 90' lang='lat' dir='ltr'>nec</span> <span class='ocrx_word' id='word_1_134' title='bbox 635 2095 705 2138; x_wconf 93' lang='lat' dir='ltr'>non</span> <span class='ocrx_word' id='word_1_135' title='bbox 722 2096 826 2157; x_wconf 92' lang='lat' dir='ltr'>quam</span> <span class='ocrx_word' id='word_1_136' title='bbox 844 2075 952 2137; x_wconf 94' lang='lat' dir='ltr'>dubia</span> <span class='ocrx_word' id='word_1_137' title='bbox 967 2074 1013 2137; x_wconf 92' lang='lat' dir='ltr'>sit</span> <span class='ocrx_word' id='word_1_138' title='bbox 1095 2073 1285 2136; x_wconf 90' lang='lat' dir='ltr'>Bavariam</span> <span class='ocrx_word' id='word_1_139' title='bbox 1311 2076 1488 2159; x_wconf 89' lang='lat' dir='ltr'>discessit,</span> <span class='ocrx_word' id='word_1_140' title='bbox 1517 2087 1555 2141; x_wconf 90' lang='lat' dir='ltr'>ut</span> <span class='ocrx_word' id='word_1_141' title='bbox 1583 2079 1617 2140; x_wconf 92' lang='lat' dir='ltr'>in</span> <span class='ocrx_word' id='word_1_142' title='bbox 1644 2080 1807 2160; x_wconf 87' lang='lat' dir='ltr'>praefata</span> <span class='ocrx_word' id='word_1_143' title='bbox 1832 2103 1921 2147; x_wconf 90' lang='lat' dir='ltr'>nove</span> 
     </span>
     <span class='ocr_line' id='line_1_20' title="bbox 183 2197 1921 2286; baseline 0.005 -25"><span class='ocrx_word' id='word_1_144' title='bbox 183 2200 298 2262; x_wconf 89' lang='lat' dir='ltr'>aliena</span> <span class='ocrx_word' id='word_1_145' title='bbox 315 2199 444 2262; x_wconf 90' lang='lat' dir='ltr'>aetatis</span> <span class='ocrx_word' id='word_1_146' title='bbox 461 2200 563 2261; x_wconf 93' lang='lat' dir='ltr'>huius</span> <span class='ocrx_word' id='word_1_147' title='bbox 580 2198 735 2260; x_wconf 91' lang='lat' dir='ltr'>liberalis</span> <span class='ocrx_word' id='word_1_148' title='bbox 752 2197 925 2277; x_wconf 91' lang='lat' dir='ltr'>educatio,</span> <span class='ocrx_word' id='word_1_149' title='bbox 942 2217 1013 2278; x_wconf 91' lang='lat' dir='ltr'>qua</span> <span class='ocrx_word' id='word_1_150' title='bbox 1094 2205 1215 2258; x_wconf 90' lang='lat' dir='ltr'>erecta</span> <span class='ocrx_word' id='word_1_151' title='bbox 1238 2198 1384 2260; x_wconf 91' lang='lat' dir='ltr'>abbatia</span> <span class='ocrx_word' id='word_1_152' title='bbox 1407 2219 1437 2261; x_wconf 89' lang='lat' dir='ltr'>o.</span> <span class='ocrx_word' id='word_1_153' title='bbox 1459 2220 1485 2263; x_wconf 93' lang='lat' dir='ltr'>s.</span> <span class='ocrx_word' id='word_1_154' title='bbox 1506 2200 1547 2264; x_wconf 90' lang='lat' dir='ltr'>B.</span> <span class='ocrx_word' id='word_1_155' title='bbox 1576 2203 1620 2263; x_wconf 94' lang='lat' dir='ltr'>ad</span> <span class='ocrx_word' id='word_1_156' title='bbox 1647 2223 1673 2263; x_wconf 93' lang='lat' dir='ltr'>s.</span> <span class='ocrx_word' id='word_1_157' title='bbox 1701 2201 1921 2286; x_wconf 87' lang='lat' dir='ltr'>Stephanum</span> 
     </span>
     <span class='ocr_line' id='line_1_21' title="bbox 185 2317 1922 2431; baseline 0.004 -47"><span class='ocrx_word' id='word_1_158' title='bbox 185 2321 336 2384; x_wconf 87' lang='lat' dir='ltr'>subinde</span> <span class='ocrx_word' id='word_1_159' title='bbox 368 2322 484 2384; x_wconf 88' lang='lat' dir='ltr'>throni</span> <span class='ocrx_word' id='word_1_160' title='bbox 517 2333 553 2384; x_wconf 91' lang='lat' dir='ltr'>et</span> <span class='ocrx_word' id='word_1_161' title='bbox 584 2321 709 2384; x_wconf 88' lang='lat' dir='ltr'>altaria</span> <span class='ocrx_word' id='word_1_162' title='bbox 740 2320 1012 2383; x_wconf 89' lang='lat' dir='ltr'>contremiscant</span> <span class='ocrx_word' id='word_1_163' title='bbox 1051 2356 1053 2431; x_wconf 72' lang='lat'>,</span> <span class='ocrx_word' id='word_1_164' title='bbox 1095 2317 1283 2399; x_wconf 84' lang='lat' dir='ltr'>Augustae</span> <span class='ocrx_word' id='word_1_165' title='bbox 1295 2319 1568 2404; x_wconf 92' lang='lat' dir='ltr'>Vindelicorum,</span> <span class='ocrx_word' id='word_1_166' title='bbox 1582 2324 1636 2386; x_wconf 92' lang='lat' dir='ltr'>cui</span> <span class='ocrx_word' id='word_1_167' title='bbox 1650 2325 1790 2407; x_wconf 92' lang='lat' dir='ltr'>lyceum</span> <span class='ocrx_word' id='word_1_168' title='bbox 1804 2331 1922 2392; x_wconf 92' lang='lat' dir='ltr'>catho-</span> 
     </span>
     <span class='ocr_line' id='line_1_22' title="bbox 182 2437 1922 2549; baseline 0.003 -42"><span class='ocrx_word' id='word_1_169' title='bbox 182 2443 389 2526; x_wconf 89' lang='lat' dir='ltr'>ruinamque</span> <span class='ocrx_word' id='word_1_170' title='bbox 407 2445 591 2524; x_wconf 87' lang='lat' dir='ltr'>minentur,</span> <span class='ocrx_word' id='word_1_171' title='bbox 613 2444 796 2510; x_wconf 90' lang='lat' dir='ltr'>consilium</span> <span class='ocrx_word' id='word_1_172' title='bbox 813 2449 918 2530; x_wconf 73' lang='lat' dir='ltr'>cepit,</span> <span class='ocrx_word' id='word_1_173' title='bbox 939 2463 1012 2505; x_wconf 91' lang='lat' dir='ltr'>mo·</span> <span class='ocrx_word' id='word_1_174' title='bbox 1051 2437 1053 2549; x_wconf 56' lang='lat' dir='ltr'>l</span> <span class='ocrx_word' id='word_1_175' title='bbox 1092 2440 1198 2502; x_wconf 90' lang='lat' dir='ltr'>licum</span> <span class='ocrx_word' id='word_1_176' title='bbox 1215 2443 1438 2506; x_wconf 92' lang='lat' dir='ltr'>commissum</span> <span class='ocrx_word' id='word_1_177' title='bbox 1456 2455 1541 2526; x_wconf 89' lang='lat' dir='ltr'>erat,</span> <span class='ocrx_word' id='word_1_178' title='bbox 1563 2448 1711 2509; x_wconf 89' lang='lat' dir='ltr'>rectoris</span> <span class='ocrx_word' id='word_1_179' title='bbox 1732 2450 1848 2532; x_wconf 93' lang='lat' dir='ltr'>huius,</span> <span class='ocrx_word' id='word_1_180' title='bbox 1872 2453 1922 2534; x_wconf 92' lang='lat' dir='ltr'>ly·</span> 
     </span>
     <span class='ocr_line' id='line_1_23' title="bbox 183 2562 1921 2651; baseline 0.003 -23"><span class='ocrx_word' id='word_1_181' title='bbox 183 2567 338 2630; x_wconf 87' lang='lat' dir='ltr'>nasteria</span> <span class='ocrx_word' id='word_1_182' title='bbox 355 2568 488 2632; x_wconf 91' lang='lat' dir='ltr'>abolita</span> <span class='ocrx_word' id='word_1_183' title='bbox 504 2569 538 2630; x_wconf 91' lang='lat' dir='ltr'>in</span> <span class='ocrx_word' id='word_1_184' title='bbox 557 2589 669 2651; x_wconf 90' lang='lat' dir='ltr'>regno</span> <span class='ocrx_word' id='word_1_185' title='bbox 686 2590 749 2633; x_wconf 93' lang='lat' dir='ltr'>suo</span> <span class='ocrx_word' id='word_1_186' title='bbox 765 2570 1011 2634; x_wconf 89' lang='lat' dir='ltr'>resuscitandi.</span> <span class='ocrx_word' id='word_1_187' title='bbox 1093 2562 1148 2624; x_wconf 76' lang='lat' dir='ltr'>cei</span> <span class='ocrx_word' id='word_1_188' title='bbox 1170 2573 1205 2626; x_wconf 80' lang='lat' dir='ltr'>et</span> <span class='ocrx_word' id='word_1_189' title='bbox 1226 2563 1437 2643; x_wconf 85' lang='lat' dir='ltr'>professoris</span> <span class='ocrx_word' id='word_1_190' title='bbox 1457 2569 1702 2651; x_wconf 90' lang='lat' dir='ltr'>philosophiae</span> <span class='ocrx_word' id='word_1_191' title='bbox 1723 2591 1851 2635; x_wconf 91' lang='lat' dir='ltr'>munus</span> <span class='ocrx_word' id='word_1_192' title='bbox 1866 2592 1921 2635; x_wconf 93' lang='lat' dir='ltr'>su·</span> 
     </span>
    </p>
   </div>
   <div class='ocr_carea' id='block_1_9' title="bbox 182 2685 1922 2788">
    <p class='ocr_par' dir='ltr' id='par_1_9' title="bbox 182 2685 1922 2788">
     <span class='ocr_line' id='line_1_24' title="bbox 182 2685 1922 2788; baseline 0.003 -34"><span class='ocrx_word' id='word_1_193' title='bbox 182 2691 280 2753; x_wconf 87' lang='lat' dir='ltr'>Inter</span> <span class='ocrx_word' id='word_1_194' title='bbox 307 2711 443 2773; x_wconf 90' lang='lat' dir='ltr'>omnes,</span> <span class='ocrx_word' id='word_1_195' title='bbox 472 2702 648 2773; x_wconf 93' lang='lat' dir='ltr'>quotquot</span> <span class='ocrx_word' id='word_1_196' title='bbox 674 2713 753 2755; x_wconf 89' lang='lat' dir='ltr'>sese</span> <span class='ocrx_word' id='word_1_197' title='bbox 778 2693 1011 2776; x_wconf 87' lang='lat' dir='ltr'>insinuavere,</span> <span class='ocrx_word' id='word_1_198' title='bbox 1050 2692 1053 2788; x_wconf 71' lang='lat'>,3</span> <span class='ocrx_word' id='word_1_199' title='bbox 1091 2685 1199 2766; x_wconf 89' lang='lat' dir='ltr'>biret,</span> <span class='ocrx_word' id='word_1_200' title='bbox 1224 2686 1283 2747; x_wconf 94' lang='lat' dir='ltr'>ubi</span> <span class='ocrx_word' id='word_1_201' title='bbox 1307 2698 1494 2768; x_wconf 89' lang='lat' dir='ltr'>praeterea</span> <span class='ocrx_word' id='word_1_202' title='bbox 1519 2692 1662 2754; x_wconf 88' lang='lat' dir='ltr'>decreto</span> <span class='ocrx_word' id='word_1_203' title='bbox 1686 2693 1787 2774; x_wconf 93' lang='lat' dir='ltr'>regio</span> <span class='ocrx_word' id='word_1_204' title='bbox 1808 2697 1922 2758; x_wconf 91' lang='lat' dir='ltr'>schol·</span> 
     </span>
    </p>
   </div>
   <div class='ocr_carea' id='block_1_10' title="bbox 151 2814 1013 4979">
    <p class='ocr_par' dir='ltr' id='par_1_10' title="bbox 151 2814 1013 4979">
     <span class='ocr_line' id='line_1_25' title="bbox 183 2814 1012 2895; baseline 0.005 -21"><span class='ocrx_word' id='word_1_205' title='bbox 183 2814 391 2894; x_wconf 90' lang='lat' dir='ltr'>praesertim</span> <span class='ocrx_word' id='word_1_206' title='bbox 416 2814 587 2895; x_wconf 88' lang='lat' dir='ltr'>Iesuitae,</span> <span class='ocrx_word' id='word_1_207' title='bbox 617 2815 729 2877; x_wconf 93' lang='lat' dir='ltr'>ordini</span> <span class='ocrx_word' id='word_1_208' title='bbox 753 2826 874 2879; x_wconf 91' lang='lat' dir='ltr'>nostro</span> <span class='ocrx_word' id='word_1_209' title='bbox 898 2817 1012 2879; x_wconf 91' lang='lat' dir='ltr'>Bene-</span> 
     </span>
     <span class='ocr_line' id='line_1_26' title="bbox 182 2935 1012 3017; baseline 0.005 -20"><span class='ocrx_word' id='word_1_210' title='bbox 182 2935 315 2998; x_wconf 91' lang='lat' dir='ltr'>dictino</span> <span class='ocrx_word' id='word_1_211' title='bbox 335 2945 459 3017; x_wconf 90' lang='lat' dir='ltr'>utpote</span> <span class='ocrx_word' id='word_1_212' title='bbox 477 2940 523 2998; x_wconf 92' lang='lat' dir='ltr'>ab</span> <span class='ocrx_word' id='word_1_213' title='bbox 540 2937 762 3001; x_wconf 89' lang='lat' dir='ltr'>incunabulis</span> <span class='ocrx_word' id='word_1_214' title='bbox 775 2939 848 3000; x_wconf 91' lang='lat' dir='ltr'>suis</span> <span class='ocrx_word' id='word_1_215' title='bbox 860 2941 905 3001; x_wconf 90' lang='lat' dir='ltr'>ab</span> <span class='ocrx_word' id='word_1_216' title='bbox 919 2940 1012 3002; x_wconf 90' lang='lat' dir='ltr'>omni</span> 
     </span>
     <span class='ocr_line' id='line_1_27' title="bbox 181 3056 1013 3144; baseline 0.008 -25"><span class='ocrx_word' id='word_1_217' title='bbox 181 3056 300 3120; x_wconf 91' lang='lat' dir='ltr'>fallaci</span> <span class='ocrx_word' id='word_1_218' title='bbox 311 3058 506 3121; x_wconf 91' lang='lat' dir='ltr'>intentione</span> <span class='ocrx_word' id='word_1_219' title='bbox 525 3070 561 3123; x_wconf 94' lang='lat' dir='ltr'>et</span> <span class='ocrx_word' id='word_1_220' title='bbox 575 3061 791 3141; x_wconf 89' lang='lat' dir='ltr'>sophismate</span> <span class='ocrx_word' id='word_1_221' title='bbox 800 3062 925 3144; x_wconf 90' lang='lat' dir='ltr'>alien0,</span> <span class='ocrx_word' id='word_1_222' title='bbox 936 3083 1013 3126; x_wconf 90' lang='lat' dir='ltr'>eru-</span> 
     </span>
     <span class='ocr_line' id='line_1_28' title="bbox 184 3181 1013 3268; baseline 0.005 -25"><span class='ocrx_word' id='word_1_223' title='bbox 184 3181 316 3244; x_wconf 90' lang='lat' dir='ltr'>ditione</span> <span class='ocrx_word' id='word_1_224' title='bbox 334 3192 370 3244; x_wconf 93' lang='lat' dir='ltr'>et</span> <span class='ocrx_word' id='word_1_225' title='bbox 389 3182 571 3245; x_wconf 89' lang='lat' dir='ltr'>laboribus</span> <span class='ocrx_word' id='word_1_226' title='bbox 593 3183 797 3264; x_wconf 91' lang='lat' dir='ltr'>apostolicis</span> <span class='ocrx_word' id='word_1_227' title='bbox 811 3185 1013 3268; x_wconf 92' lang='lat' dir='ltr'>conspicuo,</span> 
     </span>
     <span class='ocr_line' id='line_1_29' title="bbox 182 3303 1013 3385; baseline 0.006 -20"><span class='ocrx_word' id='word_1_228' title='bbox 182 3303 314 3385; x_wconf 92' lang='lat' dir='ltr'>primas</span> <span class='ocrx_word' id='word_1_229' title='bbox 331 3305 468 3368; x_wconf 91' lang='lat' dir='ltr'>detulit.</span> <span class='ocrx_word' id='word_1_230' title='bbox 492 3305 750 3368; x_wconf 90' lang='lat' dir='ltr'>Deficientibus</span> <span class='ocrx_word' id='word_1_231' title='bbox 771 3318 889 3369; x_wconf 90' lang='lat' dir='ltr'>autem</span> <span class='ocrx_word' id='word_1_232' title='bbox 906 3310 1013 3370; x_wconf 93' lang='lat' dir='ltr'>bene·</span> 
     </span>
     <span class='ocr_line' id='line_1_30' title="bbox 181 3426 1011 3512; baseline 0.006 -26"><span class='ocrx_word' id='word_1_233' title='bbox 181 3426 323 3488; x_wconf 86' lang='lat' dir='ltr'>dictinis</span> <span class='ocrx_word' id='word_1_234' title='bbox 351 3427 543 3507; x_wconf 89' lang='lat' dir='ltr'>Bavariae,</span> <span class='ocrx_word' id='word_1_235' title='bbox 571 3430 616 3490; x_wconf 93' lang='lat' dir='ltr'>ad</span> <span class='ocrx_word' id='word_1_236' title='bbox 644 3428 859 3491; x_wconf 89' lang='lat' dir='ltr'>monasteria</span> <span class='ocrx_word' id='word_1_237' title='bbox 887 3429 1011 3512; x_wconf 88' lang='lat' dir='ltr'>aliena,</span> 
     </span>
     <span class='ocr_line' id='line_1_31' title="bbox 184 3549 1012 3632; baseline 0.007 -24"><span class='ocrx_word' id='word_1_238' title='bbox 184 3549 393 3627; x_wconf 90' lang='lat' dir='ltr'>praesertim</span> <span class='ocrx_word' id='word_1_239' title='bbox 415 3549 618 3632; x_wconf 86' lang='lat' dir='ltr'>Austriaca,</span> <span class='ocrx_word' id='word_1_240' title='bbox 644 3551 703 3614; x_wconf 92' lang='lat' dir='ltr'>ubi</span> <span class='ocrx_word' id='word_1_241' title='bbox 728 3551 802 3613; x_wconf 89' lang='lat' dir='ltr'>fere</span> <span class='ocrx_word' id='word_1_242' title='bbox 827 3552 943 3613; x_wconf 89' lang='lat' dir='ltr'>omnia</span> <span class='ocrx_word' id='word_1_243' title='bbox 966 3555 1012 3614; x_wconf 95' lang='lat' dir='ltr'>ab</span> 
     </span>
     <span class='ocr_line' id='line_1_32' title="bbox 182 3654 1012 3756; baseline 0.006 -25"><span class='ocrx_word' id='word_1_244' title='bbox 182 3654 374 3732; x_wconf 90' lang='lat' dir='ltr'>abolitione</span> <span class='ocrx_word' id='word_1_245' title='bbox 406 3671 595 3753; x_wconf 89' lang='lat' dir='ltr'>Iosephina</span> <span class='ocrx_word' id='word_1_246' title='bbox 633 3673 767 3736; x_wconf 89' lang='lat' dir='ltr'>intacta</span> <span class='ocrx_word' id='word_1_247' title='bbox 801 3693 1012 3756; x_wconf 87' lang='lat' dir='ltr'>remansere,</span> 
     </span>
     <span class='ocr_line' id='line_1_33' title="bbox 182 3793 1013 3873; baseline 0.005 -20"><span class='ocrx_word' id='word_1_248' title='bbox 182 3812 246 3873; x_wconf 92' lang='lat' dir='ltr'>pro</span> <span class='ocrx_word' id='word_1_249' title='bbox 275 3793 434 3855; x_wconf 91' lang='lat' dir='ltr'>subsidio</span> <span class='ocrx_word' id='word_1_250' title='bbox 462 3795 697 3858; x_wconf 89' lang='lat' dir='ltr'>convolatum.</span> <span class='ocrx_word' id='word_1_251' title='bbox 736 3795 814 3858; x_wconf 90' lang='lat' dir='ltr'>Hac</span> <span class='ocrx_word' id='word_1_252' title='bbox 842 3795 877 3857; x_wconf 92' lang='lat' dir='ltr'>in</span> <span class='ocrx_word' id='word_1_253' title='bbox 905 3816 1013 3858; x_wconf 89' lang='lat' dir='ltr'>causa</span> 
     </span>
     <span class='ocr_line' id='line_1_34' title="bbox 151 3916 1012 3999; baseline 0.002 -22"><span class='ocrx_word' id='word_1_254' title='bbox 151 3952 155 3961; x_wconf 92' lang='lat'><em>·</em></span> <span class='ocrx_word' id='word_1_255' title='bbox 184 3924 220 3977; x_wconf 91' lang='lat' dir='ltr'>et</span> <span class='ocrx_word' id='word_1_256' title='bbox 245 3917 289 3977; x_wconf 94' lang='lat' dir='ltr'>ad</span> <span class='ocrx_word' id='word_1_257' title='bbox 317 3918 487 3978; x_wconf 89' lang='lat' dir='ltr'>abbatem</span> <span class='ocrx_word' id='word_1_258' title='bbox 512 3916 810 3999; x_wconf 91' lang='lat' dir='ltr'>Raigradiensem</span> <span class='ocrx_word' id='word_1_259' title='bbox 830 3917 1012 3980; x_wconf 86' lang='lat' dir='ltr'>Victorem</span> 
     </span>
     <span class='ocr_line' id='line_1_35' title="bbox 184 4037 1011 4121; baseline 0.001 -21"><span class='ocrx_word' id='word_1_260' title='bbox 184 4037 371 4101; x_wconf 88' lang='lat' dir='ltr'>Schlossar</span> <span class='ocrx_word' id='word_1_261' title='bbox 382 4048 622 4121; x_wconf 88' lang='lat' dir='ltr'>pervenerunt</span> <span class='ocrx_word' id='word_1_262' title='bbox 634 4040 773 4102; x_wconf 87' lang='lat' dir='ltr'>litterae</span> <span class='ocrx_word' id='word_1_263' title='bbox 786 4040 928 4102; x_wconf 89' lang='lat' dir='ltr'>abbatis</span> <span class='ocrx_word' id='word_1_264' title='bbox 940 4059 1011 4101; x_wconf 94' lang='lat' dir='ltr'>mo-</span> 
     </span>
     <span class='ocr_line' id='line_1_36' title="bbox 184 4161 1012 4245; baseline 0 -22"><span class='ocrx_word' id='word_1_265' title='bbox 184 4162 330 4224; x_wconf 91' lang='lat' dir='ltr'>nasterii</span> <span class='ocrx_word' id='word_1_266' title='bbox 352 4162 459 4224; x_wconf 93' lang='lat' dir='ltr'>erecti</span> <span class='ocrx_word' id='word_1_267' title='bbox 476 4164 665 4245; x_wconf 91' lang='lat' dir='ltr'>Augustae</span> <span class='ocrx_word' id='word_1_268' title='bbox 681 4161 946 4224; x_wconf 91' lang='lat' dir='ltr'>Vindelicorum</span> <span class='ocrx_word' id='word_1_269' title='bbox 968 4162 1012 4223; x_wconf 93' lang='lat' dir='ltr'>de</span> 
     </span>
     <span class='ocr_line' id='line_1_37' title="bbox 183 4284 1011 4364; baseline -0.002 -17"><span class='ocrx_word' id='word_1_270' title='bbox 183 4287 267 4349; x_wconf 89' lang='lat' dir='ltr'>dato</span> <span class='ocrx_word' id='word_1_271' title='bbox 281 4285 441 4348; x_wconf 91' lang='lat' dir='ltr'>18.Febr.</span> <span class='ocrx_word' id='word_1_272' title='bbox 456 4289 535 4348; x_wconf 79' lang='lat'>1835</span> <span class='ocrx_word' id='word_1_273' title='bbox 550 4295 741 4348; x_wconf 83' lang='lat' dir='ltr'>exorantes</span> <span class='ocrx_word' id='word_1_274' title='bbox 749 4284 1011 4364; x_wconf 90' lang='lat' dir='ltr'>humanissime,</span> 
     </span>
     <span class='ocr_line' id='line_1_38' title="bbox 183 4407 1012 4489; baseline -0.004 -18"><span class='ocrx_word' id='word_1_275' title='bbox 183 4418 222 4471; x_wconf 92' lang='lat' dir='ltr'>ut</span> <span class='ocrx_word' id='word_1_276' title='bbox 238 4427 326 4489; x_wconf 93' lang='lat' dir='ltr'>quos</span> <span class='ocrx_word' id='word_1_277' title='bbox 343 4418 477 4489; x_wconf 86' lang='lat' dir='ltr'>posset,</span> <span class='ocrx_word' id='word_1_278' title='bbox 502 4407 744 4470; x_wconf 91' lang='lat' dir='ltr'>subministret</span> <span class='ocrx_word' id='word_1_279' title='bbox 765 4407 800 4468; x_wconf 94' lang='lat' dir='ltr'>in</span> <span class='ocrx_word' id='word_1_280' title='bbox 817 4407 1012 4469; x_wconf 91' lang='lat' dir='ltr'>subsidium</span> 
     </span>
     <span class='ocr_line' id='line_1_39' title="bbox 183 4528 1012 4612; baseline -0.004 -19"><span class='ocrx_word' id='word_1_281' title='bbox 183 4541 466 4612; x_wconf 88' lang='lat' dir='ltr'>temporaneum,</span> <span class='ocrx_word' id='word_1_282' title='bbox 491 4530 585 4592; x_wconf 93' lang='lat' dir='ltr'>viros</span> <span class='ocrx_word' id='word_1_283' title='bbox 610 4532 748 4609; x_wconf 89' lang='lat' dir='ltr'>doctos,</span> <span class='ocrx_word' id='word_1_284' title='bbox 773 4528 851 4611; x_wconf 88' lang='lat' dir='ltr'>pios</span> <span class='ocrx_word' id='word_1_285' title='bbox 875 4539 910 4590; x_wconf 90' lang='lat' dir='ltr'>et</span> <span class='ocrx_word' id='word_1_286' title='bbox 933 4529 1012 4590; x_wconf 92' lang='lat' dir='ltr'>reli·</span> 
     </span>
     <span class='ocr_line' id='line_1_40' title="bbox 184 4653 1012 4737; baseline -0.002 -21"><span class='ocrx_word' id='word_1_287' title='bbox 184 4654 305 4737; x_wconf 91' lang='lat' dir='ltr'>giosos</span> <span class='ocrx_word' id='word_1_288' title='bbox 328 4653 533 4717; x_wconf 88' lang='lat' dir='ltr'>monasterii</span> <span class='ocrx_word' id='word_1_289' title='bbox 557 4653 678 4716; x_wconf 91' lang='lat' dir='ltr'>nostri.</span> <span class='ocrx_word' id='word_1_290' title='bbox 710 4653 844 4715; x_wconf 88' lang='lat' dir='ltr'>Eodem</span> <span class='ocrx_word' id='word_1_291' title='bbox 871 4671 1012 4734; x_wconf 92' lang='lat' dir='ltr'>quoque</span> 
     </span>
     <span class='ocr_line' id='line_1_41' title="bbox 183 4773 1012 4857; baseline -0.002 -19"><span class='ocrx_word' id='word_1_292' title='bbox 183 4785 306 4849; x_wconf 91' lang='lat' dir='ltr'>tenore</span> <span class='ocrx_word' id='word_1_293' title='bbox 334 4777 512 4838; x_wconf 92' lang='lat' dir='ltr'>advenere</span> <span class='ocrx_word' id='word_1_294' title='bbox 540 4776 679 4839; x_wconf 88' lang='lat' dir='ltr'>litterae</span> <span class='ocrx_word' id='word_1_295' title='bbox 706 4796 772 4856; x_wconf 91' lang='lat' dir='ltr'>per</span> <span class='ocrx_word' id='word_1_296' title='bbox 796 4773 1012 4857; x_wconf 90' lang='lat' dir='ltr'>praesidium</span> 
     </span>
     <span class='ocr_line' id='line_1_42' title="bbox 184 4896 1012 4979; baseline 0 -21"><span class='ocrx_word' id='word_1_297' title='bbox 184 4897 347 4979; x_wconf 91' lang='lat' dir='ltr'>gubernii</span> <span class='ocrx_word' id='word_1_298' title='bbox 376 4896 601 4961; x_wconf 89' lang='lat' dir='ltr'>notificantes</span> <span class='ocrx_word' id='word_1_299' title='bbox 630 4900 822 4961; x_wconf 89' lang='lat' dir='ltr'>adsensum</span> <span class='ocrx_word' id='word_1_300' title='bbox 845 4907 881 4959; x_wconf 93' lang='lat' dir='ltr'>et</span> <span class='ocrx_word' id='word_1_301' title='bbox 905 4898 1012 4959; x_wconf 90' lang='lat' dir='ltr'>bene-</span> 
     </span>
    </p>
   </div>
   <div class='ocr_carea' id='block_1_11' title="bbox 1091 2809 1923 4977">
    <p class='ocr_par' dir='ltr' id='par_1_11' title="bbox 1091 2809 1923 4977">
     <span class='ocr_line' id='line_1_43' title="bbox 1092 2809 1921 2891; baseline 0.017 -23"><span class='ocrx_word' id='word_1_302' title='bbox 1092 2809 1198 2869; x_wconf 90' lang='lat' dir='ltr'>archa</span> <span class='ocrx_word' id='word_1_303' title='bbox 1219 2809 1258 2869; x_wconf 88' lang='lat' dir='ltr'>in</span> <span class='ocrx_word' id='word_1_304' title='bbox 1277 2811 1470 2891; x_wconf 89' lang='lat' dir='ltr'>superioris</span> <span class='ocrx_word' id='word_1_305' title='bbox 1486 2813 1642 2875; x_wconf 88' lang='lat' dir='ltr'>Danubii</span> <span class='ocrx_word' id='word_1_306' title='bbox 1663 2815 1792 2878; x_wconf 89' lang='lat' dir='ltr'>circulo</span> <span class='ocrx_word' id='word_1_307' title='bbox 1814 2819 1921 2882; x_wconf 91' lang='lat' dir='ltr'>deno·</span> 
     </span>
     <span class='ocr_line' id='line_1_44' title="bbox 1093 2931 1920 3004; baseline 0.016 -13"><span class='ocrx_word' id='word_1_308' title='bbox 1093 2931 1244 2993; x_wconf 89' lang='lat' dir='ltr'>minatus</span> <span class='ocrx_word' id='word_1_309' title='bbox 1261 2941 1324 2993; x_wconf 89' lang='lat' dir='ltr'>est.</span> <span class='ocrx_word' id='word_1_310' title='bbox 1349 2933 1468 2995; x_wconf 89' lang='lat' dir='ltr'>Primo</span> <span class='ocrx_word' id='word_1_311' title='bbox 1484 2954 1576 2996; x_wconf 91' lang='lat' dir='ltr'>anno</span> <span class='ocrx_word' id='word_1_312' title='bbox 1592 2938 1805 3001; x_wconf 91' lang='lat' dir='ltr'>scholastico</span> <span class='ocrx_word' id='word_1_313' title='bbox 1820 2939 1920 3004; x_wconf 91' lang='lat' dir='ltr'>finito</span> 
     </span>
     <span class='ocr_line' id='line_1_45' title="bbox 1092 3054 1921 3135; baseline 0.012 -19"><span class='ocrx_word' id='word_1_314' title='bbox 1092 3064 1252 3135; x_wconf 91' lang='lat' dir='ltr'>tempore</span> <span class='ocrx_word' id='word_1_315' title='bbox 1265 3054 1431 3117; x_wconf 84' lang='lat' dir='ltr'>feriarum</span> <span class='ocrx_word' id='word_1_316' title='bbox 1443 3059 1696 3121; x_wconf 89' lang='lat' dir='ltr'>autumnalium</span> <span class='ocrx_word' id='word_1_317' title='bbox 1713 3064 1793 3122; x_wconf 76' lang='lat'>1830</span> <span class='ocrx_word' id='word_1_318' title='bbox 1807 3063 1921 3125; x_wconf 90' lang='lat' dir='ltr'>Bene·</span> 
     </span>
     <span class='ocr_line' id='line_1_46' title="bbox 1094 3177 1922 3262; baseline 0.01 -24"><span class='ocrx_word' id='word_1_319' title='bbox 1094 3177 1209 3239; x_wconf 90' lang='lat' dir='ltr'>dictus</span> <span class='ocrx_word' id='word_1_320' title='bbox 1227 3178 1433 3260; x_wconf 90' lang='lat' dir='ltr'>peragravit</span> <span class='ocrx_word' id='word_1_321' title='bbox 1448 3179 1660 3262; x_wconf 89' lang='lat' dir='ltr'>Helvetiam,</span> <span class='ocrx_word' id='word_1_322' title='bbox 1682 3194 1821 3262; x_wconf 87' lang='lat' dir='ltr'>partem</span> <span class='ocrx_word' id='word_1_323' title='bbox 1840 3183 1922 3248; x_wconf 87' lang='lat' dir='ltr'>Gal·</span> 
     </span>
     <span class='ocr_line' id='line_1_47' title="bbox 1093 3299 1922 3381; baseline 0.013 -21"><span class='ocrx_word' id='word_1_324' title='bbox 1093 3299 1174 3380; x_wconf 86' lang='lat' dir='ltr'>liae,</span> <span class='ocrx_word' id='word_1_325' title='bbox 1192 3300 1272 3362; x_wconf 91' lang='lat' dir='ltr'>dein</span> <span class='ocrx_word' id='word_1_326' title='bbox 1289 3300 1438 3379; x_wconf 82' lang='lat' dir='ltr'>Italiam,</span> <span class='ocrx_word' id='word_1_327' title='bbox 1454 3302 1553 3365; x_wconf 90' lang='lat' dir='ltr'>venit</span> <span class='ocrx_word' id='word_1_328' title='bbox 1568 3303 1725 3366; x_wconf 86' lang='lat' dir='ltr'>Romam·</span> <span class='ocrx_word' id='word_1_329' title='bbox 1738 3316 1774 3368; x_wconf 92' lang='lat' dir='ltr'>et</span> <span class='ocrx_word' id='word_1_330' title='bbox 1791 3308 1922 3381; x_wconf 79' lang='lat' dir='ltr'>saluta·</span> 
     </span>
     <span class='ocr_line' id='line_1_48' title="bbox 1092 3420 1922 3492; baseline 0.012 -10"><span class='ocrx_word' id='word_1_331' title='bbox 1092 3420 1144 3483; x_wconf 90' lang='lat' dir='ltr'>vit</span> <span class='ocrx_word' id='word_1_332' title='bbox 1174 3422 1387 3484; x_wconf 87' lang='lat' dir='ltr'>incunabula</span> <span class='ocrx_word' id='word_1_333' title='bbox 1418 3424 1549 3486; x_wconf 91' lang='lat' dir='ltr'>ordinis</span> <span class='ocrx_word' id='word_1_334' title='bbox 1581 3426 1692 3487; x_wconf 90' lang='lat' dir='ltr'>nostri</span> <span class='ocrx_word' id='word_1_335' title='bbox 1719 3427 1754 3488; x_wconf 94' lang='lat' dir='ltr'>in</span> <span class='ocrx_word' id='word_1_336' title='bbox 1783 3428 1922 3492; x_wconf 91' lang='lat' dir='ltr'>Monte·</span> 
     </span>
     <span class='ocr_line' id='line_1_49' title="bbox 1093 3542 1921 3629; baseline 0.011 -24"><span class='ocrx_word' id='word_1_337' title='bbox 1093 3542 1251 3607; x_wconf 89' lang='lat' dir='ltr'>Cassino.</span> <span class='ocrx_word' id='word_1_338' title='bbox 1292 3544 1460 3609; x_wconf 87' lang='lat' dir='ltr'>Similiter</span> <span class='ocrx_word' id='word_1_339' title='bbox 1491 3558 1526 3610; x_wconf 91' lang='lat' dir='ltr'>et</span> <span class='ocrx_word' id='word_1_340' title='bbox 1557 3549 1790 3629; x_wconf 89' lang='lat' dir='ltr'>sequentibus</span> <span class='ocrx_word' id='word_1_341' title='bbox 1826 3550 1921 3614; x_wconf 87' lang='lat' dir='ltr'>feriis</span> 
     </span>
     <span class='ocr_line' id='line_1_50' title="bbox 1092 3667 1922 3753; baseline 0.01 -25"><span class='ocrx_word' id='word_1_342' title='bbox 1092 3668 1298 3750; x_wconf 89' lang='lat' dir='ltr'>peragravit</span> <span class='ocrx_word' id='word_1_343' title='bbox 1310 3667 1536 3732; x_wconf 86' lang='lat' dir='ltr'>Germaniam</span> <span class='ocrx_word' id='word_1_344' title='bbox 1550 3681 1585 3732; x_wconf 91' lang='lat' dir='ltr'>et</span> <span class='ocrx_word' id='word_1_345' title='bbox 1598 3671 1777 3753; x_wconf 89' lang='lat' dir='ltr'>Angliam.</span> <span class='ocrx_word' id='word_1_346' title='bbox 1794 3673 1922 3736; x_wconf 89' lang='lat' dir='ltr'>Lassa·</span> 
     </span>
     <span class='ocr_line' id='line_1_51' title="bbox 1092 3792 1922 3874; baseline 0.01 -23"><span class='ocrx_word' id='word_1_347' title='bbox 1092 3799 1149 3852; x_wconf 91' lang='lat' dir='ltr'>tus</span> <span class='ocrx_word' id='word_1_348' title='bbox 1173 3792 1317 3853; x_wconf 90' lang='lat' dir='ltr'>tandem</span> <span class='ocrx_word' id='word_1_349' title='bbox 1342 3792 1473 3872; x_wconf 93' lang='lat' dir='ltr'>duplici</span> <span class='ocrx_word' id='word_1_350' title='bbox 1498 3812 1605 3855; x_wconf 92' lang='lat' dir='ltr'>onere</span> <span class='ocrx_word' id='word_1_351' title='bbox 1630 3793 1858 3874; x_wconf 88' lang='lat' dir='ltr'>professurae</span> <span class='ocrx_word' id='word_1_352' title='bbox 1886 3806 1922 3859; x_wconf 90' lang='lat' dir='ltr'>et</span> 
     </span>
     <span class='ocr_line' id='line_1_52' title="bbox 1091 3915 1922 3980; baseline 0.007 -6"><span class='ocrx_word' id='word_1_353' title='bbox 1091 3922 1290 3976; x_wconf 90' lang='lat' dir='ltr'>rectoratus</span> <span class='ocrx_word' id='word_1_354' title='bbox 1307 3934 1348 3975; x_wconf 91' lang='lat' dir='ltr'>ac</span> <span class='ocrx_word' id='word_1_355' title='bbox 1366 3915 1516 3977; x_wconf 91' lang='lat' dir='ltr'>diversis</span> <span class='ocrx_word' id='word_1_356' title='bbox 1537 3915 1671 3978; x_wconf 90' lang='lat' dir='ltr'>iniuriis</span> <span class='ocrx_word' id='word_1_357' title='bbox 1696 3925 1731 3978; x_wconf 94' lang='lat' dir='ltr'>et</span> <span class='ocrx_word' id='word_1_358' title='bbox 1751 3918 1922 3980; x_wconf 88' lang='lat' dir='ltr'>molestiis</span> 
     </span>
     <span class='ocr_line' id='line_1_53' title="bbox 1092 4036 1923 4123; baseline 0.006 -25"><span class='ocrx_word' id='word_1_359' title='bbox 1092 4055 1236 4117; x_wconf 90' lang='lat' dir='ltr'>pressus</span> <span class='ocrx_word' id='word_1_360' title='bbox 1257 4036 1326 4097; x_wconf 94' lang='lat' dir='ltr'>iam</span> <span class='ocrx_word' id='word_1_361' title='bbox 1348 4041 1427 4115; x_wconf 81' lang='lat'>1839</span> <span class='ocrx_word' id='word_1_362' title='bbox 1445 4038 1557 4099; x_wconf 93' lang='lat' dir='ltr'>voluit</span> <span class='ocrx_word' id='word_1_363' title='bbox 1573 4039 1773 4101; x_wconf 88' lang='lat' dir='ltr'>valedicere</span> <span class='ocrx_word' id='word_1_364' title='bbox 1796 4050 1923 4123; x_wconf 91' lang='lat' dir='ltr'>etqua</span> 
     </span>
     <span class='ocr_line' id='line_1_54' title="bbox 1092 4158 1923 4243; baseline 0.007 -23"><span class='ocrx_word' id='word_1_365' title='bbox 1092 4158 1334 4221; x_wconf 89' lang='lat' dir='ltr'>missionarius</span> <span class='ocrx_word' id='word_1_366' title='bbox 1347 4160 1381 4221; x_wconf 95' lang='lat' dir='ltr'>in</span> <span class='ocrx_word' id='word_1_367' title='bbox 1391 4161 1593 4223; x_wconf 90' lang='lat' dir='ltr'>Americam</span> <span class='ocrx_word' id='word_1_368' title='bbox 1606 4163 1923 4243; x_wconf 90' lang='lat' dir='ltr'>septentrionalem</span> 
     </span>
     <span class='ocr_line' id='line_1_55' title="bbox 1092 4281 1922 4365; baseline 0.006 -22"><span class='ocrx_word' id='word_1_369' title='bbox 1092 4281 1286 4344; x_wconf 89' lang='lat' dir='ltr'>discedere.</span> <span class='ocrx_word' id='word_1_370' title='bbox 1315 4282 1494 4345; x_wconf 91' lang='lat' dir='ltr'>Dissuasit</span> <span class='ocrx_word' id='word_1_371' title='bbox 1510 4285 1632 4364; x_wconf 92' lang='lat' dir='ltr'>abbas,</span> <span class='ocrx_word' id='word_1_372' title='bbox 1656 4284 1838 4365; x_wconf 87' lang='lat' dir='ltr'>acquievit</span> <span class='ocrx_word' id='word_1_373' title='bbox 1854 4285 1922 4348; x_wconf 90' lang='lat' dir='ltr'>Be·</span> 
     </span>
     <span class='ocr_line' id='line_1_56' title="bbox 1092 4404 1922 4487; baseline 0.001 -20"><span class='ocrx_word' id='word_1_374' title='bbox 1092 4405 1254 4468; x_wconf 92' lang='lat' dir='ltr'>nedictus</span> <span class='ocrx_word' id='word_1_375' title='bbox 1282 4415 1318 4467; x_wconf 95' lang='lat' dir='ltr'>et</span> <span class='ocrx_word' id='word_1_376' title='bbox 1345 4406 1474 4467; x_wconf 90' lang='lat' dir='ltr'>mansit</span> <span class='ocrx_word' id='word_1_377' title='bbox 1501 4425 1612 4487; x_wconf 93' lang='lat' dir='ltr'>usque</span> <span class='ocrx_word' id='word_1_378' title='bbox 1638 4407 1683 4467; x_wconf 90' lang='lat' dir='ltr'>ad</span> <span class='ocrx_word' id='word_1_379' title='bbox 1707 4404 1813 4468; x_wconf 90' lang='lat' dir='ltr'>finem</span> <span class='ocrx_word' id='word_1_380' title='bbox 1839 4407 1922 4470; x_wconf 89' lang='lat' dir='ltr'>anni</span> 
     </span>
     <span class='ocr_line' id='line_1_57' title="bbox 1093 4526 1922 4611; baseline 0.004 -23"><span class='ocrx_word' id='word_1_381' title='bbox 1093 4526 1296 4589; x_wconf 90' lang='lat' dir='ltr'>scholastici</span> <span class='ocrx_word' id='word_1_382' title='bbox 1328 4532 1402 4605; x_wconf 84' lang='lat'>1841</span> <span class='ocrx_word' id='word_1_383' title='bbox 1433 4528 1621 4609; x_wconf 89' lang='lat' dir='ltr'>Augustae</span> <span class='ocrx_word' id='word_1_384' title='bbox 1646 4527 1922 4611; x_wconf 89' lang='lat' dir='ltr'>Vindelicorum,</span> 
     </span>
     <span class='ocr_line' id='line_1_58' title="bbox 1092 4650 1923 4731; baseline 0.002 -19"><span class='ocrx_word' id='word_1_385' title='bbox 1092 4651 1185 4712; x_wconf 92' lang='lat' dir='ltr'>unde</span> <span class='ocrx_word' id='word_1_386' title='bbox 1199 4650 1363 4730; x_wconf 90' lang='lat' dir='ltr'>deposito</span> <span class='ocrx_word' id='word_1_387' title='bbox 1376 4670 1530 4731; x_wconf 91' lang='lat' dir='ltr'>munere,</span> <span class='ocrx_word' id='word_1_388' title='bbox 1543 4653 1588 4712; x_wconf 91' lang='lat' dir='ltr'>ad</span> <span class='ocrx_word' id='word_1_389' title='bbox 1602 4651 1754 4731; x_wconf 91' lang='lat' dir='ltr'>patriam</span> <span class='ocrx_word' id='word_1_390' title='bbox 1766 4670 1868 4714; x_wconf 91' lang='lat' dir='ltr'>suam</span> <span class='ocrx_word' id='word_1_391' title='bbox 1879 4689 1923 4697; x_wconf 90' lang='lat'><em>-</em></span> 
     </span>
     <span class='ocr_line' id='line_1_59' title="bbox 1091 4772 1922 4856; baseline 0.004 -22"><span class='ocrx_word' id='word_1_392' title='bbox 1091 4774 1185 4835; x_wconf 90' lang='lat' dir='ltr'>haud</span> <span class='ocrx_word' id='word_1_393' title='bbox 1210 4772 1386 4855; x_wconf 89' lang='lat' dir='ltr'>ingratam</span> <span class='ocrx_word' id='word_1_394' title='bbox 1413 4810 1455 4817; x_wconf 92' lang='lat'><em>—</em></span> <span class='ocrx_word' id='word_1_395' title='bbox 1482 4772 1702 4853; x_wconf 88' lang='lat' dir='ltr'>properavit;</span> <span class='ocrx_word' id='word_1_396' title='bbox 1731 4773 1922 4856; x_wconf 87' lang='lat' dir='ltr'>insignitus</span> 
     </span>
     <span class='ocr_line' id='line_1_60' title="bbox 1093 4894 1920 4977; baseline 0.001 -19"><span class='ocrx_word' id='word_1_397' title='bbox 1093 4895 1215 4958; x_wconf 91' lang='lat' dir='ltr'>ordine</span> <span class='ocrx_word' id='word_1_398' title='bbox 1232 4897 1276 4957; x_wconf 90' lang='lat' dir='ltr'>de</span> <span class='ocrx_word' id='word_1_399' title='bbox 1293 4895 1426 4957; x_wconf 92' lang='lat' dir='ltr'>meritis</span> <span class='ocrx_word' id='word_1_400' title='bbox 1443 4894 1605 4958; x_wconf 90' lang='lat' dir='ltr'>civilibus</span> <span class='ocrx_word' id='word_1_401' title='bbox 1618 4896 1720 4977; x_wconf 89' lang='lat' dir='ltr'>regni</span> <span class='ocrx_word' id='word_1_402' title='bbox 1733 4895 1920 4959; x_wconf 80' lang='lat' dir='ltr'>Bavariae,</span> 
     </span>
    </p>
   </div>
   <div class='ocr_carea' id='block_1_12' title="bbox 138 5005 1921 5101">
    <p class='ocr_par' dir='ltr' id='par_1_12' title="bbox 138 5005 1921 5101">
     <span class='ocr_line' id='line_1_61' title="bbox 138 5005 1921 5101; baseline 0 -20"><span class='ocrx_word' id='word_1_403' title='bbox 138 5005 141 5011; x_wconf 41' lang='lat'><strong><em>¹</em></strong></span> <span class='ocrx_word' id='word_1_404' title='bbox 184 5019 354 5101; x_wconf 92' lang='lat' dir='ltr'>placitum</span> <span class='ocrx_word' id='word_1_405' title='bbox 382 5040 468 5083; x_wconf 91' lang='lat' dir='ltr'>suae</span> <span class='ocrx_word' id='word_1_406' title='bbox 495 5020 692 5083; x_wconf 86' lang='lat' dir='ltr'>maiestatis</span> <span class='ocrx_word' id='word_1_407' title='bbox 719 5019 900 5082; x_wconf 88' lang='lat' dir='ltr'>Francisci</span> <span class='ocrx_word' id='word_1_408' title='bbox 922 5019 948 5081; x_wconf 92' lang='lat' dir='ltr'>I.</span> <span class='ocrx_word' id='word_1_409' title='bbox 977 5028 1013 5081; x_wconf 93' lang='lat' dir='ltr'>et</span> <span class='ocrx_word' id='word_1_410' title='bbox 1092 5017 1280 5080; x_wconf 91' lang='lat' dir='ltr'>Desiderio</span> <span class='ocrx_word' id='word_1_411' title='bbox 1293 5028 1396 5080; x_wconf 84' lang='lat' dir='ltr'>extra</span> <span class='ocrx_word' id='word_1_412' title='bbox 1406 5017 1657 5080; x_wconf 90' lang='lat' dir='ltr'>monasterium</span> <span class='ocrx_word' id='word_1_413' title='bbox 1670 5018 1790 5098; x_wconf 89' lang='lat' dir='ltr'>aliquo</span> <span class='ocrx_word' id='word_1_414' title='bbox 1803 5016 1921 5081; x_wconf 85' lang='lat' dir='ltr'>officio</span> 
     </span>
    </p>
   </div>
   <div class='ocr_carea' id='block_1_13' title="bbox 184 5094 1920 5226">
    <p class='ocr_par' dir='ltr' id='par_1_13' title="bbox 184 5094 1920 5226">
     <span class='ocr_line' id='line_1_62' title="bbox 184 5094 1920 5226; baseline -0.001 -21"><span class='ocrx_word' id='word_1_415' title='bbox 184 5144 297 5205; x_wconf 90' lang='lat' dir='ltr'>serius</span> <span class='ocrx_word' id='word_1_416' title='bbox 329 5162 470 5226; x_wconf 92' lang='lat' dir='ltr'>quoque</span> <span class='ocrx_word' id='word_1_417' title='bbox 501 5142 718 5205; x_wconf 86' lang='lat' dir='ltr'>Ferdinandi</span> <span class='ocrx_word' id='word_1_418' title='bbox 745 5142 770 5205; x_wconf 94' lang='lat' dir='ltr'>I.</span> <span class='ocrx_word' id='word_1_419' title='bbox 804 5142 838 5204; x_wconf 94' lang='lat' dir='ltr'>in</span> <span class='ocrx_word' id='word_1_420' title='bbox 866 5141 1012 5204; x_wconf 87' lang='lat' dir='ltr'>ferendo</span> <span class='ocrx_word' id='word_1_421' title='bbox 1051 5094 1054 5200; x_wconf 79' lang='lat' dir='ltr'>i</span> <span class='ocrx_word' id='word_1_422' title='bbox 1093 5138 1162 5202; x_wconf 90' lang='lat' dir='ltr'>sibi</span> <span class='ocrx_word' id='word_1_423' title='bbox 1178 5159 1334 5221; x_wconf 92' lang='lat' dir='ltr'>congruo</span> <span class='ocrx_word' id='word_1_424' title='bbox 1352 5139 1570 5223; x_wconf 86' lang='lat' dir='ltr'>defungendi</span> <span class='ocrx_word' id='word_1_425' title='bbox 1582 5141 1710 5201; x_wconf 89' lang='lat' dir='ltr'>ductus</span> <span class='ocrx_word' id='word_1_426' title='bbox 1723 5141 1920 5222; x_wconf 90' lang='lat' dir='ltr'>supplicem</span> 
     </span>
    </p>
   </div>
   <div class='ocr_carea' id='block_1_14' title="bbox 184 5250 1921 5468">
    <p class='ocr_par' dir='ltr' id='par_1_14' title="bbox 184 5250 1921 5468">
     <span class='ocr_line' id='line_1_63' title="bbox 185 5250 1921 5347; baseline -0.002 -21"><span class='ocrx_word' id='word_1_427' title='bbox 185 5265 280 5327; x_wconf 91' lang='lat' dir='ltr'>dicto</span> <span class='ocrx_word' id='word_1_428' title='bbox 297 5265 483 5330; x_wconf 81' lang='lat' dir='ltr'>iuvamina.</span> <span class='ocrx_word' id='word_1_429' title='bbox 507 5266 607 5328; x_wconf 90' lang='lat' dir='ltr'>Haec</span> <span class='ocrx_word' id='word_1_430' title='bbox 624 5285 703 5328; x_wconf 92' lang='lat' dir='ltr'>cum</span> <span class='ocrx_word' id='word_1_431' title='bbox 723 5274 924 5347; x_wconf 90' lang='lat' dir='ltr'>agerentur,</span> <span class='ocrx_word' id='word_1_432' title='bbox 944 5264 1012 5327; x_wconf 92' lang='lat' dir='ltr'>Be·</span> <span class='ocrx_word' id='word_1_433' title='bbox 1093 5262 1253 5344; x_wconf 83' lang='lat' dir='ltr'>porrexit</span> <span class='ocrx_word' id='word_1_434' title='bbox 1268 5261 1424 5324; x_wconf 91' lang='lat' dir='ltr'>libellum</span> <span class='ocrx_word' id='word_1_435' title='bbox 1441 5281 1505 5342; x_wconf 92' lang='lat' dir='ltr'>pro</span> <span class='ocrx_word' id='word_1_436' title='bbox 1519 5250 1921 5343; x_wconf 69' lang='lat' dir='ltr'>acquirenda&#39;cathedra</span> 
     </span>
     <span class='ocr_line' id='line_1_64' title="bbox 184 5383 1921 5468; baseline -0.001 -20"><span class='ocrx_word' id='word_1_437' title='bbox 184 5386 347 5450; x_wconf 92' lang='lat' dir='ltr'>nedictus</span> <span class='ocrx_word' id='word_1_438' title='bbox 376 5387 528 5450; x_wconf 90' lang='lat' dir='ltr'>Richter</span> <span class='ocrx_word' id='word_1_439' title='bbox 560 5396 583 5451; x_wconf 92' lang='lat' dir='ltr'>t.</span> <span class='ocrx_word' id='word_1_440' title='bbox 611 5397 635 5451; x_wconf 92' lang='lat' dir='ltr'>t.</span> <span class='ocrx_word' id='word_1_441' title='bbox 663 5385 845 5468; x_wconf 87' lang='lat' dir='ltr'>professor</span> <span class='ocrx_word' id='word_1_442' title='bbox 871 5387 1011 5449; x_wconf 89' lang='lat' dir='ltr'>Brunae</span> <span class='ocrx_word' id='word_1_443' title='bbox 1092 5384 1273 5467; x_wconf 90' lang='lat' dir='ltr'>religionis</span> <span class='ocrx_word' id='word_1_444' title='bbox 1289 5385 1325 5447; x_wconf 92' lang='lat' dir='ltr'>in</span> <span class='ocrx_word' id='word_1_445' title='bbox 1339 5385 1442 5467; x_wconf 90' lang='lat' dir='ltr'>lyceo</span> <span class='ocrx_word' id='word_1_446' title='bbox 1454 5383 1641 5465; x_wconf 89' lang='lat' dir='ltr'>Linciensi,</span> <span class='ocrx_word' id='word_1_447' title='bbox 1658 5404 1764 5465; x_wconf 90' lang='lat' dir='ltr'>quam</span> <span class='ocrx_word' id='word_1_448' title='bbox 1779 5385 1921 5466; x_wconf 88' lang='lat' dir='ltr'>petitio·</span> 
     </span>
    </p>
   </div>
   <div class='ocr_carea' id='block_1_15' title="bbox 0 0 2094 6196">
    <p class='ocr_par' dir='ltr' id='par_1_15' title="bbox 0 0 2094 6196">
     <span class='ocr_line' id='line_1_65' title="bbox 0 0 2094 6196; baseline 0 0"><span class='ocrx_word' id='word_1_449' title='bbox 0 0 2094 6196; x_wconf 95' lang='lat' dir='ltr'> </span> 
     </span>
    </p>
   </div>
  </div>
 </body>
</html>
