4178 6196
862 421 1145 500 Ι--111-

129 637 272 699 1110111110
296 644 416 698 001010
440 636 607 718 morigeri
631 637 754 719 animi,
778 647 814 700 et
837 636 962 720 optimi

129 756 261 840 ingenii
279 777 358 820 cum
378 758 551 820 industria
568 759 747 823 coniuncti
767 759 961 842 specimina

130 881 238 962 dedit,
260 881 396 962 pietate
418 901 492 963 sua,
518 882 684 946 comitate
708 903 843 945 morum
866 883 960 945 aliis·

130 1023 197 1085 que
207 1002 407 1085 virtutibus,
417 1003 661 1085 superioribus
674 1015 710 1067 et
722 1004 959 1069 confratribus

130 1125 269 1188 omnino
286 1133 467 1207 acceptus,
490 1125 550 1207 qui
570 1146 738 1208 magnam
758 1128 839 1190 ideo
855 1130 899 1192 de
917 1149 959 1192 eo

128 1266 228 1329 spem
245 1247 505 1329 concipiebant,
528 1248 585 1311 cui
602 1250 803 1331 explendae
824 1250 872 1313 nil
893 1252 959 1314 nisi

128 1368 259 1432 firmior
273 1371 442 1432 valetudo
466 1370 588 1434 defuit.
613 1371 702 1435 Post
723 1383 959 1436 restauratum

128 1490 959 1578 conventumSan-Blasianum,recensadsump·

129 1613 174 1675 tis
197 1613 366 1676 fratribus
387 1615 591 1698 theologiae
614 1618 787 1700 magister
810 1619 959 1701 exstitit,

127 1738 276 1818 posthac
318 1738 517 1800 sacellanus
554 1740 856 1824 reverendissimi,
896 1743 959 1804 sed

126 1859 249 1941 phtysi
265 1869 507 1942 consumptus,
521 1881 600 1923 cum
614 1862 817 1925 omnimoda
826 1863 861 1926 in
871 1865 960 1927 divi-

126 2001 208 2044 nam
224 1983 443 2045 voluntatem
459 1984 710 2066 resignatione,
728 1986 784 2048 die
803 2005 852 2065 27.
871 1987 958 2069 Apr.

127 2106 210 2167 anni
228 2124 306 2184 1777
325 2105 484 2186 piissime
501 2106 599 2188 obiit,
620 2127 713 2170 anno
727 2106 856 2171 aetatis
870 2113 958 2191 37m0,

127 2248 258 2310 magno
275 2228 328 2290 sui
345 2230 441 2310 apud
457 2248 579 2291 omnes
594 2230 719 2293 relicto
736 2231 921 2294 desiderio.

213 2349 383 2432 Sequitur
399 2351 475 2413 eius
491 2352 783 2434 manuscriptum:

215 2477 349 2534 Diarium
360 2479 534 2534 monasterii
547 2497 572 2534 s.
582 2478 672 2534 Blasii
687 2491 864 2554 1775—77.
878 2480 958 2538 Con-

128 2583 202 2638 tinet
224 2578 264 2659 (in
289 2579 373 2661 10110)
396 2596 458 2639 200
479 2582 560 2639 10110.
584 2583 657 2640 ads.
683 2585 711 2639 in
735 2586 858 2640 archivo
882 2584 958 2641 San·

127 2687 260 2744 Paulano
277 2689 332 2744 No.
355 2685 424 2760 164.
470 2694 473 2699 '

214 2833 392 2907 Gairtner
414 2843 695 2909 Corbinianus
724 2848 756 2928 (a
779 2868 806 2910 s.
831 2849 958 2912 Petro

128 2962 392 3044 Salisburgi),
409 2962 605 3026 Tirolensis
622 2984 667 3026 ex
684 2962 831 3028 Schwaz
853 2976 958 3029 natus

134 3105 179 3163 14.
196 3085 271 3147 Iun.
290 3088 380 3166 1751,
398 3086 572 3147 absolutis
584 3085 698 3148 Halae
716 3096 752 3149 et
765 3087 957 3172 Oeniponti

128 3207 253 3269 studiis
275 3207 542 3270 humanioribus
564 3219 600 3270 et
620 3206 822 3294 Salisburgi
846 3212 958 3293 philo·

128 3329 300 3413 sophicis,
334 3330 586 3392 monasterium
619 3331 803 3413 ingressus
835 3355 956 3397 mense

129 3452 206 3517 Oct.
228 3460 318 3534 1709,
342 3453 437 3524 votis
458 3453 688 3515 sollemnibus
707 3475 757 3517 22.
775 3453 853 3519 Oct.
876 3476 957 3535 1770

126 3575 273 3656 emissis,
295 3596 342 3639 12.
355 3576 429 3638 lun.
451 3596 531 3655 1774
547 3576 697 3658 primam
710 3577 853 3640 missam
866 3579 957 3641 cele·

126 3698 252 3761 bravit.
273 3697 362 3760 Post
378 3699 542 3761 absoluta
558 3700 677 3761 studia
693 3700 894 3782 theologica
911 3721 956 3764 ex

127 3818 252 3882 iisdem
267 3840 333 3901 pro
350 3840 517 3902 suprema
537 3823 659 3884 laurea
677 3822 900 3885 examinatus
922 3835 957 3886 et

126 3945 361 4025 approbatuS,
386 3944 535 4008 iuridico
559 3946 678 4008 studio
702 3966 846 4028 operam
871 3948 956 4009 dare

126 4065 242 4128 iussus
252 4065 355 4128 simul
363 4063 532 4128 fratribus
545 4066 740 4129 iunioribus
753 4069 955 4151 theologiae

125 4187 298 4269 repetitor
306 4187 511 4269 praefectus
522 4198 585 4251 est.
595 4189 702 4251 Anno
716 4196 792 4269 1781
806 4211 852 4252 ex
860 4201 955 4254 utro-

127 4330 195 4389 que
212 4309 286 4371 iure
299 4309 465 4372 universo
480 4329 545 4390 pro
558 4311 680 4373 laurea
693 4330 858 4392 suprema
871 4332 955 4374 exa-

126 4432 279 4494 minatus
296 4441 332 4492 et
349 4433 571 4513 approbatus
591 4451 656 4514 per
676 4440 828 4513 quatuor
844 4452 955 4495 annos

127 4553 365 4616 confessarius
394 4555 598 4617 monialium
624 4576 651 4618 s.
673 4554 825 4618 Ursulae
845 4553 955 4618 Salis·

125 4678 230 4759 burgi
247 4677 395 4740 exstitit.
412 4677 518 4739 Anno
539 4682 619 4756 1786
636 4679 809 4741 suadente
827 4678 955 4761 princi-

126 4820 170 4881 pe
188 4799 459 4881 archiepiscopo
470 4799 703 4882 Herbipolim,
720 4800 954 4882 Moguntiam,

125 4921 350 5004 Wezlariam,
374 4919 593 5003 Giittingam,
616 4923 756 4983 demum
777 4922 955 4985 Lutetiam

126 5044 343 5106 Parisiorum
356 5044 549 5126 contendit,
567 5054 606 5106 ut
616 5044 651 5105 in
664 5055 815 5126 utroque
832 5045 907 5107 iure
920 5056 956 5107 et

127 5166 324 5249 disciplinis
350 5167 527 5229 historicis
555 5176 591 5228 et
618 5165 856 5249 diplomaticis
876 5187 955 5249 per·

126 5286 254 5351 sectius
271 5290 502 5351 excoleretur.
519 5288 625 5351 Anno
646 5292 726 5368 1789
743 5291 857 5352 redux
874 5290 955 5351 doc·

125 5419 180 5471 tor
196 5409 379 5491 utriusque
401 5410 485 5472 iuris
506 5421 645 5474 creatus
662 5412 698 5474 111
718 5412 812 5476 univ.
826 5411 954 5477 Salisb.

1042 655 1087 698 ss.
1110 635 1284 720 Canones,
1300 636 1355 700 ius
1376 635 1626 701 Germanicum
1642 636 1821 720 privatum
1838 648 1874 701 et

1040 777 1114 820 rem
1139 759 1402 840 diplomaticam
1426 760 1556 843 docuit,
1584 763 1630 823 ad
1655 780 1744 842 quas
1769 760 1873 822 disci·

1040 880 1155 963 plinas
1168 902 1260 944 anno
1276 886 1354 945 1805
1367 892 1597 947 accesserunt
1612 882 1872 965 praelectiones

1041 1023 1088 1065 ex
1108 1003 1183 1066 iure
1203 1005 1336 1068 feudali
1361 1014 1397 1069 et
1422 1006 1539 1068 causis
1563 1003 1736 1067 civilibus.
1766 1005 1872 1075 Anno

1044 1130 1124 1188 1806
1145 1136 1263 1189 rector
1283 1127 1525 1190 universitatis
1549 1128 1684 1191 electus
1708 1128 1775 1191 hoc
1799 1147 1872 1190 mu·

1039 1266 1124 1310 nere
1144 1247 1287 1311 functus
1308 1258 1364 1312 est
1385 1269 1498 1332 usque
1521 1250 1567 1312 ad
1592 1249 1871 1313 transformatio·

1040 1389 1120 1432 nem
1143 1371 1386 1434 universitatis
1413 1372 1449 1436 in
1473 1373 1613 1456 lyceum
1641 1376 1731 1435 1811.
1762 1373 1871 1435 Prae-

1040 1501 1139 1554 terea
1158 1494 1205 1555 ab
1229 1513 1322 1556 anno
1348 1498 1516 1557 1805-10
1539 1493 1689 1558 actualis
1705 1494 1871 1556 adsessor

1040 1635 1102 1677 seu
1116 1616 1335 1678 consiliarius
1352 1617 1387 1678 in
1399 1617 1555 1680 iustitiae
1564 1615 1870 1679 administratione

1040 1757 1227 1820 supremae
1248 1739 1439 1803 instantiae
1460 1741 1526 1801 sub
1548 1738 1720 1820 regimine
1741 1739 1871 1800 electo·

1039 1860 1114 1943 rali,
1142 1861 1335 1925 Austriaco
1367 1872 1402 1924 et
1428 1861 1604 1924 Bavarico
1634 1861 1776 1924 functus
1804 1870 1868 1923 est.
1915 1869 1919 1880 '

1039 1983 1191 2047 Demum
1216 1984 1397 2047 laboribus
1423 1984 1540 2046 fessus
1568 2002 1614 2047 ex
1636 1982 1868 2048 universitate

1040 2106 1075 2168 111
1101 2107 1353 2169 monasterium
1379 2108 1493 2170 redux
1520 2107 1716 2170 litterarum
1743 2106 1869 2169 studiis

1039 2228 1190 2310 privatis
1210 2229 1311 2293 vixit.
1336 2228 1435 2294 Obiit
1457 2251 1507 2308 24.
1524 2229 1610 2292 Maii
1631 2232 1712 2307 1824
1731 2229 1868 2311 profes·

1040 2351 1139 2416 sione
1155 2352 1338 2414 iubilaeus.

1127 2490 1332 2574 Sequuntur
1348 2492 1423 2554 eius
1440 2493 1586 2574 scripta:

1126 2637 1148 2692 1.
1165 2634 1326 2692 Lamberts
1337 2636 1400 2712 Jos.
1410 2635 1777 2711 Christeulehrpredigten
1793 2637 1868 2694 oder

1039 2741 1224 2815 Anweisung
1246 2738 1322 2796 iiber
1344 2735 1396 2797 die
1421 2739 1563 2797 Gebothe
1589 2740 1698 2797 Gottes
1726 2741 1784 2797 und
1815 2741 1869 2798 der

1040 2847 1161 2916 Kirche,
1178 2844 1295 2902 surdas
1311 2844 1473 2900 Landvolk
1488 2863 1526 2901 an
1543 2844 1601 2900 den
1617 2843 1794 2920 Sonntagen
1815 2846 1868 2902 das

1037 2952 1108 3028 Jahr
1124 2950 1268 3006 hindurch
1284 2969 1320 3004 zu
1335 2947 1537 3024 gebrauchen.
1556 2946 1585 3028 (i.
1599 2969 1625 3006 e.
1642 2950 1803 3007 instructio
1817 2969 1867 3007 ca·

1038 3057 1186 3113 techetica
1213 3055 1250 3110 de
1274 3053 1423 3129 decalogo
1448 3068 1478 3110 et
1501 3057 1673 3132 praeceptis
1696 3054 1865 3136 ecclesiae.)

1038 3160 1102 3217 Aus
1133 3159 1200 3216 dem
1228 3159 1466 3216 Franzdsischen
1497 3158 1658 3217 iibersetzt.
1690 3159 1865 3235 Augsburg‚

1038 3264 1130 3322 Wolf.
1152 3263 1242 3337 1786.
1260 3262 1302 3321 8⁰.
1322 3263 1379 3338 781
1399 3283 1428 3340 p.

1124 3370 1161 3427 11.
1179 3370 1242 3426 Das
1254 3388 1364 3444 grosse
1377 3367 1516 3426 Officium
1530 3372 1644 3427 Mariae
1660 3371 1689 3427 in
1703 3373 1786 3427 einer
1798 3389 1867 3428 ver·

1037 3475 1223 3532 standlichen
1239 3473 1469 3548 Uebersetzung
1488 3494 1554 3530 zum
1571 3473 1684 3531 Behufe
1700 3475 1797 3542 (10101,
1818 3476 1866 3533 die

1036 3579 1177 3638 dasselbe
1193 3578 1283 3636 beten
1299 3580 1395 3636 sollen
1412 3579 1487 3635 oder
1502 3579 1620 3637 wollen.
1638 3577 1667 3658 (1.
1682 3600 1708 3637 e.
1726 3580 1866 3639 Officium

1037 3705 1175 3760 magnum
1202 3686 1366 3741 Marianum
1394 3684 1594 3741 Germanicae
1621 3685 1689 3742 fidei
1717 3683 1867 3765 reddidit.)

1037 3787 1194 3864 Salzburg‚
1216 3786 1306 3862 1786.
1323 3787 1365 3845 8⁰.

1124 3895 1175 3950 111.
1203 3895 1249 3950 lle
1274 3895 1337 3949 iure
1361 3895 1559 3969 capitulorum
1585 3894 1766 3951 Germaniae
1794 3914 1866 3952 0011-

1036 3998 1124 4056 dendi
1141 4011 1262 4080 statuta.
1283 3998 1521 4054 Commentarius
1537 3999 1689 4075 specialis.
1706 3997 1865 4074 Salzburg‚

1036 4104 1144 4180 lluyle.
1166 4117 1255 4177 1794.
1273 4100 1315 4159 8⁰.
1332 4117 1374 4175 40
1391 4122 1420 4178 p.

1123 4228 1172 4284 IV.
1185 4226 1425 4283 Akademischer
1437 4227 1574 4283 Versuch
1587 4224 1662 4283 iiber
1673 4226 1727 4282 (100
1739 4227 1866 4301 Vogtei-

1036 4332 1121 4389 recht
1143 4333 1181 4388 im
1201 4331 1419 4406 Allgemeinen,
1443 4333 1494 4387 mit
1518 4331 1716 4406 Anwendung
1738 4330 1791 4387 0111
1811 4331 1866 4387 das

1035 4437 1114 4492 bohe
1131 4436 1256 4492 Erzstilt
1272 4436 1429 4511 Salzburg.
1451 4432 1480 4513 (i.
1503 4454 1529 4492 0.
1552 4436 1598 4491 De
1615 4437 1678 4492 iure
1695 4434 1865 4513 praefectu-

1036 4540 1109 4620 100.)
1127 4539 1202 4596 lbid.
1224 4555 1314 4614 1794.
1333 4540 1375 4598 8⁰.
1393 4541 1434 4598 80
1447 4560 1476 4617 p.

1122 4664 1158 4720 V.
1183 4662 1335 4739 Apologie
1359 4662 1412 4718 des
1435 4661 1668 4719 akademischen
1692 4662 1865 4719 Versuches

1035 4767 1111 4824 iiber
1127 4767 1181 4823 das
1197 4766 1403 4841 Vogteirecht.
1421 4763 1449 4845 (i.
1471 4786 1498 4823 e.
1520 4765 1733 4823 Praecedentis
1754 4779 1865 4822 tracta·

1036 4887 1083 4929 tus
1100 4868 1264 4950 apologia.)
1281 4869 1355 4927 lbid.
1378 4868 1468 4944 1796.
1485 4877 1527 4942 4⁰.
1544 4868 1563 4927 8
1580 4888 1609 4944 p.

1122 4995 1172 5051 VI.
1197 4994 1243 5049 De
1267 4996 1332 5050 iure
1357 4995 1462 5050 summi
1486 4991 1637 5068 pontificis
1659 4994 1688 5049 in
1712 4995 1866 5049 erectione

1035 5098 1254 5155 academiarum
1261 5097 1442 5155 Germaniae
1452 5096 1677 5155 catholicarum.
1686 5096 1762 5154 Ibid.
1774 5112 1864 5172 1795.

1036 5209 1080 5276 4⁰.
1103 5201 1140 5258 16
1157 5222 1187 5279 p.

1122 5308 1188 5365 Vll.
1209 5307 1328 5383 Corpus
1344 5309 1416 5364 iuris
1432 5307 1631 5364 ecclesiastici
1648 5308 1864 5365 catholicorum

1036 5415 1181 5482 novioris,
1209 5412 1291 5488 quod
1317 5431 1374 5489 per
1396 5411 1588 5471 Germaniam
1616 5411 1741 5470 obtinet.
1770 5411 1865 5485 Salis·
