4178 6196
940 418 1221 489 —288-

299 635 351 690 IX.
376 633 434 690 Die
458 633 532 698 leit,
559 635 607 689 ein
628 630 931 698 Secular·Kalender‚
955 628 1043 704 giltig

212 737 260 795 1111
275 738 332 795 alle
347 738 437 815 Jahre
453 737 529 795 nach
542 736 655 794 Christi
667 735 787 794 Geburt
802 734 850 793 bis
865 734 933 791 incl.
948 748 1041 806 2400.

180 849 188 866 ⁹
213 840 242 921 (i.
266 862 291 901 e.
315 842 524 900 calendarium
548 837 725 919 saeculare.)
750 841 805 897 Ms.
833 838 874 897 8⁰.
900 839 965 896 Fol.
994 852 1040 894 11.

213 948 399 1006 Adservatur
411 950 440 1003 in
453 945 638 1004 bibliotheca
650 946 877 1002 Bievnoviensi.
895 941 979 1018 Sign.
989 956 1006 1015 3
1016 957 1041 999 1.

299 1158 336 1213 X.
369 1157 431 1213 Res
459 1158 605 1232 gymnasii
633 1155 865 1212 Braunaviensis
891 1166 1043 1210 scrutatus

212 1264 349 1338 scripsit:
371 1260 556 1318 Geschichte
576 1259 630 1317 des
647 1259 860 1351 Gymnasiums
878 1257 932 1314 der
947 1258 1042 1313 Bene·

212 1366 339 1423 dictiner
354 1368 384 1422 in
400 1366 549 1421 Braunau.
574 1364 642 1421 Vol.
664 1383 713 1420 un.
739 1362 780 1421 8⁰.
807 1376 866 1435 205
889 1381 919 1438 p.
944 1360 1042 1436 Typis

99 1516 107 1535 .
212 1471 247 1528 C.
264 1471 426 1528 Bellmann.
444 1470 572 1544 Pragae‚
595 1466 686 1540 1863.

299 1575 350 1630 Xl.
373 1572 511 1631 Confecit
530 1571 657 1630 indicem
674 1572 774 1645 legum
791 1570 889 1628 studia
905 1587 1041 1645 gymnas.

212 1682 328 1755 imperii
343 1678 496 1736 Austriaci
513 1679 720 1752 dirigentium:
744 1674 1042 1732 Normalien·Nach-

211 1782 415 1858 schlagebuch
440 1781 486 1839 1111
507 1784 688 1840 1)1111101111
710 1794 767 1837 111.
789 1799 826 1836 an
848 1779 877 1836 k.
901 1780 930 1835 k.
948 1778 1042 1854 Gym-

212 1891 325 1945 nasien.
344 1886 399 1962 187
404 1903 433 1961 5.
451 1894 493 1960 4⁰.
512 1889 568 1944 iam
585 1886 655 1943 edit.
673 1904 728 1961 per
740 1885 774 1942 C.
788 1883 952 1940 Bellmann.
970 1862 1042 1939 Pra-

211 2012 279 2068 gae.
296 1992 363 2050 Vol.
382 2012 430 2049 un.

299 2103 585 2179 Matuskovics
609 2114 899 2197 Polycarpus
923 2113 1042 2176 Iose-

212 2235 319 2315 phus
340 2236 400 2317 (de
422 2252 448 2295 s.
470 2233 612 2295 Monte
632 2229 902 2313 Pannoniae),
925 2231 960 2294 in
981 2211 1043 2293 lir-

211 2357 377 2438 sekujvar
405 2374 492 2418 com.
516 2355 604 2419 Nitr.
633 2353 669 2416 in
695 2353 882 2436 Hungaria
910 2352 967 2415 die
995 2357 1041 2417 13.

211 2478 316 2542 Febr.
346 2483 424 2558 ¹814
450 2488 571 2558 natus,
601 2496 628 2540 s.
652 2476 776 2538 habitu
804 2474 861 2537 die
886 2478 936 2537 31.
962 2472 1041 2539 Oct.

216 2604 292 2662 1831
317 2601 471 2681 11111111115,
493 2610 577 2663 vota
598 2599 781 2662 sollemnia
805 2598 862 2661 die
888 2619 938 2677 24.
956 2598 1042 2660 Maii

215 2728 295 2786 1836
312 2724 428 2786 emisit
445 2734 481 2786 et
493 2721 666 2786 absolutis
681 2722 716 2783 in
730 2742 756 2784 s.
769 2732 888 2783 monte
903 2740 930 2783 s.
944 2721 1042 2783 theo·

210 2846 327 2928 logiae
351 2845 477 2908 studiis
503 2845 560 2907 die
586 2865 635 2906 20.
658 2843 722 2907 Iul.
750 2846 829 2921 1839
852 2843 1043 2924 presbyter

211 2967 328 3031 factus
349 2978 413 3031 est.
442 2966 497 3030 Ex
521 2987 591 3049 quo
611 2977 770 3047 tempore
787 2965 894 3028 variis
915 2962 1042 3027 officiis

212 3091 264 3155 uti
280 3090 492 3174 professoris
504 3089 705 3172 Tyrnaviae
723 3090 900 3170 1839-46,
917 3086 1041 3151 Coma-

210 3209 707 3294 romii184o—4q,Sopronii
735 3215 911 3292 1849-04,
937 3229 1041 3293 supe-

210 3336 312 3398 rioris
328 3337 452 3397 domus
469 3346 506 3397 et
518 3333 703 3396 directoris
715 3333 892 3416 gymnasii
910 3333 1040 3396 ibidem

215 3462 400 3539 1864—69,
424 3456 619 3539 subprioris
643 3459 783 3519 demum
808 3456 843 3518 in
871 3474 897 3518 s.
922 3466 1040 3519 monte

210 3579 436 3643 laudabiliter
447 3579 599 3660 functus,
613 3599 705 3641 anno
722 3583 796 3658 1871
811 3579 868 3641 die
879 3599 929 3658 27.
942 3578 1039 3661 Aug.

212 3702 270 3785 pie
287 3701 361 3765 vita
378 3702 543 3764 decessit.

298 3825 339 3887 In
360 3823 490 3914 linguis
507 3834 543 3886 et
558 3823 685 3887 litteris
702 3823 857 3905 antiquis
874 3822 1039 3885 versatis-

212 3946 322 4009 simus
338 3948 425 4008 haec
442 3945 597 4027 scripsit:

299 4073 320 4129 l.
338 4071 436 4127 Wozu
452 4071 500 4126 die
512 4070 699 4145 griechische
711 4066 867 4146 Sprache?
883 4067 912 4148 (i.
927 4089 953 4128 e.
968 4072 1038 4142 Quo

211 4174 298 4234 nobis
314 4177 415 4251 lingua
431 4171 581 4254 Graecei)
607 4175 639 4231 In
660 4193 763 4250 progr.
787 4194 887 4250 gymn.
905 4174 1036 4252 Sopron.

215 4279 341 4361 1851y'2.
359 4287 401 4353 4⁰.
418 4300 448 4356 p.
464 4294 581 4352 3-11.

296 4386 333 4441 ll.
359 4378 562 4460 Rathschlage
586 4405 638 4441 zur
662 4383 857 4459 Behandlung
880 4384 934 4441 der
957 4388 1038 4460 grie-

210 4490 352 4548 chischen
377 4488 513 4566 Sprache
536 4508 573 4545 an
596 4508 694 4565 magy.
720 4489 918 4564 Gymnasien,
944 4509 1038 4566 ange·

210 4594 317 4671 kniiplt
328 4613 366 4650 an
379 4597 445 4651 eine
460 4594 559 4650 Kritik
572 4593 625 4651 der
639 4594 828 4650 Grammatik
840 4613 899 4651 von
912 4596 936 4651 F
939 4595 1037 4670 inkey,

209 4697 328 4756 Soltesz
346 4698 404 4754 und
421 4697 570 4755 Somossi.
597 4696 625 4777 (i.
648 4717 673 4754 e.
695 4698 813 4772 Lingua
835 4697 956 4756 Graeca
977 4717 1037 4774 quo

210 4803 300 4860 modo
327 4816 471 4859 tractetur
495 4804 523 4857 in
547 4803 710 4877 gymnasiis
734 4800 845 4881 Hung.)
873 4804 906 4859 ln
932 4822 1036 4880 progr.

208 4926 309 4983 gymn.
327 4906 463 4981 Strigon.
488 4903 614 4983 1854s5.
633 4905 675 4964 8⁰.
693 4926 721 4982 p.
744 4906 877 4978 13-26.

294 5018 461 5091 Matzke
479 5030 673 5093 'Basilius
697 5031 1036 5118 (Admontensis),

208 5147 350 5209 natione
361 5145 508 5210 Silesius
521 5167 541 5210 e
553 5148 582 5209 F
585 5148 783 5230 alkenburg
796 5153 847 5212 30.
856 5148 942 5211 Dec.
958 5169 1035 5228 1727

208 5279 328 5348 natus,
358 5267 503 5330 militiae
532 5290 559 5332 s.
587 5268 626 5330 P.
651 5269 837 5332 Benedicti
869 5269 1036 5332 adiurans

212 5409 258 5452 10.
273 5389 366 5471 Aug.
385 5409 476 5471 1749,
492 5390 640 5472 primam
655 5391 733 5452 Deo
750 5390 866 5452 litavit
883 5390 1035 5453 hostiam

1123 642 1151 700 7.
1168 620 1268 703 Sept.
1283 624 1374 699 1753.
1390 620 1509 683 Variis
1521 638 1586 702 per
1597 619 1741 703 longam
1757 617 1951 682 sacerdotii

1122 745 1231 807 vitam
1247 754 1302 807 est
1317 743 1460 806 functus
1480 742 1684 805 muneribus
1704 750 1845 824 utpote:
1869 758 1951 804 coo-

1122 865 1296 948 peratoris
1313 865 1347 927 in
1356 864 1565 947 Wildalpen
1578 874 1614 927 et
1625 863 1749 927 Monte
1760 862 1951 945 Culmensi,

1121 988 1268 1071 parochi
1284 988 1549 1069 Admontensis,
1566 987 1601 1050 in
1615 985 1792 1051 Gaishorn
1804 996 1841 1050 et
1853 987 1953 1049 10115-

1121 1110 1222 1193 bach,
1240 1111 1363 1174 vicarii
1375 1110 1411 1173 in
1423 1109 1614 1193 Altiitting‚
1628 1109 1841 1192 professoris
1850 1111 1952 1172 theo·

1121 1233 1239 1316 logiae
1256 1244 1293 1296 et
1308 1232 1556 1316 philosophiae
1577 1232 1682 1313 domi,
1707 1231 1870 1315 magistri
1891 1251 1954 1295 no-

1122 1354 1286 1417 vitiorum
1317 1366 1353 1417 et
1384 1348 1608 1436 clericorum,
1640 1353 1825 1417 directoris
1852 1353 1953 1416 chori

1121 1476 1254 1558 musici,
1272 1476 1425 1559 granarii
1439 1486 1475 1539 et
1483 1475 1656 1558 praefecti
1665 1475 1830 1557 hospitio,
1845 1494 1954 1539 oeco-

1121 1599 1213 1661 nomi
1241 1598 1276 1661 in
1300 1599 1567 1661 Admontbiihel
1596 1608 1632 1662 et
1659 1609 1840 1680 postremo
1867 1600 1955 1661 sub·

1121 1720 1258 1804 prioris.
1293 1720 1520 1786 Secunditias
1547 1721 1735 1784 sollemnes
1764 1721 1954 1784 celebrans

1122 1844 1200 1925 ipse
1224 1843 1454 1907 concionatus
1478 1853 1542 1907 est.
1575 1842 1674 1908 Obiit
1697 1843 1751 1906 vir
1773 1845 1954 1925 grandae-

1121 1985 1197 2048 11115,
1220 1966 1402 2048 professus
1426 1977 1462 2029 et
1486 1968 1653 2029 sacerdos
1676 1965 1860 2048 iubilaeus,
1886 1984 1955 2029 nec

1122 2109 1193 2151 non
1213 2088 1358 2170 capituli
1379 2088 1497 2151 senior
1518 2107 1692 2151 marasmo
1714 2087 1901 2152 confectus
1922 2093 1954 2151 8.

1123 2211 1211 2294 Apr.
1233 2216 1323 2291 1809.

1209 2339 1387 2414 Composuit
1402 2340 1487 2394 varia
1508 2341 1643 2394 oratoria
1665 2351 1695 2394 et
1716 2340 1846 2405 cantica,
1872 2354 1955 2414 quae

1122 2441 1232 2498 infelici
1248 2460 1327 2498 anno
1345 2440 1422 2515 1865
1438 2455 1597 2516 grassante
1614 2441 1750 2498 incendio
1767 2443 1886 2499 llamma
1900 2460 1958 2499 vo·
1981 2486 1982 2491 .

1123 2549 1366 2623 raciperierunt.

1208 2693 1357 2787 Mayer
1393 2701 1623 2786 Gregorius
1656 2703 1956 2788 (Mellicensis),

1122 2821 1321 2884 Pulkaviae
1338 2821 1373 2883 in
1390 2822 1538 2884 Austria
1553 2821 1610 2883 die
1632 2843 1678 2900 19.
1696 2822 1768 2884 Ian.
1789 2827 1872 2901 1754
1889 2843 1954 2885 na·

1122 2955 1190 3025 tus,
1207 2964 1296 3025 puer
1312 2944 1499 3007 duodecim
1512 2962 1681 3007 annorum
1692 2945 1853 3007 alumnus
1863 2944 1957 3007 Mel·

1121 3067 1238 3129 licium
1266 3067 1380 3148 venit,
1408 3067 1544 3148 ibique,
1572 3067 1737 3129 absoluta
1764 3067 1956 3149 rhetorica,

1122 3191 1245 3252 decem
1266 3200 1404 3271 septem
1424 3209 1536 3251 annos
1557 3190 1693 3252 habens
1717 3209 1744 3252 5.
1761 3189 1955 3255 Benedicti

1119 3311 1279 3373 habitum
1300 3311 1357 3372 die
1383 3316 1429 3373 18.
1447 3310 1536 3372 Nov.
1559 3330 1634 3389 1771
1659 3311 1782 3392 induit,
1807 3313 1956 3376 studiis·

1120 3454 1189 3516 que
1217 3433 1471 3516 philosophicis
1499 3443 1534 3495 et
1561 3433 1773 3516 theologicis
1801 3454 1953 3516 operam

1121 3557 1228 3620 dedit.
1257 3555 1429 3650 Doctrina
1452 3566 1487 3619 et
1510 3556 1667 3619 moribus
1692 3558 1865 3638 probatus
1892 3556 1954 3619 die

1122 3701 1172 3757 ²4·
1204 3680 1308 3742 Febr.
1344 3683 1423 3757 1778
1455 3679 1712 3760 professionem
1744 3680 1953 3763 religiosam

1120 3802 1336 3865 sollemniter
1351 3801 1476 3882 emisit,
1494 3811 1530 3864 et
1543 3801 1600 3863 die
1614 3807 1663 3864 23.
1678 3802 1773 3884 Aug.
1790 3803 1954 3867 eiusdem

1119 3924 1202 3987 anni
1219 3924 1254 3986 in
1270 3923 1474 3986 monasterii
1492 3923 1644 3986 ecclesia
1660 3926 1706 3986 ab
1723 3924 1953 3988 excellentis-

1119 4047 1206 4109 simo
1230 4045 1358 4108 comite
1383 4044 1567 4126 Garampi,
1592 4045 1715 4108 nuntio
1738 4047 1951 4130 apostolicO,

1119 4167 1318 4231 sacerdotio
1342 4166 1513 4248 initiatus,
1540 4166 1597 4228 die
1622 4171 1650 4230 8.
1675 4166 1773 4249 Sept.
1797 4168 1952 4251 primam

1118 4292 1196 4353 Deo
1219 4290 1371 4352 hostiam
1399 4289 1537 4352 obtulit.
1569 4290 1676 4351 Anno
1705 4291 1952 4375 17791ingua·

1117 4433 1211 4492 rum,
1242 4412 1460 4492 Hebraicae,
1499 4410 1728 4492 Chaldaicae,
1765 4410 1949 4497 Syriacae,

1119 4533 1350 4614 Graecaeque
1377 4533 1672 4595 addiscendarum
1704 4553 1812 4596 causa
1838 4534 1950 4598 Vien-

1118 4676 1199 4718 nam
1212 4656 1339 4717 missus
1352 4666 1416 4736 est,
1430 4657 1522 4718 unde
1536 4674 1699 4717 reversus
1712 4657 1949 4720 aestheticam

1118 4789 1154 4843 et
1169 4779 1326 4861 linguam
1343 4747 1517 4840 Graecam
1534 4798 1613 4840 cum
1630 4778 1773 4841 novitiis
1789 4780 1946 4861 repetiit.

1117 4902 1224 4963 Anno
1256 4905 1336 4980 1780
1362 4900 1398 4963 111
1425 4900 1569 4982 publico
1596 4900 1800 4963 monasterii
1826 4901 1948 4965 studio

1117 5022 1377 5104 philosophiam
1417 5021 1579 5103 tradidit,
1618 5021 1945 5106 bibliothecamque

1117 5146 1348 5208 monasticam
1365 5145 1679 5207 administrandam
1695 5146 1863 5226 suscepit.
1881 5146 1943 5209 Di·

1115 5268 1289 5351 gnitatem
1306 5268 1448 5330 abbatis
1465 5267 1752 5330 commendatarii
1770 5268 1943 5331 canoniae

1117 5390 1341 5471 Gerusiensis
1357 5392 1402 5451 ab
1419 5391 1632 5471 imperatore
1644 5390 1797 5470 Iosepho
1810 5390 1855 5455 ΙΙ.
1872 5391 1943 5454 sibi
