4178 6196
948 421 1227 510 -258-

303 614 512 714 Kristitiny
532 627 801 691 PiusPaulus
819 630 880 709 (de
896 648 924 692 s.
937 627 1046 691 Mon·

217 753 257 808 te
273 744 538 826 Pannoniae),
555 746 613 808 die
631 750 681 811 28.
695 746 798 809 Febr.
817 750 893 809 1801
914 745 1046 809 Albae·

216 866 358 950 Regiae
380 867 538 930 eiusdem
560 887 647 931 com.
671 867 706 930 in
722 867 907 950 Hungaria
931 877 1045 949 natus,

207 989 274 1051 'die
301 992 347 1051 15.
370 987 448 1052 Oct.
477 993 556 1051 1818
580 1009 606 1051 s.
631 988 756 1051 habitu
782 989 937 1069 indutus,
962 999 1047 1051 vota

217 1110 400 1174 sollemnia
423 1111 480 1172 die
507 1108 894 1188 19.Oct.1822›emisit.
923 1114 1047 1172 1822-

221 1237 301 1312 1824
323 1231 441 1296 officio
462 1231 673 1313 professoris
695 1229 809 1294 Ginsii
829 1230 973 1295 functus
993 1249 1046 1293 re-

160 1335 164 1343 *
219 1355 292 1418 dux
308 1355 343 1417 in
360 1374 386 1418 s.
404 1362 559 1416 montem
576 1353 702 1415 studiis
723 1372 749 1415 s.
767 1353 969 1436 theologiae
986 1371 1047 1413 va·

218 1477 322 1556 cavit,
340 1476 468 1557 quibus
485 1474 658 1537 absolutis
675 1474 731 1567 die
746 1492 773 1553 7.
787 1472 881 1557 Aug.
900 1477 979 1535 1828
992 1491 1047 1534 sa·

219 1599 377 1663 cerdotio
402 1597 561 1659 initiatus
585 1605 649 1660 est.
678 1599 844 1658 1828—36
866 1594 1047 1677 professor

217 1740 337 1805 gymn.
349 1718 473 1799 Ginsii,
488 1721 654 1796 1836—46
664 1715 886 1797 Comaromii,
900 1718 945 1779 ab
954 1736 1046 1779 anno

223 1847 302 1921 1846
319 1861 404 1904 vero
422 1840 687 1903 administrator
702 1841 876 1901 bonorum
890 1839 925 1900 in
938 1840 1047 1900 abba·

218 1966 267 2028 tia
291 1967 335 2027 de
359 1963 508 2046 Tihany,
534 1963 589 2024 ubi
616 1962 725 2039 dieo.
749 1960 838 2023 Nov.
868 1965 946 2022 1863
972 1959 1047 2023 vita

219 2088 335 2150 cessit.
363 2085 527 2167 Scripsit:

304 2232 326 2286 I.
352 2229 508 2325 Haila-sad,
533 2226 718 2302 meltdsirgos
739 2225 868 2283 Naidasdi
890 2225 1045 2283 0161Νὲ-

218 2334 312 2410 dasdy
322 2332 461 2409 Leopold
476 2333 517 2390 Ur
530 2331 693 2388 Komarom
710 2349 817 2406 megye
829 2326 1046 2406 fdispauyaihoz

219 2440 252 2496 es
265 2437 425 2513 nagylelkii
440 2435 561 2510 nejehez
574 2437 689 2510 Forray
702 2435 776 2491 Iulia
788 2454 916 2508 asszony
926 2432 1045 2507 csillag·

218 2544 372 2600 keresztes
387 2540 530 2597 (limahoz
548 2539 637 2614 1839.
656 2539 748 2614 majus
761 2539 869 2595 eduin.
887 2535 916 2615 (i.
932 2557 957 2594 e.
971 2537 1045 2594 Car-

219 2666 285 2705 men
305 2648 421 2721 gratias
437 2664 530 2720 agens
548 2647 647 2701 comiti
665 2643 806 2718 Naidasdy
828 2657 858 2700 et
874 2646 959 2699 uxori
982 2645 1045 2698 eius

219 2751 312 2809 Iuliae
328 2746 466 2828 Forray.)
488 2748 720 2805 Komaromban.
738 2747 934 2804 Weinmiiller
951 2748 1044 2803 Fran·

219 2856 329 2914 cziska.
347 2861 389 2927 4⁰.
408 2853 427 2911 6
444 2874 472 2929 p.

305 2980 343 3034 11.
361 2977 429 3034 Alia
442 2978 572 3034 carmina
586 2975 799 3043 occasionalia,
817 2975 1046 3031 dissertationes

220 3096 277 3141 cet.
300 3086 327 3139 iu
349 3084 452 3158 script.
472 3078 589 3157 period.
610 3078 747 3154 „Religio
764 3080 797 3136 es
813 3078 953 3136 neveles“
974 3091 1045 3145 cet.;

219 3207 256 3245 ex
272 3186 380 3263 quibus
392 3188 563 3242 versionem
576 3184 753 3258 hymnorum
774 3182 897 3254 „Lauda
909 3182 1002 3239 Si0n“
1018 3196 1048 3238 et

222 3289 349 3363 „Stabat
369 3294 482 3346 mater“
513 3292 540 3344 in
565 3289 694 3363 linguam
716 3289 816 3363 Hung.
838 3307 1046 3344 memoramus.

219 3393 265 3475 (V.
284 3395 403 3468 Religio
420 3393 453 3449 es
470 3392 601 3459 develes,
623 3391 752 3465 1841.·1.
773 3392 810 3466 78
829 3407 857 3449 et
878 3406 933 3466 143
953 3390 994 3472 p.)

305 3540 420 3614 Krfill
443 3550 699 3614 Godefridus
721 3554 754 3635 (a
780 3574 807 3615 s.
829 3552 958 3615 Petro
979 3552 1048 3618 Sa·

219 3667 422 3751 lisburgi),
435 3678 540 3731 natus
555 3671 589 3731 111
603 3668 766 3734 Oberzell
780 3672 952 3734 dioecesis
962 3673 1048 3734 Pas-

219 3791 392 3853 saviensis
407 3812 456 3869 24.
467 3792 540 3854 Ian.
559 3797 649 3873 1682,
663 3794 771 3855 musis
783 3795 1047 3857 humanioribus

127 3930 133 3939 ’
219 3933 363 3995 operam
381 3914 526 3975 navavit
543 3914 717 3996 Passavii,
737 3916 855 3977 studia
871 3935 956 3978 vero
972 3917 1048 3998 phi-

218 4035 401 4116 losophica
410 4036 564 4098 absolvit
573 4036 607 4098 in
616 4037 805 4100 Athenaeo
815 4038 1047 4101 Benedictino

219 4156 378 4238 Salipoli.
412 4158 518 4220 Anno
546 4177 626 4237 17οο
653 4178 702 4238 27.
731 4158 820 4223 Nov.
849 4161 1047 4223 tirocinium

219 4279 451 4343 monasticum
468 4280 660 4362 ingressus,
682 4300 757 4359 1701
778 4287 829 4344 3ο.
847 4282 935 4344 Nov.
953 4283 1047 4345 votis

219 4401 447 4463 sollemnibus
472 4401 627 4482 emissis,
656 4413 843 4485 neomysta
872 4424 918 4482 19.
943 4404 1047 4469 Mart.

224 4528 304 4602 1705
322 4526 368 4585 ad
384 4543 480 4586 aram
497 4519 619 4587 stetit‘
631 4524 723 4586 Exin
739 4545 803 4606 pro
820 4546 884 4588 sua
896 4528 1047 4608 pruden-

221 4645 270 4708 tia
286 4648 331 4708 ad
348 4646 465 4708 omnia
481 4644 555 4708 fere
572 4648 776 4709 monasterii
797 4647 914 4711 officia
935 4649 1048 4730 appli-

223 4778 334 4847 catuS,
348 4778 472 4850 utpote
485 4769 643 4831 custodis
658 4771 841 4851 ecclesiae,
854 4773 1047 4852 oeconomi,

210 4892 454 4954 cancellariae
467 4891 652 4974 praefecti,
669 4893 880 4956 novitiorum
897 4904 933 4956 et
949 4894 1049 4956 cleri-

221 5030 340 5073 corum
357 5014 526 5095 magistri,
544 5015 672 5096 prioris
688 5015 887 5078 claustralis
910 5027 946 5079 et
968 5037 1048 5080 con-

221 5132 360 5196 sessarii
386 5137 588 5199 monialium
617 5158 646 5199 ο.
673 5160 700 5200 s.
723 5138 762 5201 B.
792 5141 826 5203 111
851 5143 1048 5225 Nonnberg.
1115 5159 1123 5178 ·

209 5254 414 5318 Praeterea
437 5278 502 5338 pro
527 5259 675 5342 insignis
705 5262 833 5343 ingenii
861 5262 915 5324 sui
943 5265 1049 5326 docu-

223 5378 349 5438 mentis
378 5384 456 5457 17118
482 5400 531 5441 20.
556 5380 630 5445 Iun.
657 5402 822 5463 suprema
845 5385 1048 5466 theologiae

1124 625 1245 688 laurea
1258 627 1445 689 decoratus
1457 645 1549 688 anno
1567 645 1648 705 1714
1661 625 1696 688 in
1708 625 1801 689 alma
1813 624 1956 688 univer·

1124 749 1230 813 sitate
1245 746 1510 832 Salisburgensi
1522 749 1674 830 primum
1691 748 1956 813 controversias

1124 869 1208 934 fidei
1220 873 1348 935 docere
1362 870 1490 953 coepit,
1503 892 1524 934 a
1537 872 1665 953 quibus
1678 881 1761 954 post
1770 871 1954 945 biennium

1125 998 1172 1059 ad
1201 997 1451 1077 exponendam
1482 1016 1508 1058 s
1536 995 1748 1077 scripturam
1779 993 1955 1073 transivit,

1126 1138 1231 1200 quam
1249 1118 1456 1181 cathedram
1472 1137 1565 1181 anno
1586 1123 1664 1198 1733
1682 1117 1883 1201 resignavit
1896 1136 1967 1205 su··

1125 1241 1275 1324 perioris
1287 1241 1323 1304 in
1331 1251 1450 1305 monte
1458 1241 1818 1305 Mariano-Plainensi
1827 1258 1957 1303 munus

1126 1373 1364 1445 suscepturus.
1399 1365 1552 1427 Demum
1582 1366 1695 1427 abbas
1726 1365 1771 1426 ad
1799 1383 1826 1426 s.
1855 1362 1956 1426 Petri

1126 1488 1261 1551 electus
1286 1508 1362 1568 1741
1385 1493 1434 1552 26.
1452 1485 1543 1569 Oct,
1564 1488 1778 1551 monasterio
1799 1485 1957 1568 praefuit

1126 1631 1239 1692 usque
1257 1615 1307 1674 26.
1324 1610 1410 1673 Maii
1430 1615 1520 1691 1753,
1538 1630 1608 1692 quo
1624 1611 1721 1673 obiit.
1747 1608 1914 1693 Scripsit:

1230 1738 1471 1794 Monotessarum
1503 1737 1709 1811 evangelicum
1736 1740 1801 1794 sive
1827 1737 1957 1794 historia

1126 1841 1302 1916 evangelica
1319 1860 1355 1897 ex
1372 1854 1503 1916 quatuor
1524 1842 1718 1916 evangelistis
1739 1844 1768 1898 in
1788 1860 1877 1898 unum
1899 1860 1957 1898 vo·

1125 1947 1221 2003 lumen
1239 1946 1367 2003 collecta
1382 1964 1418 2003 ac
1435 1949 1577 2021 mysteria
1593 1946 1769 2021 evangelica
1784 1946 1957 2003 litteraliter

1126 2065 1155 2107 et
1172 2053 1297 2127 mystice
1314 2050 1488 2127 explanans.
1512 2050 1677 2107 Tractatus
1693 2051 1705 2107 1
1723 2064 1753 2107 et
1767 2051 1794 2108 11
1807 2068 1905 2126 usque
1918 2048 1956 2105 ad

1125 2157 1310 2212 nativitatem
1327 2156 1458 2212 Domini.
1480 2153 1659 2230 Salisburgi,
1682 2156 1776 2230 Mayr.
1798 2168 1888 2228 1725.
1911 2160 1955 2227 4⁰.

1125 2276 1188 2334 429
1205 2281 1234 2336 p.
1261 2260 1424 2316 Tractatus
1440 2260 1483 2316 III
1499 2278 1595 2335 usque
1611 2259 1648 2315 ad
1665 2259 1856 2336 baptismum.
1879 2257 1955 2315 [bid.

1130 2365 1220 2439 1728.
1238 2373 1280 2437 4⁰.
1298 2363 1360 2437 368
1378 2385 1407 2441 p.
1425 2363 1526 2421 Editio
1543 2365 1571 2419 11
1588 2363 1744 2438 Augustae
1759 2363 1846 2420 Vind.
1861 2360 1956 2429 Wolf,

1132 2483 1166 2542 17
1171 2485 1222 2543 59.
1239 2471 1304 2526 Fol.

1212 2580 1454 2654 Kronecker
1480 2590 1719 2654 Guntherus
1745 2587 1955 2670 (Cremifa-

1125 2710 1288 2790 nensis),
1306 2718 1412 2771 antea
1428 2709 1572 2790 Paulus,
1589 2717 1622 2772 in
1638 2708 1808 2791 parochia
1819 2708 1955 2770 Fischl-

1124 2832 1204 2893 ham
1227 2831 1284 2893 die
1306 2831 1445 2909 27.1an.
1468 2804 1545 2894 1803
1568 2843 1671 2894 natus
1693 2830 1809 2893 studia
1825 2829 1955 2893 Cremi-

1125 2951 1198 3015 fani
1213 2952 1379 3026 confecit;
1394 2966 1521 3016 exacto
1531 2954 1681 3017 tirocinii
1693 2973 1785 3016 anno
1795 2951 1955 3015 Lincium

1127 3074 1171 3135 ad
1198 3074 1315 3136 studia
1340 3075 1542 3158 theologica
1566 3076 1766 3158 digressus,
1792 3084 1955 3136 votorum

1128 3196 1316 3258 emissione
1333 3197 1390 3258 die
1408 3218 1457 3259 21.
1475 3195 1575 3280 Sept.
1597 3201 1677 3261 1830
1693 3198 1806 3269 ordini
1823 3216 1903 3259 sese
1919 3206 1955 3259 et

1127 3324 1339 3381 monasterio
1364 3317 1567 3399 obstrinxit,
1589 3321 1646 3381 die
1668 3325 1697 3382 3.
1714 3320 1777 3382 Iul.
1799 3322 1876 3381 1831
1901 3339 1954 3382 sa·

1128 3441 1253 3503 cerdos
1267 3441 1509 3522 inauguratus.
1531 3446 1696 3504 1831-35
1714 3443 1749 3504 in
1762 3440 1955 3504 Eberstall·

1128 3562 1205 3643 zell,
1227 3567 1394 3640 1886—40
1411 3563 1447 3626 in
1464 3564 1648 3626 Thalheim
1665 3573 1889 3645 cooperator,
1909 3564 1954 3625 ab

1128 3704 1220 3746 anno
1241 3688 1317 3761 1841
1339 3685 1514 3748 rationum
1530 3686 1734 3749 monasterii
1750 3685 1955 3767 praefectus

1128 3806 1300 3886 simulque
1329 3807 1425 3869 chori
1452 3807 1575 3869 musici
1603 3807 1756 3870 director
1782 3807 1871 3870 obiit
1899 3807 1955 3868 die

1132 3947 1180 4005 14.
1198 3927 1292 4008 Aug.
1314 3930 1404 4005 1847.

1214 4049 1313 4110 Artis
1338 4050 1492 4112 musicae
1520 4051 1779 4113 amantissimus
1805 4061 1840 4113 et
1864 4051 1955 4131 peri-

1127 4171 1283 4233 tissimus
1300 4173 1345 4232 ad
1362 4173 1551 4234 sollemnes
1568 4173 1758 4234 sacerdotii
1771 4172 1824 4235 sui
1838 4173 1955 4253 primi·

1127 4292 1196 4355 tias
1229 4303 1370 4354 cantum
1402 4293 1603 4375 liturgicum
1635 4294 1711 4375 ipse
1748 4295 1955 4376 composuit,

1128 4423 1315 4495 praeterea
1326 4426 1517 4495 sequentes
1528 4416 1956 4497 compositioneseiusex·

1129 4547 1223 4599 tant:

1216 4663 1237 4717 l.
1255 4662 1348 4718 Missa
1365 4666 1393 4717 in
1410 4665 1443 4730 B,
1465 4663 1500 4718 ad
1522 4662 1751 4720 sollemnitatem
1773 4667 1903 4721 nominis
1924 4665 1955 4720 P.

1130 4766 1229 4822 Bedae
1246 4766 1350 4833 Plank‚
1372 4766 1461 4839 1827.

1216 4872 1252 4926 11.
1270 4870 1424 4927 Graduale
1441 4867 1570 4948 (Amavit
1586 4871 1673 4951 eum),
1696 4871 1784 4944 1827.

1216 4976 1267 5031 III.
1291 4974 1443 5032 Graduale
1464 4973 1557 5052 (Ecce
1574 4995 1651 5032 nunc
1667 4974 1836 5033 benedicite
1854 4977 1957 5033 Domi·

1129 5078 1218 5158 num),
1241 5079 1330 5152 1831.
1394 5083 1397 5093 '

1216 5184 1266 5240 IV.
1304 5183 1467 5241 offertoria
1503 5204 1558 5261 pro
1596 5183 1752 5240 dominicis
1789 5186 1956 5251 Adventus,

1135 5285 1224 5359 1832.

1215 5393 1251 5448 V.
1268 5390 1380 5448 Libera
1396 5390 1467 5469 (duo
1485 5389 1590 5469 chori),
1612 5392 1701 5464 1832.
