4178 6196
901 497 947 505 -
1009 455 1077 538 187
1136 494 1182 502 ,2

256 674 321 732 VII.
347 671 456 729 Modus
480 668 637 747 repetendi
657 668 841 723 humaniora.
866 665 1001 720 Manusc.

169 783 340 840 continetur
361 780 391 834 in
411 775 553 834 Stanislai
571 772 714 832 Wiilberz
730 770 933 828 analectorum
956 781 1003 824 to·

171 904 220 944 mo
236 886 273 943 V.
291 897 351 956 2²3
371 901 399 959 p.
511 946 517 962 ι

257 1007 339 1064 VIII.
349 1006 541 1080 Conspectus
551 1001 708 1060 monastici
717 997 1001 1055 Blasiani.Manusc.

171 1116 343 1171 continetur
360 1113 389 1167 in
405 1107 548 1166 StanIslai
566 1105 709 1165 Witlberz
730 1104 934 1161 analectorum
956 1114 1003 1156 to·

175 1237 222 1275 mo
240 1218 275 1273 V.
294 1231 354 1289 255
374 1234 402 1290 p.

260 1341 311 1395 IX.
328 1338 527 1394 hlonasticum
545 1334 801 1391 San-Blasianum.
823 1330 958 1385 Manusc.
975 1328 1004 1383 in

172 1446 256 1510 folio,
274 1446 407 1500 continet
420 1411 491 1498 lolia
504 1453 577 1513 325,
595 1452 625 1495 et
641 1437 819 1494 adservatur
835 1437 863 1491 in
880 1433 1003 1490 archivo

174 1549 386 1608 San-Paulano
403 1549 459 1603 No.
481 1544 550 1618 196.

260 1674 297 1729 X.
315 1672 363 1727 Ad
380 1670 536 1726 historiam
555 1665 727 1723 monasterii
748 1683 772 1720 s.
790 1663 890 1718 Blasii.
914 1661 1004 1718 Mser.

174 1777 303 1843 infolio,
326 1776 460 1833 continet
476 1775 505 1829 in
523 1788 539 1829 2
557 1767 758 1828 voluminibus
776 1767 838 1825 260
855 1765 935 1832 lolia,
953 1765 1006 1822 ad-

173 1896 315 1943 servatur
331 1883 360 1937 in
376 1879 501 1936 archivo
518 1875 728 1933 San-Paulano
745 1875 802 1929 Νο.
824 1887 893 1946 195.

261 2005 313 2060 XI.
339 2000 512 2078 Diplomata
529 1998 702 2055 monasterii
725 2016 751 2062 s.
769 1995 858 2051 Blasii
880 2011 1007 2051 concer-

177 2112 278 2168 nentia
306 2102 527 2180 1093—1286.
552 2105 687 2159 Manusc.
712 2103 741 2157 in
765 2098 848 2165 solio,
874 2099 1008 2155 continet

177 2214 241 2289 380
268 2213 350 2280 tolia,
378 2209 557 2266 adservatur
580 2209 608 2262 in
635 2206 759 2263 archivo
783 2201 1007 2260 San-Paulano

176 2320 233 2376 No.
251 2315 301 2374 60.

264 2440 330 2496 XII.
348 2438 523 2513 Copiarium
540 2435 787 2490 documentorum
805 2428 1008 2502 635-1771.

178 2547 313 2603 Manusc.
332 2541 460 2609 infolio,
479 2541 613 2597 continet
632 2539 662 2594 in
682 2535 809 2611 singulis
830 2548 864 2590 12
882 2532 1010 2589 volumi·

182 2649 270 2707 nibus
288 2662 349 2721 250
366 2645 448 2709 folia.
465 2643 643 2717 adservatur
660 2643 687 2696 in
704 2639 828 2696 archivo
844 2636 1010 2694 San-Pau·

183 2756 250 2811 lano
267 2755 323 2810 No,
342 2750 392 2809 61.

267 2877 350 2932 XIII.
374 2875 508 2930 Dianium
531 2869 708 2944 1728—30.
731 2869 865 2924 Manusc.
883 2866 1010 2924 infolio.

181 2984 203 3039 l.
220 2981 360 3038 volumen
377 2980 511 3035 continet
532 2975 603 3032 lolia
619 2972 692 3047 358,
718 2973 755 3028 ll.
777 2971 917 3028 volumen
939 2990 1012 3027 con-

183 3089 254 3143 tinet
262 3084 334 3142 folia
345 3097 421 3156 2053
434 3081 615 3138 adservatur
626 3081 656 3134 in
668 3077 791 3134 archivo
800 3075 1012 3133 San-Paulano

182 3193 236 3248 No.
258 3189 326 3247 166.

268 3337 379 3410 Herz
412 3347 663 3408 Lambertus
694 3340 869 3404 Carolus
901 3336 1013 3420 (Sco-

183 3466 345 3546 1011515),
374 3465 536 3528 Viennae
564 3462 599 3525 in
623 3458 771 3522 Austria
798 3457 855 3520 die
882 3479 912 3534 4.
936 3456 1011 3518 Iun.

188 3593 265 3668 1843
279 3598 394 3668 natus,
412 3607 491 3650 cum
504 3582 681 3667 gymnasii
694 3579 813 3644 studia
825 3579 871 3642 ad
884 3576 1012 3642 Scotos

183 3711 419 3773 Vindobonae
449 3705 680 3785 absolvisset,
711 3703 844 3766 ibidem
875 3700 933 3763 die
965 3721 1012 3777 14.

1168 660 1327 718 Herzliche
1354 648 1463 716 Worte
1494 657 1687 733 gesprochen
1718 653 1796 711 beim
1825 652 1914 709 seier-

1083 767 1180 823 lichen
1204 763 1412 840 Ehejubilaum
1441 764 1495 820 des
1519 763 1557 820 H.
1581 758 1680 838 Jakob
1708 760 1760 816 mit
1786 757 1840 815 der
1863 757 1913 813 Fr.

1083 872 1234 928 'l'heresia
1257 869 1437 926 Ramharter
1461 886 1507 950 am
1533 865 1583 924 26.
1601 867 1677 922 Nov.
1704 861 1782 937 1872
1809 866 1838 920 in
1862 862 1915 918 der

1083 976 1195 1032 Kirche
1211 994 1276 1030 zum
1294 974 1363 1030 heil.
1380 972 1465 1029 Blute
1482 974 1510 1028 in
1527 969 1818 1045 PulkauaViennae,
1835 968 1915 1042 typis

1084 1081 1205 1138 Eurich.

1169 1243 1326 1317 Hieber
1361 1254 1689 1318 Carolomannus
1726 1256 1915 1339 (Admon-

1084 1373 1243 1456 tensis),
1272 1371 1413 1436 Graecii
1441 1373 1475 1435 in
1504 1371 1613 1437 Stiria
1644 1394 1690 1438 10.
1717 1374 1807 1454 Apr.
1836 1378 1913 1436 1812

1084 1496 1292 1578 parentibus
1314 1495 1504 1578 oppidanis
1525 1506 1639 1577 natuS,
1665 1497 1792 1560 studiis
1815 1518 1917 1581 gym-

1084 1619 1176 1683 nasii
1191 1631 1227 1682 et
1238 1618 1481 1682 humaniorum
1494 1640 1630 1683 summo
1646 1641 1725 1684 curn
1740 1622 1916 1705 applausu

1085 1741 1573 1825 frequentatisAdmontense
1583 1742 1688 1825 petiit
1697 1745 1916 1826 coenobium,

1087 1866 1146 1929 ubi
1164 1887 1213 1945 ²9·
1230 1866 1305 1929 Iun.
1327 1869 1404 1928 1833
1427 1874 1512 1929 vota
1532 1866 1716 1929 sollemnia
1735 1886 1917 1948 nuncupa-

1087 1987 1198 2064 vitet
1226 2009 1274 2066 14.
1295 1988 1381 2050 Dec.
1411 1991 1491 2067 1834
1515 1987 1688 2070 primitias
1713 1990 1916 2053 celebravit.

1086 2111 1206 2175 Primo
1226 2110 1336 2174 divini
1352 2111 1454 2174 verbi
1470 2131 1600 2194 praeco
1618 2113 1833 2177 constitutus
1848 2114 1918 2176 iam

1087 2255 1180 2298 anno
1197 2234 1360 2315 sequenti
1375 2234 1411 2296 in
1427 2235 1652 2317 gymnasium
1669 2234 1919 2300 Benedictino-

1089 2378 1165 2420 rum
1192 2357 1395 2438 Augustam
1422 2356 1688 2420 Vindelicorum
1714 2357 1842 2421 missus
1870 2357 1918 2420 ibi

1090 2501 1155 2562 per
1167 2488 1335 2562 quattuor
1347 2498 1458 2540 annos
1472 2498 1692 2542 commorans
1705 2478 1831 2543 officiis
1848 2482 1920 2543 suis

1090 2601 1315 2665 laudabiliter
1329 2601 1472 2664 functus
1489 2614 1553 2684 est,
1578 2604 1690 2666 donec
1711 2603 1746 2666 in
1767 2605 1920 2687 patriam

1090 2734 1289 2805 revocatus,
1306 2724 1341 2786 in
1358 2724 1545 2806 gymnasio
1561 2725 1844 2809 Iudenburgensi
1861 2748 1921 2790 an·

1091 2868 1136 2910 no
1157 2852 1231 2927 1841
1254 2847 1456 2909 ascenderit
1472 2847 1687 2913 cathedram.
1712 2849 1818 2913 Anno
1840 2855 1920 2928 1840

1092 2968 1282 3033 Graecium
1295 2970 1497 3051 translatus,
1511 2968 1581 3032 iam
1593 2990 1684 3034 anno
1702 2976 1782 3051 1854
1795 2994 1921 3036 munus
2002 2990 2010 3014 ²

1092 3092 1215 3155 obibat
1225 3091 1410 3155 directoris
1422 3092 1599 3175 gymnasii
1612 3097 1780 3175 usquead
1792 3115 1921 3159 annum

1096 3219 1191 3289 1861;
1207 3235 1289 3277 nam
1304 3213 1433 3277 fratres
1449 3215 1713 3279 Admontenses
1735 3218 1922 3301 elegerunt

1092 3337 1385 3401 carolomannum
1420 3337 1455 3399 in
1491 3337 1813 3404 administratorem
1844 3361 1924 3405 coe·

1092 3459 1189 3523 nobii
1216 3480 1295 3522 cum
1322 3458 1492 3523 facultate
1520 3461 1662 3523 abbatis
1690 3472 1726 3525 et
1754 3463 1923 3526 defuncto

1093 3582 1174 3664 piae
1188 3581 1379 3644 memoriae
1394 3584 1526 3645 abbate
1536 3583 1707 3647 Bennone
1721 3589 1799 3648 1803
1815 3585 1849 3648 in
1863 3588 1924 3648 ab·

1091 3710 1222 3770 batem.
1236 3705 1442 3788 Symbolum
1456 3707 1667 3770 neoabbatis
1681 3717 1771 3771 erat:
1786 3707 1924 3792 „infide

184 3833 284 3913 Sept.
307 3834 384 3894 1863
404 3849 431 3892 s.
444 3828 569 3890 habitu
585 3827 739 3906 indutus
755 3833 841 3887 vota
853 3821 1013 3885 sollemni
1051 3843 1055 3932 Ι
1092 3827 1489 3892 victoria“.Incendium
1499 3828 1584 3890 illud
1594 3829 1923 3912 horribile27.Apr.

184 3955 252 4017 ritu
265 3952 485 4034 nuncupavit
501 3951 557 4013 die
572 3971 622 4029 29.
636 3949 736 4030 Sept.
754 3952 844 4026 1867.
861 3944 1014 4008 Emenso

186 4077 315 4140 deinde
331 4096 358 4138 5.
376 4073 578 4157 theologiae
599 4073 633 4135 in
655 4072 749 4134 univ.
766 4069 921 4132 Vindob.
938 4087 1015 4131 cur·

185 4221 238 4281 su,
255 4200 312 4262 die
330 4174 380 4262 25.
393 4199 457 4260 Iul.
475 4201 555 4260 1868
568 4193 769 4258 sacerdotio
784 4192 1017 4273 inauguratus

186 4322 299 4385 tribus
331 4321 457 4384 diebus
489 4328 571 4401 post
601 4317 750 4400 primam
778 4317 856 4378 Deo
883 4311 1017 4394 optimo

187 4444 315 4508 obtulit
349 4443 502 4506 hostiam
534 4441 753 4504 incruentam
785 4437 842 4500 die
875 4439 924 4498 28.
954 4435 1017 4497 Iul.

189 4566 319 4632 Statim
341 4565 470 4628 deinde
491 4583 597 4626 curae
623 4560 818 4624 animarum
844 4560 1019 4636 admotus,

188 4710 266 4752 cum
284 4686 507 4750 auxiliarium
530 4685 665 4767 egisset
689 4680 839 4746 diversis
863 4680 898 4742 in
921 4677 1019 4759 locis,

194 4816 273 4890 1800
287 4818 498 4890 cooperator
511 4806 638 4870 missus
651 4804 855 4885 est,Pulkau
867 4808 1020 4882 octoque

188 4934 291 4996 annis
314 4941 396 5014 post
412 4925 698 5006 Stammersdorf,
723 4927 816 4988 unde
840 4924 875 4985 in
899 4923 1022 4984 urbem

190 5056 304 5119 redux
321 5051 562 5134 cooperatoris
575 5049 610 5111 in
624 5046 793 5110 suburbio
810 5045 905 5108 dicto
921 5041 1023 5106 Cam-

189 5197 237 5261 po
254 5175 441 5240 Scotorum
458 5184 580 5255 partes
601 5168 760 5250 suscepit
783 5167 841 5229 die
862 5187 908 5228 12.
926 5165 1022 5247 Aug.

194 5286 1023 5380 1877‚quibushucusquelaudabiliterfungitur.

278 5438 391 5522 Typis
408 5437 518 5499 edidit
535 5433 741 5497 concionem
757 5428 966 5510 nuptialem:

1098 3956 1177 4015 1805
1205 3960 1367 4015 exortum
1392 3952 1557 4013 damnum
1578 3950 1664 4014 fecit
1685 3953 1856 4016 coenobio
1878 3954 1926 4016 in·

1096 4075 1265 4139 credibile
1286 4085 1322 4137 et
1338 4075 1526 4137 sanitatem
1543 4074 1662 4137 dilecti
1684 4076 1797 4155 patris
1819 4077 1926 4138 deva-

1097 4197 1216 4262 stavit.
1232 4196 1367 4260 Vitium
1384 4196 1589 4279 organicum
1603 4197 1720 4259 cordis
1734 4199 1928 4260 accedente

1097 4323 1259 4405 hydrope
1287 4319 1534 4384 Carolomanni
1569 4319 1666 4382 vitae
1695 4320 1793 4381 dedit
1822 4318 1927 4381 finem

1103 4450 1149 4508 13.
1170 4445 1259 4507 Nov.
1281 4447 1371 4505 1868.
1395 4442 1582 4523 Templum
1598 4462 1625 4504 s.
1639 4440 1750 4504 Blasii
1766 4460 1811 4504 ex
1827 4440 1929 4504 ruina

1099 4567 1253 4651 gloriose
1281 4574 1444 4628 evectum
1471 4554 1767 4627 Carolomannum
1798 4565 1930 4626 salutat

1100 4699 1290 4753 auctorem.
1315 4687 1604 4768 carolomannus
1630 4689 1755 4751 doctor
1780 4707 1807 4751 s.
1831 4688 1930 4749 theo-

1100 4812 1229 4894 logiae,
1253 4830 1363 4893 eques
1384 4809 1516 4873 ordinis
1540 4818 1648 4872 austr.
1670 4808 1852 4871 Francisci
1875 4809 1930 4871 Io-

1101 4932 1214 5015 sephi,
1241 4952 1313 4995 rev.
1341 4931 1451 5014 princ.
1475 4929 1629 5012 archiep.
1654 4927 1872 4993 Goriciensis
1895 4940 1931 4993 et
1970 5003 1973 5007 .

1103 5057 1213 5138 princ.
1232 5054 1340 5137 episc.
1357 5053 1605 5118 Seccoviensis
1627 5051 1858 5135 consiliarius,
1881 5054 1931 5116 in-

1104 5179 1235 5261 digena
1250 5177 1353 5260 regni
1365 5177 1552 5256 Bavariae‚
1569 5176 1615 5237 ad
1627 5175 1769 5237 comitia
1782 5176 1932 5238 ducatus

1104 5301 1233 5366 Stiriae
1243 5301 1446 5383 deputatus,
1455 5297 1617 5379 pluribus
1628 5296 1859 5360 societatibus
1871 5307 1933 5362 aut

1105 5425 1151 5486 ad
1168 5423 1353 5487 scientiam
1369 5432 1431 5485 aut
1446 5423 1493 5484 ad
1509 5422 1640 5484 bonum
1657 5420 1836 5502 pubIIcum
1853 5397 1933 5501 pross

1675 5526 1726 5584 24*
