4178 6196
899 441 1178 511 -425·“

257 635 322 692 Vll.
346 636 403 691 Die
420 637 444 690 F
446 637 509 691 eier
525 635 608 690 einer
624 634 789 690 sollemnen
806 632 998 688 Votivmesse

169 761 216 796 am
234 738 416 796 Ernteleste.
435 736 464 817 (i.
479 757 505 794 1.
521 739 567 793 [)1
581 736 786 794 celebratione
800 737 910 791 missae
922 735 1001 789 voti·

170 864 226 900 vae
244 844 398 899 sollemnis
411 845 440 898 in
453 844 617 916 gratiarum
630 843 779 896 actionem
793 859 849 915 pro
864 834 1001 911 frugibus

171 947 292 1024 terrae.)
308 946 384 1003 lbid.
408 945 497 1019 1878.

258 1093 516 1167 Schiikl'lrian
541 1103 697 1164 Nerses
722 1099 1001 1185 (Mechithari-

172 1224 259 1302 sta),
277 1221 587 1301 Constantinopoli
604 1221 661 1282 die
682 1240 729 1298 17.
747 1220 822 1282 Iun.
844 1222 922 1297 1827
941 1237 1001 1279 na·

171 1344 407 1424 tuS,Viennae
418 1341 739 1404 inAustriahabitu
749 1361 776 1402 s.
787 1339 1000 1403 die21.Nov.

177 1471 254 1543 1843
273 1465 427 1544 indutus,
450 1464 508 1525 die
527 1469 576 1525 25.
594 1463 699 1525 Mart.
722 1467 799 1540 1847
817 1472 902 1523 vota
919 1460 1002 1522 emi-

172 1586 227 1667 sit,
245 1597 280 1648 et
297 1586 354 1647 die
375 1607 400 1649 1.
414 1585 500 1647 Maii
518 1589 596 1646 1853
615 1594 843 1646 consecratus
857 1591 912 1645 est
923 1601 1003 1663 pre-

173 1711 306 1790 sbyter.
324 1709 384 1769 Ab
402 1727 494 1769 anno
513 1712 594 1769 18110
609 1707 826 1788 fungebatur
838 1703 1002 1786 Tergesti

173 1830 207 1891 in
225 1829 377 1909 collegio
400 1831 451 1908 1.-
473 1828 672 1910 gymnasio)
694 1826 861 1890 Mechith.
875 1826 1002 1887 Vienn.

173 1969 317 2011 munere
334 1951 520 2012 directoris
534 1960 570 2010 et
582 1949 794 2030 professoris
806 1947 1001 2010 humanior.

173 2072 381 2134 studiorum.
399 2073 505 2134 Anno
524 2076 603 2148 1864
617 2069 775 2133 infirmae
787 2068 1002 2132 valetudinis

173 2192 631 2274 causaConstantinopolim
642 2193 779 2273 11155115,
789 2192 919 2253 ibidem
930 2191 1003 2270 (vix

173 2322 211 2393 37
231 2334 344 2376 annos
360 2317 477 2394 natus)
495 2333 697 2394 supremum
714 2313 802 2375 obiit
819 2312 935 2376 1111111..

262 2435 382 2517 Opera
403 2436 479 2498 eius
500 2436 535 2497 in
550 2435 635 2517 ling.
652 2435 889 2496 Neo-armena
905 2432 1003 2514 typis

175 2557 286 2618 edita:

260 2682 283 2736 1.
307 2682 462 2755 (11114111,
479 2689 578 2766 114914.
598 2705 632 2730 „a
652 2681 844 2758 fufsushwffi,
866 2683 884 2737 i.
902 2699 929 2737 e.
946 2682 1004 2737 Im-

175 2799 299 2861 perator
315 2786 475 2842 Conrad'us
492 2799 522 2840 et
538 2804 614 2861 puer
627 2783 781 2842 mirabilis.
799 2787 938 2841 Narratio
955 2804 1004 2842 10·

175 2892 324 2945 manensis
341 2909 377 2945 ex
394 2890 464 2963 ling.
479 2889 581 2945 Germ.
597 2890 750 2945 translata.
767 2891 911 2956 Viennae,
925 2891 1005 2965 typis

174 2994 315 3049 Mechith.
338 2992 427 3065 1859.

262 3099 298 3152 11·
319 3099 433 3172 omma
453 3096 555 3176 11111.
578 3098 652 3170 1ιυ1
674 3098 845 3172 ‘ruant
867 3099 884 3152 i·
903 3115 928 3153 e·
946 3097 1006 3153 cu-

174 3199 304 3258 biculum
330 3202 477 3269 dolorum,
504 3204 567 3258 sive
591 3199 717 3275 Kiburg.
742 3202 881 3257 Narratio
905 3219 1004 3257 roma·

175 3307 276 3360 nensis
300 3324 336 3360 ex
360 3305 431 3379 ling.
449 3303 553 3361 Germ.
576 3306 729 3361 translata.
755 3307 899 3370 Viennae,
925 3307 1005 3380 typis

176 3409 316 3464 Mechith.
338 3407 428 3466 1860.

262 3537 416 3610 Schi'ltz
446 3548 709 3611 Ludovicus
738 3548 1005 3631 (Scotensis),

176 3666 336 3727 Viennae
350 3666 385 3726 in
396 3666 542 3727 Austria
555 3675 659 3728 natus
671 3666 728 3727 die
743 3687 789 3744 14.
800 3666 900 3748 Sept.
915 3671 1006 3746 1811,

177 3808 254 3849 cum
282 3788 458 3870 gymnasii
487 3789 606 3850 studia
634 3798 669 3850 et
696 3789 943 3869 philosophica
970 3788 1006 3851 in

176 3910 269 3973 univ.
280 3909 433 3972 Vindob.
457 3910 635 3991 coluisset,
658 3911 715 3972 die
736 3916 787 3973 30.
805 3909 904 3992 Sept.
926 3915 1005 3987 1829

176 4053 201 4094 s.
223 4032 346 4094 habitu
374 4032 528 4113 indutus
553 4032 647 4095 votis
671 4032 831 4094 sollemni
856 4033 925 4094 ritu
949 4033 1006 4094 die

177 4161 228 4216 80.
257 4153 357 4235 Sept.
390 4159 468 4215 1832
499 4154 712 4234 nuncupatis
740 4173 955 4235 emensoque
979 4174 1005 4215 s.

176 4277 379 4358 theologiae
393 4276 427 4338 in
442 4276 535 4339 univ.
547 4275 700 4338 Vindob.
715 4296 820 4338 cursu
832 4276 1006 4356 primitias

176 4399 370 4460 celebravit
387 4399 444 4460 die
463 4419 491 4477 9.
505 4398 594 4460 Nor.
617 4403 706 4475 1834.
732 4397 861 4461 Statim
878 4399 1007 4461 deinde

177 4541 281 4583 curae
307 4521 502 4583 animarum
526 4520 706 4601 addictus,
735 4541 813 4582 cum
838 4541 1007 4602 coopera-

177 4656 289 4706 torem
307 4645 442 4725 egisset
462 4654 644 4706 strenuum
661 4644 695 4705 in
712 4644 853 4706 Pulkau
870 4653 906 4706 et
926 4648 1004 4722 1848

175 4770 302 4828 -1853
325 4766 361 4827 11
384 4766 554 4827 suburbio
569 4765 734 4846 Vindob.,
760 4766 855 4828 dicto
872 4765 1007 4847 Campo

177 4887 363 4951 Scotorum
391 4887 597 4968 parochiam
627 4887 786 4967 suscepit
813 4889 858 4948 ad
886 4908 912 4949 5.
941 4888 1007 4949 Mi-

178 5012 334 5073 chaelem
357 5010 391 5072 in
413 5010 563 5091 Pulkau,
585 5030 655 5091 qua
677 5030 741 5091 per
763 5017 802 5072 20
820 5010 1006 5073 continuos

177 5154 288 5195 annos
305 5134 452 5216 egregie
469 5133 725 5213 administrata,
750 5134 926 5214 parochus
948 5136 1008 5196 de·

178 5255 339 5336 signatus
372 5268 426 5320 est
460 5257 494 5318 in
523 5256 772 5338 (iampendorf
800 5256 835 5318 in
862 5257 1008 5339 regione

178 5378 274 5440 urbis
294 5379 366 5459 VL,
391 5379 490 5441 cuius
520 5389 641 5459 partes
668 5378 852 5460 hucusque
879 5388 1009 5459 tuetur,

1083 624 1171 686 civis
1194 621 1371 684 honorarii
1388 621 1637 683 Pulkaviensis
1661 619 1836 701 dignitate
1859 617 1910 679 11-

1083 745 1244 828 signitus.

1167 867 1280 950 Typis
1296 866 1408 928 edidit
1424 865 1647 928 concionem:

1168 995 1191 1051 1.
1208 993 1333 1066 Predigt
1349 992 1397 1048 bei
1415 991 1616 1066 Celegenheit
1636 991 1690 1046 der
1713 988 1909 1063 Joojahrigen

1080 1098 1243 1175 Jubelleier
1265 1097 1319 1153 der
1336 1096 1526 1152 Plarrlrirche
1550 1115 1615 1150 zum
1640 1095 1708 1151 heil.
1731 1093 1857 1149 Michael
1883 1095 1911 1147 in

1082 1202 1197 1258 Pulkau
1227 1221 1273 1257 am
1307 1217 1335 1256 2.
1364 1202 1423 1256 Mai
1457 1198 1546 1272 1858.
1584 1200 1732 1263 Viennae,
1765 1200 1844 1273 typis
1873 1197 1908 1252 A.

1081 1305 1267 1380 Schweiger.

1168 1411 1205 1466 ΙΙ.
1222 1412 1407 1467 Concionem
1425 1408 1649 1464 secunditialem
1664 1421 1694 1463 et
1707 1407 1910 1482 primitialem:

1082 1518 1134 1571 Bei
1148 1515 1348 1589 Gelegenheit
1361 1515 1414 1569 des
1428 1513 1606 1587 50jalhrigen
1619 1509 1911 1584 Priesterjubilaums

1082 1620 1136 1675 des
1152 1620 1252 1675 Herrn
1269 1618 1376 1691 Georg
1389 1616 1586 1684 Verderbers‚
1604 1618 1717 1671 emerit.
1732 1613 1869 1670 Psarrers
1883 1617 1910 1669 11

1083 1726 1167 1781 11112.
1185 1725 1328 1791 Viennae,
1347 1722 1437 1795 1858,
1454 1723 1533 1797 typis
1547 1721 1582 1777 A.
1596 1719 1781 1794 Schweiger.
1796 1720 1912 1774 -Zur

1083 1829 1264 1884 Primizleier
1284 1827 1337 1883 des
1357 1821 1565 1882 P.'Gottlried
1589 1823 1711 1880 Schmid
1728 1842 1757 1878 0.
1774 1843 1798 1879 5.
1816 1824 1849 1878 B.
1876 1843 1911 1878 zu

1082 1933 1139 1989 den
1152 1932 1298 1987 Schotten
1312 1933 1340 1985 in
1349 1929 1448 1994 wien,
1463 1929 1601 2003 gehalten
1616 1930 1644 1982 in
1658 1927 1912 1983 derPlarrkirche

1082 2058 1116 2092 zu
1134 2037 1259 2093 Pulkau.
1285 2036 1428 2100 Viennae,
1454 2032 1545 2106 1859.
1569 2035 1648 2107 typis
1670 2033 1706 2088 A.
1724 2031 1910 2105 Schweiger.

1170 2201 1361 2275 Schultes
1397 2209 1695 2292 Sigismundus
1730 2209 1912 2271 Ioannes

1082 2332 1236 2412 Evang.
1250 2328 1501 2410 (Scotensis),
1511 2330 1606 2390 haud
1620 2327 1768 2409 ignobili
1780 2345 1912 2408 genere

1083 2463 1187 2515 natus
1194 2452 1430 2513 Vindobonae
1440 2451 1497 2512 die
1508 2455 1557 2511 26.
1569 2448 1668 2530 Sept.
1685 2453 1760 2510 1801
1773 2472 1779 2520 ;
1790 2459 1913 2510 tenera

1083 2575 1198 2636 adhuc
1223 2583 1342 2635 aetate
1365 2572 1528 2653 patribus
1553 2570 1691 2650 piarum
1715 2570 1912 2631 scholarum

1085 2696 1298 2758 erudiendus
1316 2706 1370 2757 est
1387 2693 1549 2756 traditus.
1575 2691 1762 2753 Absolutis
1779 2691 1861 2752 dein
1877 2690 1912 2752 in

1084 2819 1272 2901 gymnasio
1289 2817 1479 2898 losephino
1500 2814 1765 2878 humanioribus
1786 2812 1912 2875 studiis

1083 2940 1331 3022 philosophiae
1359 2939 1394 3001 in
1422 2939 1516 3000 univ.
1536 2936 1731 2998 Viennensi
1759 2936 1912 2997 vacabat

1085 3072 1184 3125 tanto
1206 3082 1284 3125 curn
1309 3080 1486 3140 successu,
1508 3069 1557 3140 ut,
1582 3079 1660 3120 cum
1685 3058 1720 3119 in
1744 3056 1912 3118 familiam

1085 3185 1294 3249 Scotensem
1315 3181 1448 3264 suscipi
1472 3182 1627 3262 supplex
1649 3178 1765 3260 fieret,
1788 3178 1912 3240 facilli-

1084 3328 1178 3369 mum
1194 3307 1325 3368 ibidem
1342 3305 1476 3366 aditum
1496 3302 1681 3366 invenerit.
1709 3302 1835 3382 Itaque
1856 3300 1913 3362 die

1089 3451 1136 3509 19.
1154 3428 1233 3492 011.
1259 3433 1338 3505 1819
1364 3446 1465 3489 sacra
1488 3435 1589 3487 veste
1613 3423 1839 3485 benedictina
1863 3423 1913 3484 in-

1085 3554 1201 3630 dutus,
1224 3571 1303 3613 cum
1319 3549 1498 3611 luculenta
1514 3566 1636 3608 sacrae
1654 3565 1740 3607 suae
1756 3545 1914 3607 vocatio·

1086 3675 1140 3736 nis
1164 3672 1360 3755 specimina
1385 3672 1554 3752 dedisset,
1579 3670 1636 3731 die
1662 3690 1711 3731 20.
1733 3667 1812 3731 Oct.
1835 3671 1911 3728 1822

1087 3797 1215 3858 emissa
1228 3795 1389 3858 sollemni
1401 3805 1564 3857 votorum
1577 3793 1769 3874 sponsione
1781 3791 1860 3852 Deo
1877 3808 1915 3851 se

1086 3917 1309 3982 consecravit
1335 3916 1549 3997 biennioque
1573 3925 1655 3997 post
1678 3913 1735 3975 die
1761 3919 1790 3977 8.
1815 3910 1914 3992 Sept.

1091 4049 1181 4123 1824,
1206 4041 1355 4121 primam
1379 4039 1531 4101 hostiam
1554 4037 1813 4099 immaculatam
1836 4034 1914 4095 Deo

1086 4164 1225 4228 obtulit.
1250 4163 1417 4225 Proximo
1433 4179 1554 4223 mense
1568 4160 1725 4221 eiusdem
1738 4156 1821 4218 anni
1834 4174 1914 4216 coo·

1086 4300 1231 4368 perator
1251 4285 1379 4347 missus
1401 4294 1455 4344 est
1477 4282 1522 4342 ad
1543 4279 1746 4361 parochiam
1767 4277 1802 4338 in
1820 4273 1914 4337 Gau·

1086 4406 1258 4485 nersdorf‚
1282 4406 1375 4466 unde
1395 4402 1538 4464 biennio
1562 4401 1708 4481 expleto
1732 4399 1767 4460 in
1791 4399 1914 4460 urbem

1086 4529 1200 4590 redux
1221 4528 1346 4588 eodem
1367 4541 1511 4585 munere
1534 4521 1568 4583 in
1589 4522 1792 4582 suburbana
1812 4539 1915 4601 paro·

1087 4649 1166 4711 chia
1181 4646 1427 4713 Schottenfeld
1444 4664 1507 4725 per
1524 4645 1613 4705 duos
1626 4662 1737 4705 annos
1751 4651 1806 4704 est
1817 4641 1916 4703 func-

1086 4781 1154 4851 tus,
1163 4768 1374 4852 praeprimis
1387 4768 1544 4830 intentus
1555 4765 1665 4828 sacris
1675 4764 1914 4836 concionibus

1087 4913 1178 4974 quae
1207 4911 1315 4953 causa
1341 4890 1501 4970 fuerunt,
1530 4898 1568 4950 ut
1595 4908 1697 4951 sacra
1724 4885 1915 4966 parochiae

1087 5012 1286 5076 claustralis
1302 5013 1471 5075 cathedra
1483 5019 1635 5072 vacante
1652 5011 1731 5070 1828
1749 5027 1794 5068 ex
1811 5027 1854 5069 ea
1870 5009 1915 5068 ad

1087 5137 1256 5218 populum
1273 5134 1392 5197 dicere
1404 5134 1595 5195 iuberetur.
1611 5131 1652 5193 In
1664 5128 1915 5193 monasterium

1087 5259 1196 5339 igitur
1216 5258 1365 5319 recessit
1386 5274 1516 5336 praeco
1541 5253 1641 5316 verbi
1664 5251 1774 5315 divini
1798 5251 1916 5313 simul-

1088 5398 1156 5460 que
1170 5392 1321 5440 curatus
1339 5378 1488 5440 Ineunte
1497 5395 1583 5438 vero
1596 5395 1689 5437 anno
1703 5375 1917 5436 scholastico

1661 5491 1692 5542 54
