4178 6196
944 460 1225 533 -275-

210 651 305 732 apud
322 669 444 712 omnes
463 668 598 712 summo
614 652 747 713 honore
763 650 916 727 habitus,
933 667 1040 730 quum

209 791 302 836 anno
329 777 406 835 1832
433 773 593 854 quintum
617 773 865 855 praefecturae
890 773 1040 834 lustrum

209 894 362 957 feliciter
377 895 609 976 explevisset,
626 895 783 976 undique
800 893 833 956 ei
851 902 1039 976 congratu-

209 1017 319 1078 latum
330 1026 394 1079 est.
412 1015 572 1079 Eundem
585 1037 606 1078 a
618 1017 814 1079 litterarum
825 1035 944 1078 amore
954 1034 1041 1076 nun-

211 1159 317 1220 quam
332 1139 535 1217 recessisse,
554 1138 722 1201 indicium
740 1151 805 1219 est,
818 1139 912 1221 quod
929 1139 974 1199 ad
992 1137 1041 1198 ul-

210 1261 332 1324 timam
360 1281 471 1343 usque
496 1257 606 1323 vitam
629 1262 749 1341 libroS,
774 1262 833 1342 qui
858 1268 1042 1342 praestan·

210 1383 338 1447 tissimi
362 1386 567 1464 ederentur,
594 1405 663 1447 non
685 1380 798 1448 solum
822 1382 1043 1464 comparavit

211 1508 275 1569 sed
292 1506 399 1569 etiam
415 1507 504 1589 legit
526 1519 562 1570 et
582 1508 722 1589 relegit,
745 1509 826 1569 dum
847 1505 926 1567 visu
946 1504 1043 1566 vale·

210 1631 283 1693 bat.
300 1628 387 1692 Cum
399 1649 486 1692 vero
502 1639 651 1712 propter
667 1629 848 1691 oculorum
864 1627 1044 1690 defectum

211 1752 366 1834 legendo
382 1751 497 1833 impar
509 1761 615 1833 esset,
632 1754 698 1814 hoc
712 1753 852 1832 malum,
868 1751 952 1814 licet
965 1769 1044 1832 gra·

212 1873 409 1955 vissimum,
436 1874 553 1936 animo
578 1886 650 1936 tam
674 1893 789 1955 aequo
812 1873 908 1952 tulit,
936 1885 975 1935 ut
1000 1892 1043 1934 ne

213 1996 362 2058 verbulo
384 1996 527 2079 quidem
551 1998 595 2059 de
612 2016 654 2059 eo
672 2006 887 2077 conquestus
909 1995 964 2058 sit.
988 1995 1044 2057 In-

213 2131 312 2181 terea
345 2119 402 2181 die
432 2123 459 2182 5.
489 2117 568 2182 Oct.
602 2123 698 2197 18³3,
727 2117 1044 2199 quinquagesimus

213 2243 290 2305 dies
300 2241 564 2304 anniversarius
575 2240 763 2304 sacerdotii
777 2241 830 2303 sui
844 2240 960 2319 rediit,
974 2259 1043 2321 quo

214 2364 281 2443 die,
298 2384 377 2427 cum
394 2365 472 2446 ipse
489 2375 636 2446 propter
652 2363 840 2446 caliginem
864 2362 1044 2425 oculorum

215 2507 317 2549 sacra
333 2487 433 2549 obire
450 2507 519 2550 non
536 2496 669 2570 posset,
691 2506 826 2548 summa
843 2506 921 2548 cum
938 2487 1045 2548 devo·

214 2609 310 2672 tione
327 2607 502 2671 sacrificio
516 2608 644 2670 missae
658 2610 750 2671 hunc
764 2607 798 2669 in
807 2605 912 2669 finem
925 2609 970 2669 ab
984 2609 1045 2668 ab·

213 2731 297 2792 bate
319 2732 521 2793 celebratae
547 2730 708 2829 interfuit
735 2740 771 2793 et
794 2749 896 2792 sacra
917 2730 1044 2812 synaxi

213 2853 369 2915 refectus
385 2852 548 2915 Nestoris
569 2872 681 2916 annos
701 2853 813 2916 aetati
836 2871 922 2915 suae
945 2853 1043 2915 addi-

214 2984 313 3038 turus
337 2975 536 3039 videbatur.
566 2976 634 3038 Die
657 2995 742 3038 vero
771 2980 820 3038 28.
845 2976 934 3057 Apr.
964 2981 1043 3054 1834

215 3117 294 3159 cum
311 3097 433 3160 cubitu
450 3117 596 3180 surgere
609 3098 728 3178 vellet,
742 3097 942 3160 vehementi
955 3097 1044 3159 tussi

214 3229 250 3280 et
263 3218 381 3280 subita
394 3218 484 3281 febri
497 3219 729 3301 praepeditus
743 3219 800 3282 die
815 3218 938 3283 2.Maii
952 3219 1043 3282 eius·

214 3342 294 3402 dem
311 3340 392 3402 anni
408 3341 496 3403 hora
512 3353 596 3422 post
617 3341 799 3409 meridiem
819 3344 976 3404 secunda
998 3341 1043 3404 si·

213 3463 319 3541 tiens,
341 3462 538 3544 porrigenti
559 3463 739 3545 poculum,
763 3484 871 3545 quum
893 3463 1043 3526 bibisset

215 3584 394 3665 ,Valete“,
411 3586 534 3666 inquit,
559 3585 700 3664 ,amici“
727 3595 763 3648 et
779 3606 863 3649 mox
879 3586 954 3648 sine
970 3587 1043 3649 ullo

213 3708 332 3769 dolore
349 3707 510 3790 spiritum
529 3709 680 3771 creatori
698 3709 864 3772 reddidit.

299 3829 412 3913 Typis
428 3831 553 3894 edidit:

297 3956 320 4014 I.
338 3959 570 4034 Beruhigungen
581 3957 659 4016 beim
670 3958 849 4040 Ausbruche
862 3957 915 4015 des
929 3976 1042 4033 gegen·

212 4064 358 4137 wartigen
374 4047 514 4146 Krieges
537 4060 662 4140 (Concio
685 4062 722 4118 ad
743 4061 910 4138 placandos
926 4064 1042 4120 animos

212 4179 280 4223 orto
292 4164 372 4223 bello
389 4185 466 4223 anno
484 4166 586 4245 1799.)
603 4168 678 4223 Eine
691 4166 825 4241 Predigt‚
839 4167 980 4242 gehalten
992 4166 1040 4224 bei

212 4269 411 4344 Gelegenheit
426 4271 480 4327 des
496 4274 621 4328 zweiten
638 4271 833 4339 Dankiestcs‚
856 4271 926 4328 dass
948 4271 1041 4329 durch

212 4372 265 4429 das
278 4374 452 4450 Aufgeboth
469 4375 522 4432 das
531 4375 694 4433 Vateriand
709 4379 747 4432 ist
760 4390 891 4452 gerettet
905 4377 1039 4434 worden.

212 4477 355 4546 Viennae,
378 4493 469 4553 1799,
487 4483 567 4556 typis
585 4480 704 4537 Antonii
724 4481 851 4537 Pichler.
942 4501 947 4511 ·

299 4584 335 4640 11.
361 4585 418 4641 Die
440 4585 584 4641 Pilichten
604 4585 657 4642 des
679 4587 836 4642 Priesters.
863 4582 892 4661 (i.
910 4604 935 4642 e.
954 4585 1041 4654 Quae

211 4688 363 4745 sacerdoti
376 4691 434 4745 sint
448 4689 648 4755 obseruanda,
658 4690 873 4765 quomodoque
886 4709 920 4746 se
932 4687 1041 4768 gerat.)

212 4793 318 4851 Versio
344 4792 525 4851 Germanica
553 4813 590 4850 ex
617 4793 758 4850 idiomate
786 4794 1040 4868 Franco-gallico.

212 4897 471 4972 Herausgegeben
488 4917 548 4955 ron
564 4899 728 4975 Christoph
744 4899 866 4974 Bengel.
889 4914 898 4955 1
919 4899 979 4956 vol.
997 4897 1040 4956 8⁰.

210 5002 354 5068 Viennae,
377 5002 466 5075 1782,
485 5006 564 5079 typis
580 5002 802 5060 Sonnleithner.

298 5106 349 5162 111.
382 5107 445 5163 Des
476 5107 576 5163 Herm
603 5105 681 5165 Abts
709 5108 823 5164 Racine
855 5108 1040 5182 Kirchenge·

209 5213 353 5270 schichte.
368 5208 397 5288 (i.
412 5229 438 5267 e.
453 5211 606 5268 Historiae
620 5213 847 5270 ecclesiasticae
861 5212 974 5270 Racine
986 5211 1040 5269 ab·

209 5316 288 5374 batis
311 5318 339 5372 in
360 5317 491 5391 linguam
509 5318 718 5375 Germanicam
735 5314 860 5395 versio.)
885 5317 966 5374 Nach
988 5317 1042 5373 der

208 5440 314 5490 neuen,
340 5424 391 5478 mit
416 5425 537 5497 einigen
558 5423 792 5496 Anmerkungen
814 5421 874 5478 und
894 5423 1041 5478 Zusiitzen

1121 651 1311 708 vermehrten
1327 649 1482 726 Ausgabe.
1506 665 1547 708 20
1560 652 1619 708 vol.
1637 649 1679 709 80.
1703 666 1729 708 1.
1745 650 1791 708 ed.
1809 651 1952 716 Viennae,

1126 755 1215 831 1783,
1237 755 1316 832 apud
1333 757 1475 812 loannem
1492 755 1591 813 David
1607 756 1745 831 Hdrling,
1768 757 1951 832 typograph.

1121 876 1150 933 3.
1168 862 1215 918 ed.
1237 859 1404 934 1790—96
1422 860 1494 917 ibid.

1207 1024 1300 1101 Lidl
1323 1037 1607 1120 Ildephonsus
1632 1039 1666 1116 (a
1688 1056 1715 1099 s,
1736 1036 1862 1099 Petro
1885 1036 1953 1101 Sa-

1121 1155 1329 1239 lisburgi),
1351 1155 1479 1240 Styrus
1502 1177 1548 1219 ex
1564 1158 1824 1237 Rottenmann,
1849 1167 1953 1221 natus

1128 1298 1174 1357 17.
1191 1278 1278 1360 Apr.
1301 1284 1391 1361 1736,
1409 1279 1564 1343 novitius
1582 1284 1632 1343 28.
1649 1280 1743 1362 Aug.
1766 1283 1856 1360 1755,
1880 1298 1954 1342 mo·

1123 1403 1256 1464 nachus
1273 1401 1455 1483 professus
1474 1423 1523 1480 29.
1542 1403 1636 1485 Aug.
1659 1406 1749 1481 1756,
1767 1412 1953 1484 neomysta

1125 1544 1174 1585 22.
1192 1525 1279 1605 Apr.
1298 1529 1388 1603 1759.
1405 1524 1531 1588 Finitis
1548 1525 1674 1587 studiis
1691 1524 1901 1606 theologicis
1918 1533 1953 1586 et

1124 1645 1279 1708 iuridicis
1293 1667 1338 1708 ex
1351 1657 1502 1729 utroque
1517 1648 1590 1710 iure
1604 1648 1825 1710 examinatus
1840 1657 1876 1710 et
1889 1665 1953 1728 pro

1124 1785 1289 1848 suprema
1317 1769 1437 1832 laurea
1465 1773 1686 1852 approbatus
1712 1770 1812 1831 varia
1836 1767 1953 1831 officia

1124 1900 1197 1950 tum
1216 1891 1422 1987 domestica,
1438 1891 1489 1953 uti
1503 1894 1710 1954 catechetae
1727 1901 1762 1954 et
1779 1889 1951 1972 praefecti

1125 2013 1268 2075 scholae
1293 2015 1520 2094 domesticae,
1549 2015 1750 2095 repetitoris
1779 2015 1951 2077 iuniorum

1126 2134 1160 2195 in
1177 2134 1251 2197 iure
1269 2145 1429 2217 utroque,
1453 2146 1526 2198 tum
1544 2147 1692 2199 externa
1714 2138 1764 2200 uti
1786 2156 1954 2219 coopera-

1125 2255 1211 2318 toris
1239 2257 1274 2318 in
1302 2258 1485 2338 Abtenau,
1513 2258 1725 2340 professoris
1753 2259 1954 2342 theologiae

1126 2379 1310 2441 domestici
1336 2379 1370 2442 in
1395 2381 1617 2444 monasteriis
1635 2383 1680 2444 ad
1699 2401 1725 2444 s.
1742 2381 1952 2446 Michaelem

1125 2499 1243 2563 Burae
1264 2511 1300 2564 et
1320 2504 1365 2564 ad
1383 2521 1409 2565 s.
1419 2503 1540 2566 Vitum
1558 2505 1592 2566 in
1609 2505 1764 2567 Bavaria
1780 2515 1815 2568 et
1832 2506 1955 2569 vicarii

1125 2623 1316 2704 parochiae
1337 2625 1371 2687 in
1388 2625 1580 2689 Dornbach
1605 2627 1724 2689 subire
1748 2626 1863 2690 iussus
1888 2638 1952 2691 est.

1125 2746 1231 2808 Anno
1253 2750 1332 2824 1778
1355 2751 1383 2808 ὁ.
1402 2745 1501 2828 Sept.
1524 2766 1688 2829 suprema
1709 2767 1735 2812 s,
1752 2750 1953 2833 theologiae

1124 2868 1244 2930 laurea
1261 2869 1449 2932 decoratus
1472 2889 1537 2951 per
1563 2875 1582 2932 6
1604 2889 1715 2933 annos
1736 2871 1952 2954 theologiam

1124 2992 1291 3054 moralem
1309 3001 1344 3054 et
1360 2994 1575 3073 pastoralem
1592 2993 1626 3055 in
1640 2993 1733 3056 univ.
1749 2991 1876 3056 Salisb.
1891 2996 1951 3057 do-

1124 3112 1205 3175 cuit.
1231 3110 1328 3176 Obiit
1347 3133 1376 3176 2.
1391 3114 1454 3176 Iul.
1477 3118 1566 3176 1808.
1592 3114 1759 3197 Scripsit:

1210 3256 1231 3312 1.
1253 3256 1353 3331 Frage
1375 3256 1415 3313 ob
1436 3258 1490 3315 der
1505 3258 1720 3315 Moncbsstand
1739 3258 1814 3316 Gott
1829 3259 1954 3336 gefallig

1123 3360 1183 3416 und
1200 3360 1254 3417 der
1270 3361 1353 3418 Welt
1368 3363 1497 3419 niitzlich
1514 3359 1577 3419 sei?
1599 3365 1654 3420 Mit
1671 3367 1766 3420 einem
1783 3365 1902 3421 sichern
1916 3365 1953 3441 Ja

1123 3463 1324 3521 beantwortet
1349 3466 1441 3522 wider
1468 3466 1516 3523 die
1544 3465 1690 3524 liebloscn
1715 3467 1951 3532 Mdnchsfeinde.

1123 3565 1152 3646 (i.
1170 3586 1196 3625 e.
1213 3568 1308 3625 Estne
1325 3570 1404 3625 utilis
1422 3584 1518 3627 status
1535 3571 1695 3646 religiosus
1712 3572 1821 3629 mundo
1829 3569 1854 3651 ?)
1880 3572 1952 3629 Sine

1123 3675 1191 3732 loco
1209 3689 1238 3730 et
1254 3677 1372 3731 nomine
1394 3689 1483 3750 1771.
1501 3674 1543 3734 80.
1562 3691 1623 3749 259
1641 3696 1670 3753 p.

1209 3797 1245 3853 11.
1263 3798 1409 3853 Doctrina
1426 3799 1547 3855 moralis
1561 3798 1598 3855 de
1611 3802 1800 3857 restitutione
1814 3799 1953 3876 publicae

1123 3904 1330 3958 exercitationi
1352 3904 1501 3977 exposita.
1526 3901 1712 3979 Salisburgi‚
1737 3906 1831 3978 Mayr.
1861 3919 1951 3979 1779.

1123 4012 1166 4079 40.
1186 4004 1204 4062 8
1222 4025 1251 4081 p.

1209 4110 1261 4166 111.
1277 4110 1474 4168 Assertiones
1491 4111 1823 4187 theologico-morales
1844 4113 1881 4170 de
1901 4132 1952 4170 ac·

1122 4228 1202 4270 tuum
1218 4215 1413 4272 humanorum
1430 4230 1535 4272 natura
1549 4234 1715 4291 eorumque
1730 4219 1773 4272 in·
1786 4230 1816 4274 et
1829 4231 1951 4273 externa

1122 4320 1235 4395 regula.
1254 4317 1327 4376 ibid.
1350 4334 1440 4393 1779.
1458 4328 1502 4392 4⁰.
1527 4336 1561 4377 12
1579 4340 1609 4397 p.

1208 4442 1257 4499 IV.
1276 4442 1468 4499 Trauerrede
1492 4442 1545 4498 auf
1562 4440 1726 4510 Antonius,
1752 4441 1813 4498 Abt
1837 4463 1872 4499 zu
1896 4445 1951 4500 Mi·

1122 4544 1322 4603 chaelbaiern.
1340 4543 1466 4624 (Concio
1481 4543 1636 4623 funebris.)
1653 4546 1811 4621 Salzburg,
1825 4548 1950 4604 Prodin-

1120 4669 1185 4727 ger.
1208 4650 1297 4724 1783.
1316 4651 1380 4707 Fol.
1404 4666 1439 4724 19
1458 4670 1486 4726 p.

1207 4773 1243 4830 V.
1280 4772 1548 4849 Wundersprt'iche
1583 4790 1707 4829 unserer
1743 4773 1952 4849 ausgeklarten

1122 4879 1234 4934 Zeiten.
1263 4875 1293 4954 (i.
1316 4897 1341 4935 e.
1366 4878 1476 4935 Edicta
1500 4877 1682 4934 miraculosa
1705 4878 1839 4935 moderni
1863 4878 1951 4957 aevi.)

1122 4982 1280 5039 Gedruckt
1301 4985 1353 5039 mit
1368 4980 1676 5059 pressfreiheitlichen
1693 4980 1853 5039 Schriften.
1879 4982 1951 5040 Sine

1121 5089 1239 5143 nomine
1257 5101 1286 5144 et
1302 5088 1381 5144 loco,
1407 5086 1496 5161 1783.
1515 5086 1559 5144 80.
1577 5085 1618 5159 38
1635 5107 1664 5163 p.

1207 5210 1258 5267 Vl.
1282 5210 1366 5266 Lob·
1387 5209 1445 5265 und
1462 5208 1635 5267 Sittenrede
1659 5229 1705 5266 arn
1728 5211 1873 5285 Festtage
1898 5211 1951 5268 des

1121 5317 1159 5373 hl.
1178 5315 1335 5391 Augustin,
1359 5315 1619 5371 Kirchenlehrers.
1640 5311 1670 5390 (i.
1687 5332 1714 5372 e.
1731 5315 1848 5373 Concio
1869 5314 1950 5371 festi·

1121 5423 1197 5478 valis
1211 5423 1240 5477 in
1253 5421 1397 5477 honorem
1409 5439 1432 5478 s,
1442 5417 1625 5498 Augustini.)
1635 5417 1795 5495 Salzburg,
1808 5419 1898 5494 1783.
1909 5419 1951 5479 80.

1685 5521 1737 5583 35·
