4178 6196
962 461 1175 525 ,Χ-

199 702 264 754 est.
281 690 370 772 ⁴Iam
394 700 501 753 antea
523 689 912 772 veroVorarlbergium
936 709 1000 770 per
1023 690 1237 752 monasteria
1252 687 1419 752 Tuberim
1445 691 1466 770 ι)
1492 698 1529 750 et
1547 689 1704 771 Augiam
1726 690 1899 754 Maiorem
1915 693 1937 773 2)

199 831 245 892 ad
269 829 379 892 vitam
403 828 586 890 cultiorem
612 813 869 890 conformatum
893 838 978 891 erat.

328 967 429 1031 Haec
453 966 766 1029 Benedictinorum
790 967 908 1029 studia
932 967 1053 1048 etiam,
1078 987 1156 1030 cum
1179 967 1344 1030 Thassilo
1372 977 1521 1049 propter
1544 967 1781 1032 defectionem
1805 990 1826 1031 a
1849 942 1936 1052 rege

199 1107 416 1170 Francorum
440 1104 567 1168 Carolo
590 1105 725 1187 Magno
749 1105 783 1167 in
807 1105 1022 1168 monasterio
1040 1103 1228 1168 Goariensi
1252 1125 1388 1187 poenas
1413 1108 1524 1188 daret,
1549 1127 1619 1170 non
1643 1110 1747 1171 modo
1772 1129 1937 1191 repressa

198 1248 263 1308 sed
288 1246 437 1307 dilatata
460 1253 551 1306 sunt.
591 1241 679 1305 Cum
707 1243 800 1304 enim
824 1242 971 1304 Carolus
999 1243 1103 1305 bellis
1131 1263 1210 1306 cum
1234 1243 1366 1306 Avaris
1395 1243 1547 1307 feliciter
1578 1246 1691 1328 gestis
1722 1266 1792 1309 non
1824 1248 1936 1310 solum

199 1394 311 1446 terras
335 1383 489 1464 Alpinas
512 1386 576 1445 sed
601 1382 708 1445 etiam
731 1381 915 1444 Austriam
939 1381 1140 1444 inferiorem
1165 1392 1201 1444 et
1221 1382 1418 1465 Ungariam
1442 1384 1660 1465 superiorem
1685 1387 1731 1447 ab
1755 1385 1876 1467 iniquo
1901 1397 1937 1449 et

199 1523 301 1606 gravi
325 1520 474 1602 imperio
497 1520 695 1602 liberasset,
725 1521 896 1584 latissime
921 1542 1065 1584 manare
1088 1522 1205 1603 potuit
1229 1522 1404 1584 industria
1433 1523 1583 1606 ordinis,
1615 1544 1694 1586 cum
1725 1526 1936 1607 praesertim

199 1682 351 1744 magnus
374 1660 567 1741 imperator
590 1671 626 1721 et
650 1660 710 1740 qui
727 1661 759 1722 ei
776 1671 1035 1741 successerunt,
1060 1672 1096 1724 et
1111 1661 1146 1723 in
1162 1661 1217 1722 his
1233 1661 1437 1724 Ludovicus
1453 1662 1550 1744 Pius,
1567 1663 1628 1744 qui
1643 1664 1935 1727 instaurationem

198 1798 332 1862 ordinis
356 1819 377 1860 a
401 1821 427 1861 s.
452 1799 650 1861 Benedicto
673 1800 805 1860 abbate
829 1798 1052 1881 Aniagnensi
1081 1799 1324 1881 excogitatam
1355 1810 1391 1862 et
1422 1799 1458 1862 in
1489 1801 1626 1882 synodo
1651 1803 1936 1885 Aquisgranensi

199 1942 259 2017 817
287 1940 554 2018 comprobatam
578 1956 643 2016 per
666 1936 783 1998 omnia
806 1936 944 2017 imperii
968 1937 1183 1998 monasteria
1206 1948 1320 2000 ratam
1344 1957 1423 2001 esse
1446 1938 1559 2020 iussit,
1584 1939 1701 2022 gratia
1726 1950 1762 2002 et
1785 1942 1936 2004 auctori·

197 2088 273 2139 tate
297 2096 377 2138 eum
400 2083 652 2137 sustentarent.
691 2074 816 2155 Neque
851 2084 970 2136 tamen
1001 2073 1142 2136 silentio
1175 2075 1530 2156 praetermittendum
1563 2087 1627 2158 est,
1662 2087 1796 2158 quanto
1828 2098 1936 2160 opere

199 2215 360 2298 episcopi
382 2214 622 2295 Pataviensis,
647 2214 942 2294 RatisbonensiS,
966 2213 1197 2276 Fraxinensis
1221 2226 1256 2276 et
1279 2214 1303 2275 ii
1326 2214 1502 2296 monachi,
1529 2215 1588 2296 qui
1611 2215 1819 2298 Bavariam,
1845 2238 1936 2298 quae

198 2376 290 2418 nunc
314 2365 379 2436 est,
404 2353 617 2434 incolebant,
646 2352 774 2415 fratres
799 2353 1009 2415 Austriacos
1038 2353 1074 2415 in
1097 2355 1309 2434 exequendo
1337 2374 1482 2416 munere
1505 2374 1527 2415 a
1551 2354 1751 2438 Carolingis
1779 2356 1936 2420 iniuncto

198 2492 409 2555 adiuverint.
459 2491 507 2554 Hi
542 2501 624 2553 sunt
656 2491 881 2553 Benedictini
912 2491 1304 2572 Altahae·Inferioris,
1340 2511 1366 2553 s
1403 2492 1604 2555 Emmerani
1638 2493 1936 2578 Ratisbonenses,

198 2631 407 2712 Mettenses,
431 2630 730 2712 Tegemseenses.
777 2629 935 2691 Maxime
966 2638 1085 2691 autem
1116 2629 1265 2712 egregia
1296 2640 1373 2692 erat
1403 2630 1577 2693 industria
1604 2631 1935 2717 Tegernseensium,

199 2771 260 2853 qui
283 2769 499 2833 monasterio
523 2788 550 2832 5.
574 2768 764 2850 Hippolyti
788 2769 833 2828 ad
857 2767 1009 2829 Traisim
1037 2768 1223 2830 condendo
1256 2769 1430 2830 coloniam
1460 2769 1496 2831 in
1520 2770 1702 2832 Austriam
1735 2771 1935 2835 inferiorem

199 2908 392 2971 deduxisse
416 2907 581 2970 dicuntur
594 2908 629 2987 ³).

328 3046 379 3110 Ut
401 3066 488 3109 vero
512 3045 666 3126 operarii
689 3055 917 3127 augerentur,
942 3045 1085 3106 saeculo
1111 3065 1204 3107 nono
1228 3031 1472 3109 ad'Traunsee
1488 3057 1603 3110 ortum
1627 3058 1682 3111 est
1705 3069 1835 3111 novum
1860 3069 1931 3111 mo-

198 3186 391 3250 nasterium
407 3184 693 3248 Trunkirchense
707 3186 730 3264 ⁴)
756 3194 792 3246 et
814 3184 884 3245 iam
903 3186 962 3262 785
980 3183 1233 3247 monasterium
1257 3184 1493 3268 Oettingense
1518 3206 1539 3247 a
1559 3186 1803 3250 Benedictinis
1821 3186 1933 3251 Salis-

196 3324 436 3409 burgensibus
460 3323 639 3386 conditum
656 3324 786 3403 Buorn,
812 3321 872 3404 qui
895 3322 994 3385 locus
1018 3323 1123 3385 hodie
1139 3322 1429 3386 Michaelbeuern
1446 3324 1584 3408 dicitur,
1602 3328 1812 3390 translatum
1828 3337 1884 3389 est
1898 3326 1932 3406 ⁵).

328 3462 401 3528 Sed
424 3473 544 3525 tamen
568 3463 712 3524 saeculo
736 3462 873 3524 decimo
897 3461 1040 3524 ineunte
1064 3465 1152 3524 ordo
1176 3483 1344 3545 magnum
1374 3464 1470 3544 cepit
1494 3466 1669 3530 damnum.
1708 3466 1870 3548 Hungari
1898 3466 1933 3527 in

198 3603 355 3665 vallibus
367 3602 573 3664 Pannoniae
587 3602 823 3663 consederant
839 3609 875 3662 et
887 3620 998 3682 regno
1011 3601 1227 3663 Moraviensi
1245 3601 1363 3663 deleto
1379 3603 1536 3682 praedae
1552 3602 1648 3664 avidi
1664 3603 1700 3664 in
1713 3603 1933 3667 occidentem

197 3740 380 3824 progressi
396 3748 507 3803 erant.
529 3737 722 3802 Germania
738 3748 774 3801 et
790 3738 1009 3821 Burgundia,
1034 3738 1140 3800 etiam
1158 3738 1262 3800 Italia
1278 3748 1314 3800 et
1330 3736 1448 3801 Gallia
1463 3760 1485 3801 a
1500 3741 1772 3821 praedatoribus
1789 3752 1932 3824 vexata,

195 3924 507 3934 ————-

327 4053 349 4135 ¹)
373 4054 515 4124 i‘uberis,
541 4075 619 4131 quae
635 4056 725 4112 hodie
742 4054 872 4111 Tausers
890 4055 936 4110 vel
954 4055 1075 4111 Duvers
1092 4056 1210 4122 dicitur,
1234 4074 1333 4131 prope
1349 4054 1510 4111 Feldkirch
1533 4059 1601 4112 sita.
1633 4057 1811 4131 Bergmann,
1829 4057 1932 4113 Deuk-

196 4169 341 4226 schriiten
364 4169 392 4225 d.
417 4169 446 4225 k.
471 4169 569 4226 Akad.
594 4170 622 4225 d.
647 4168 835 4225 Wissensch.
860 4168 930 4244 phil.
956 4167 1024 4224 hist.
1049 4169 1094 4225 Cl.
1117 4169 1153 4225 V.

327 4278 349 4359 2)
372 4280 448 4337 Vide
472 4282 650 4355 bergmanni
677 4281 693 4336 l.
720 4300 745 4336 c.
771 4283 897 4354 eiusque
922 4282 1205 4337 commentationem
1230 4283 1258 4336 in
1279 4280 1422 4352 „Wiener
1437 4281 1624 4358 Jahrbticher
1640 4282 1694 4337 der
1710 4283 1802 4338 Litt.“
1822 4282 1841 4338 s.
1864 4280 1932 4338 118.

196 4395 295 4469 Augia
319 4396 415 4450 maior
438 4412 455 4448 a
478 4393 634 4469 discipulis
657 4412 682 4449 s,
706 4392 786 4450 Galli
811 4392 933 4449 condita
956 4411 1025 4449 esse
1048 4392 1164 4450 dicitur.

327 4506 351 4586 3)
374 4508 471 4563 Huius
504 4508 676 4562 monasterii
709 4505 883 4563 conditores
914 4505 973 4562 duo
1005 4504 1122 4562 nobiles
1154 4507 1361 4562 Baioariorum
1391 4506 1573 4564 Adalbertus
1605 4519 1635 4563 et
1666 4507 1849 4574 Ottocarus,
1881 4508 1932 4581 qui

197 4621 375 4695 Tegemsee
399 4621 495 4695 ipsum
521 4621 747 4686 constituerunt,
772 4619 864 4675 fuisse
887 4618 1034 4676 dicuntur.
1074 4617 1107 4675 Si
1131 4620 1345 4676 monasterium
1361 4638 1385 4675 s.
1404 4620 1561 4696 Hippolyti
1578 4638 1708 4696 unquam
1725 4591 1933 4676 Benedictino·

197 4754 261 4790 rum
290 4747 364 4803 erat,
394 4735 510 4789 nonnisi
543 4747 680 4808 tempore
707 4751 918 4789 successorum
942 4733 1042 4788 Caroli
1066 4733 1166 4806 Magni
1191 4732 1343 4789 conditum
1367 4751 1435 4789 esse
1458 4746 1571 4809 potest.
1610 4732 1697 4790 Coni.
1721 4733 1824 4807 Mayr:
1856 4733 1934 4789 Acta

196 4867 220 4904 s.
246 4847 364 4915 Quirini
384 4847 535 4920 Martyris,
560 4859 590 4902 et
613 4845 942 4920 Diocesangeschichte
965 4863 1025 4902 von
1048 4843 1094 4901 St.
1118 4845 1233 4913 Putea,
1257 4846 1280 4901 1.

327 4956 350 5037 ⁴)
374 4960 479 5033 Neque
509 4978 528 5015 a
551 4977 622 5034 qu0‚
651 4977 749 5033 neque
777 4977 839 5033 quo
869 4977 947 5014 anno
978 4961 1192 5016 monasterium
1217 4958 1464 5015 Trunkirchense
1494 4959 1683 5015 aedificatum
1715 4959 1821 5016 eodem
1854 4958 1932 5026 loco,

198 5071 247 5128 ubi
272 5089 350 5127 nunc
373 5071 559 5128 Altmiinster
581 5070 724 5147 oppidum
749 5084 805 5139 est,
830 5069 982 5127 conditum
1005 5072 1052 5139 sit,
1077 5046 1151 5128 saiis
1175 5084 1304 5128 constat.
1337 5072 1369 5126 In
1393 5070 1558 5128 litterarum
1583 5073 1782 5128 monumentis
1804 5073 1932 5148 primurn

197 5202 276 5241 anno
300 5198 363 5258 909
388 5196 649 5241 commemoratur.
680 5182 925 5241 Urkundenbuch
949 5184 1003 5240 des
1026 5183 1149 5241 Landes
1172 5183 1213 5240 ob
1237 5184 1292 5241 der
1314 5184 1407 5253 Enns,
1431 5186 1469 5242 ΙΙ.

327 5295 351 5376 ⁵)
374 5297 446 5364 Filz‚
471 5296 655 5353 Geschichte
678 5316 738 5353 von
761 5297 1018 5365 Michaelb'euern,
1043 5297 1101 5354 hoc
1126 5297 1185 5372 785
1211 5297 1322 5355 factum
1347 5316 1415 5355 esse
1439 5297 1520 5354 dicit.
1559 5297 1649 5355 Aliud
1673 5298 1790 5354 Riezler
1814 5297 1832 5354 Ι.
1857 5316 1883 5353 c.
1907 5298 1931 5354 Ι.

197 5413 310 5468 statuit.
