4178 6196
956 466 1004 476 -
1067 447 1136 514 114
1190 468 1240 476 -..-

224 630 354 712 Latina.)
378 634 552 706 Programm
581 632 634 688 der
658 632 854 689 Lehranstalt
874 635 902 688 in
927 632 1054 690 Sarnen.
1093 639 1096 687 l
1135 635 1417 692 montellochwart
1434 637 1462 691 in
1479 636 1616 693 districtu
1628 634 1818 715 Verunensi.)
1834 638 1967 694 Mitthei·

226 736 317 795 Stans
333 757 381 814 ap.
400 738 433 794 C.
451 755 511 793 von
528 738 612 805 Man,
640 738 729 812 1879.
752 744 795 812 4⁰.
823 753 857 795 12
876 758 905 814 p.

311 860 348 916 Il.
366 859 600 934 Kurzgelasster
612 861 866 935 geschichtlicher
877 859 985 918 Abriss
1002 862 1056 918 der

227 964 483 1021 Priilatenkldster
505 965 737 1022 Deutschtirols.
758 962 787 1042 (i.
805 985 831 1022 e.
852 967 908 1023 Ms.
930 967 1054 1022 historia

223 1070 473 1124 monasteriorum
490 1066 700 1155 Soupenberg,
713 1067 916 1143 lilarienberg,
930 1070 1053 1137 Wilten,

222 1173 247 1228 F
249 1172 339 1240 iccht,
355 1172 495 1240 Neustist‚
513 1172 612 1240 GrieS,
630 1170 743 1251 Stans.)
766 1182 808 1246 4⁰.
831 1174 870 1248 87
888 1174 940 1230 sol.
963 1173 1052 1248 1869.

225 1275 300 1334 Bibl.
316 1275 519 1334 Muto-Gries.
538 1277 612 1335 Cod.
626 1292 656 1350 3.
678 1293 745 1350 103.

309 1400 362 1456 111.
387 1400 627 1457 Blumenstrauss
650 1419 704 1457 aus
727 1401 785 1456 den
809 1401 930 1458 Tiroler
945 1400 1053 1477 Alpen.

226 1501 302 1582 (600
310 1503 508 1580 biographiae
518 1507 709 1581 scriptorum,
717 1505 862 1562 artificum
873 1505 921 1562 vel
930 1505 1055 1561 aliorum

225 1609 434 1665 distinctorum
447 1606 672 1687 Tirolensium.)
690 1624 706 1664 2
721 1610 780 1666 vol.
794 1617 836 1683 4⁰.
854 1612 1054 1666 continuatur.

309 1754 496 1828 Gassner
520 1767 763 1830 Theodorus
790 1769 1052 1849 (Admonten-

221 1884 301 1966 sis),
315 1884 351 1946 in
359 1884 509 1946 Austria
522 1885 713 1966 superioris
725 1906 821 1968 pago
831 1887 1053 1949 Laakirchen

221 2016 325 2068 natus
338 2010 368 2069 3.
379 2004 458 2068 Oct.
477 2010 567 2089 1804,
583 2007 772 2069 Admontis
785 2017 947 2100 votorum
961 2029 1054 2071 com-

213 2115 287 2209 'pos
303 2127 418 2190 factus
439 2133 486 2191 18.
499 2127 589 2192 Nov.
607 2132 697 2210 1827,
714 2130 842 2210 primit.
860 2131 1055 2194 celebravit

222 2256 251 2314 3.
268 2250 372 2312 Febr.
399 2252 489 2312 1828.
514 2249 632 2312 Primo
654 2260 864 2332 cooperator
883 2252 919 2314 in
939 2252 1054 2314 Landl

224 2373 448 2454 constitutus,
466 2373 534 2435 iam
551 2393 644 2434 anno
665 2374 744 2452 1829*
766 2376 812 2436 ad
833 2374 1053 2438 iuventutem

221 2496 450 2558 erudiendam
477 2496 617 2558 transiit
644 2497 679 2558 in
709 2517 829 2580 gymn.
857 2498 1052 2561 Iudenbur-

220 2639 332 2702 gense
361 2621 406 2681 ad
434 2624 529 2700 1836,
554 2618 757 2683 Graecense
786 2624 980 2702 1836—49,
1005 2624 1051 2683 ab

220 2761 312 2804 anno
333 2746 499 2820 1844-48
513 2743 616 2805 simul
629 2764 772 2805 munere
785 2726 1051 2806 vicedirectoris

220 2864 255 2927 in
272 2885 300 2928 0.
318 2886 343 2926 r.
362 2865 526 2928 convictu
543 2864 736 2929 Graecensi
753 2865 916 2948 fungens.
941 2864 1052 2928 Grae-

221 2987 312 3048 cium
349 2987 552 3068 relinquens
590 2986 787 3049 Celleiense
826 2988 1051 3070 gymnasium

223 3109 317 3171 rexit
348 3113 529 3191 1850-51,
558 3109 725 3172 Β11(101150
760 3114 941 3192 1851-111,
970 3111 1052 3173 (10111

220 3231 307 3293 illud
323 3230 517 3312 Oeniponti
537 3236 713 3310 1861-72.
730 3231 860 3294 Merita
871 3233 974 3295 huius
986 3233 1051 3295 viri

222 3353 266 3414 de
282 3372 320 3414 re
337 3353 548 3415 scholastica
570 3363 671 3415 erant
688 3354 781 3425 talia,
806 3364 844 3416 ut
861 3355 1053 3436 imperator

220 3474 431 3535 Franciscus
451 3475 625 3555 Iosephus
645 3476 759 3537 virum
782 3476 925 3539 doctum
947 3497 1051 3538 cruce

221 3616 329 3658 aurea
355 3617 420 3678 pro
447 3597 580 3659 meritis
608 3618 687 3660 cum
711 3619 841 3661 corona
866 3608 902 3661 et
926 3608 1052 3679 postea

222 3737 326 3780 cruce
357 3718 514 3799 equitum
542 3720 675 3781 ordinis
702 3720 730 3782 F
733 3720 882 3782 rancisci
910 3721 1052 3803 Iosephi

222 3841 475 3902 condecoraret
489 3850 524 3902 et
537 3841 638 3902 titulo
649 3842 836 3903 consiliarii
850 3842 1052 3904 scholastici

223 3962 417 4044 insigniret.
431 3963 597 4025 Pluribus
608 3964 838 4026 societatibus
852 3965 1052 4045 adscriptus

222 4085 328 4147 etiam
348 4085 441 4146 inter
456 4085 544 4146 alios
560 4096 708 4148 vocatus
725 4088 842 4148 estad
859 4088 1052 4168 regendam

222 4227 296 4270 rem
324 4208 572 4271 scholasticam
596 4208 631 4270 in
659 4208 841 4290 provincia
869 4209 1052 4273 Tirolensi.

225 4328 308 4393 Otio
333 4329 465 4410 optime
489 4330 680 4411 promerito
705 4340 823 4411 utens,
846 4331 1053 4393 Theodorus

224 4451 281 4513 die
297 4451 407 4513 natali
423 4460 578 4514 montem
594 4452 916 4514 Kitzbiichlerhorn
931 4472 1054 4514 ascen·

224 4545 326 4635 surus
349 4574 541 4657 apoplexia
565 4584 681 4637 tactus
705 4577 771 4636 sub
796 4576 878 4637 divo
901 4575 1053 4637 animam

225 4696 303 4757 Deo
319 4697 474 4758 reddidit
491 4700 519 4760 3.
538 4696 616 4759 Oct.
639 4702 718 4776 1874
736 4707 771 4760 et
787 4698 823 4760 in
839 4698 1053 4760 coemeterio

225 4818 348 4899 oppidi
364 4794 558 4881 Kitzbiihel
574 4821 735 4901 sepultus
752 4830 815 4883 est.
840 4820 1005 4903 Scripsit:

311 4963 333 5019 1.
355 4961 464 5019 Albert
480 4983 539 5019 von
555 4965 688 5021 Muchar.
713 4966 876 5040 Necrolog.
900 4963 929 5043 (i.
952 4985 978 5022 e.
1001 4964 1053 5020 Al·

223 5063 300 5121 berti
317 5066 355 5122 de
371 5067 495 5124 hluchar
510 5071 589 5125 ritae
606 5068 789 5149 delineatio.)
804 5071 902 5127 Mitth.
919 5071 972 5127 des
984 5071 1052 5126 hist.

224 5168 370 5226 Vereines
387 5170 433 5227 fiir
450 5172 645 5231 Steiermark.
663 5176 685 5231 1.
708 5173 767 5253 13.)

311 5293 348 5349 11.
371 5294 550 5351 Botanische
572 5297 698 5353 Notizen
719 5297 795 5354 iiber
815 5298 873 5355 den
890 5298 1055 5354 Hochwart

227 5396 264 5450 im
280 5395 489 5472 Judenburger
506 5401 622 5457 Kreise.
645 5397 673 5478 (i.
691 5420 718 5458 0.
734 5403 844 5458 Notata
861 5401 1003 5459 botanica
1018 5402 1055 5459 de

1134 739 1246 813 lungen
1269 758 1328 796 von
1352 741 1511 798 Freunden
1535 741 1589 797 der
1611 741 1966 798 Naturwissenschalten.

1135 844 1235 912 Wien,
1257 844 1347 918 1849.
1364 845 1400 902 V.
1417 845 1471 902 Bd.

1222 949 1273 1005 111.
1286 947 1331 1005 St.
1346 947 1491 1025 Stephan,
1507 952 1676 1025 Konigvon
1686 951 1818 1025 Ungarn.
1832 946 1862 1028 (i.
1877 970 1903 1008 e.
1918 952 1965 1007 De

1134 1052 1166 1110 S.
1191 1051 1347 1129 Stephano
1372 1055 1584 1129 Hungarorum
1609 1052 1703 1133 rege.)
1731 1055 1827 1112 Osner
1855 1056 1964 1131 Gymn.

1135 1158 1351 1232 Progr.1854.

1222 1286 1428 1361 Gatscher
1447 1301 1690 1364 Leonardus
1719 1300 1965 1382 (Seitensta-

1134 1415 1315 1499 diensis).
1351 1419 1392 1480 In
1427 1439 1509 1481 arce
1540 1419 1736 1482 Rohrbach
1773 1419 1965 1501 parochiae

1133 1538 1411 1602 Weistracensis
1438 1541 1607 1603 Austriae
1637 1541 1813 1603 inferioris
1845 1542 1902 1604 die
1935 1547 1964 1604 6.

1133 1660 1219 1723 Dec.
1238 1665 1313 1739 1841
1331 1670 1445 1744 1111115,
1459 1663 1631 1724 absolutis
1644 1663 1820 1745 gymnasii
1838 1663 1965 1726 studiis

1134 1783 1169 1845 in
1185 1784 1398 1846 monasterio
1414 1782 1711 1848 Seitenstadiensi
1728 1785 1785 1847 die
1799 1808 1849 1848 22.
1863 1784 1964 1868 Sept.

1138 1909 1218 1984 1859
1239 1925 1265 1967 5.
1282 1906 1406 1968 habitu
1426 1926 1452 1969 5.
1470 1907 1510 1971 Ρ.
1527 1908 1714 1970 Benedicti
1741 1918 1796 1970 est
1819 1908 1964 1971 indutus

1134 2029 1329 2108 eodemque
1346 2028 1404 2090 die
1420 2029 1502 2090 anni
1518 2030 1663 2111 posteri,
1679 2039 1764 2092 vota
1780 2030 1964 2113 simplicia,

1134 2169 1225 2230 quae
1253 2151 1429 2233 dicuntur,
1456 2153 1624 2234 suscepit.
1659 2153 1881 2234 Nuncupatis
1907 2153 1964 2215 die

1135 2293 1184 2350 24.
1202 2271 1302 2355 Sept.
1321 2277 1398 2335 1863
1412 2275 1507 2336 votis
1519 2275 1747 2337 sollemnibus
1764 2276 1820 2338 die
1834 2280 1885 2339 31.
1900 2276 1963 2339 Iul.

1137 2399 1217 2474 1864
1244 2395 1395 2477 primum
1427 2397 1555 2460 obtulit
1585 2398 1713 2460 missae
1741 2397 1962 2460 sacrificium.

1132 2518 1202 2579 Per
1223 2520 1311 2580 duos
1335 2538 1446 2581 annos
1472 2519 1507 2581 in
1531 2541 1560 2582 0.
1577 2541 1603 2584 1.
1620 2520 1807 2602 gymnasio
1824 2518 1964 2583 Seiten-

1132 2641 1303 2703 stadiensi
1337 2641 1548 2724 professoris
1583 2643 1783 2725 supplentis
1818 2663 1963 2705 munere

1132 2761 1289 2846 1111101115,
1317 2785 1381 2846 per
1408 2765 1596 2828 triennium
1623 2767 1658 2828 in
1686 2766 1779 2828 univ.
1805 2766 1962 2829 Vindob.

1131 2886 1328 2949 litterarum
1359 2887 1487 2949 studiis
1518 2909 1662 2969 operam
1691 2888 1802 2961 dedit;
1835 2888 1964 2969 quibus

1132 3010 1303 3072 absolutis
1327 3012 1372 3072 ab
1397 3032 1490 3073 anno
1517 3018 1597 3091 1860
1622 3012 1657 3073 in
1682 3032 1710 3074 0.
1727 3032 1752 3074 r.
1775 3011 1964 3094 gymnasio

1132 3131 1426 3197 Seitenstadiensi
1443 3135 1624 3217 professor
1639 3135 1806 3197 historiae
1823 3133 1963 3196 univer-

1132 3256 1214 3317 salis
1231 3265 1285 3318 est
1302 3257 1513 3320 constitutus
1529 3258 1693 3339 idemque
1710 3259 1755 3319 ab
1772 3276 1864 3319 anno
1882 3260 1958 3335 1871

1133 3379 1309 3442 convictui
1325 3381 1528 3443 monasterii
1545 3380 1759 3462 praefectus

1219 3518 1370 3601 Scripsit
1387 3530 1423 3584 et
1437 3520 1563 3583 litteris
1575 3520 1753 3603 gymnasii
1766 3518 1963 3584 Seitensta-

1133 3642 1264 3704 diensis
1285 3648 1365 3721 1879
1382 3663 1474 3704 anno
1491 3643 1594 3705 editis
1611 3643 1772 3704 inseruit:

1219 3789 1290 3843 Drei
1304 3786 1405 3861 Sagen
1418 3806 1473 3842 aus
1485 3787 1539 3843 der
1552 3785 1736 3844 Geschichte
1750 3787 1963 3842 Oesterreichs

1132 3911 1184 3946 zur
1200 3893 1265 3947 Zeit
1281 3891 1335 3947 der
1351 3890 1574 3965 Babenberger.
1596 3887 1625 3967 (i.
1645 3910 1671 3946 0.
1689 3890 1768 3946 Τ105
1786 3887 1905 3945 fabulae
1926 3888 1962 3944 de

1133 3995 1223 4052 rebus
1239 3996 1408 4052 Austriacis
1430 4015 1466 4051 ex
1489 4009 1624 4072 tempore
1646 3990 1963 4071 babenbergensium.)

1220 4161 1426 4236 Gatscher
1456 4174 1687 4236 Norbertus
1720 4171 1963 4255 (Seitensta-

1135 4291 1315 4372 diensis).
1340 4291 1453 4353 Natus
1471 4293 1527 4353 die
1549 4296 1594 4353 16.
1612 4292 1700 4372 Apr.
1723 4296 1804 4369 1844
1824 4291 1860 4353 in
1881 4309 1963 4352 1100

1133 4415 1328 4476 Rohrbach
1355 4415 1544 4496 parochiae
1567 4415 1772 4477 Weistrach
1795 4414 1964 4476 Austriae

1133 4536 1319 4620 inferioris,
1331 4539 1503 4600 absolutis
1516 4539 1692 4621 gymnasii
1705 4538 1830 4600 studiis
1843 4538 1879 4600 in
1891 4557 1965 4600 mo·

1133 4660 1289 4722 nasterio
1305 4660 1601 4724 Seitenstadiensi
1616 4670 1652 4723 et
1663 4659 1870 4741 Mellicensi,
1884 4679 1965 4722 coe-

1133 4782 1184 4845 tui
1208 4802 1234 4845 5.
1255 4783 1295 4847 Ρ.
1317 4783 1503 4846 Benedicti
1528 4784 1584 4846 die
1609 4805 1658 4846 21.
1677 4782 1776 4865 Sept.
1804 4786 1881 4844 1862
1909 4792 1965 4844 est

1133 4906 1344 4988 adscriptus.
1358 4906 1462 4968 Votis
1478 4906 1705 4968 sollemnibus
1721 4906 1777 4968 die
1796 4927 1845 4984 24·
1863 4903 1964 4987 Sept.

1138 5033 1218 5091 1866
1236 5029 1448 5111 nuncupatis
1461 5038 1568 5110 atque
1581 5029 1783 5111 theologiae
1796 5048 1823 5090 s.
1837 5027 1965 5092 studiis

1134 5151 1306 5214 absolutis
1330 5152 1387 5213 die
1403 5174 1432 5230 4.
1450 5152 1544 5234 Aug.
1566 5156 1644 5230 1867
1668 5152 1817 5234 primam
1837 5151 1965 5215 obtulit

1134 5274 1286 5338 hostiam
1314 5275 1542 5340 incruentam.
1574 5276 1644 5337 Per
1672 5277 1760 5338 duos
1789 5293 1900 5337 annos
1928 5274 1964 5335 in

1135 5418 1164 5461 c.
1185 5419 1211 5462 r.
1231 5398 1419 5482 gymnasio
1435 5396 1730 5462 Seitenstadiensi
1752 5396 1965 5479 professoris
