4178 6196
906 497 1186 568 -521-

177 685 387 747 servierunt.
412 682 475 747 Uti
492 683 588 745 edita
609 687 690 745 1830
705 682 853 744 historia
870 682 1008 744 univer-

178 805 254 885 sali,
271 824 364 887 quae
380 805 415 866 in
428 805 587 886 plurimis
604 805 775 867 institutis
791 803 1008 885 philosophi·

178 928 228 989 cis
244 938 281 989 et
297 927 589 989 universitatibus
602 945 667 1008 pro
679 926 834 988 manuali
849 925 1008 1005 praelec-

176 1047 311 1135 tionum
325 1050 495 1130 adoptata
514 1057 579 1129 est,
597 1047 665 1109 sibi
681 1047 716 1108 in
733 1048 819 1108 orbe
835 1045 1007 1108 litterario

177 1188 304 1230 nomen
327 1178 362 1232 et
382 1169 551 1230 honorem
576 1167 813 1249 comparavit,
838 1167 889 1228 ita
913 1165 1008 1228 dicta

177 1290 416 1372 topographia
425 1289 790 1352 statistic0·historice
801 1288 1007 1350 elucubrata

176 1410 371 1490 Moraviae,
388 1420 572 1472 aeternum
585 1411 653 1472 sibi
669 1410 789 1492 posuit
805 1428 1007 1471 monumen-

176 1542 260 1594 tum.
289 1532 406 1594 Finito
427 1551 519 1594 anno
539 1532 752 1594 scholastico
775 1536 852 1608 1842
872 1528 1008 1609 Wolny

179 1653 286 1715 etiam
300 1674 321 1715 a
334 1653 538 1733 professura
547 1653 714 1715 historiae
729 1651 937 1714 universalis
950 1652 1008 1712 ab·

178 1775 315 1836 solutus
331 1786 399 1843 est:
415 1796 452 1836 22
464 1794 576 1837 annos
589 1773 787 1835 exantlavit
797 1770 1006 1854 quaprofes·

177 1916 244 1967 sor,
262 1896 384 1957 honori
401 1896 605 1958 monasterii
624 1907 659 1957 et
680 1895 879 1956 auditorum
898 1891 1007 1954 omni-

175 2037 291 2098 genae
303 2018 446 2080 utilitati
461 2019 627 2081 intentus
646 2017 853 2079 Intenderat
863 2016 1008 2095 insuper

174 2138 448 2219 topographiam
462 2139 740 2226 ecclesiasticam
753 2126 937 2199 Moraviae
952 2146 1007 2217 ty-

175 2259 230 2339 pis
247 2259 363 2338 edere,
386 2270 536 2339 accepto
552 2260 644 2321 hunc
663 2235 697 2321 in
713 2257 819 2320 finem
836 2258 1007 2321 facultate

178 2400 197 2440 e
211 2380 342 2442 tabulis
351 2380 534 2442 Moraviae
548 2390 583 2442 et
595 2381 830 2462 registratura
844 2379 1009 2462 gubernii

176 2501 320 2563 notitias
337 2501 569 2582 excerpendi;
588 2521 679 2582 quae
695 2511 776 2563 acta
793 2522 900 2582 quum
917 2500 1007 2563 diffi-

175 2623 288 2684 culter
303 2623 348 2683 ad
362 2623 613 2684 monasterium
626 2622 906 2703 admitterentur,
920 2623 1008 2684 Bru-

174 2762 242 2805 nae
259 2763 323 2824 per
339 2752 480 2825 tempus
496 2744 531 2804 in
547 2752 668 2805 nostra
685 2744 878 2805 residentia
899 2745 1007 2826 dege-

174 2874 238 2926 rat.
263 2865 460 2947 Incipiente
485 2886 578 2929 anno
604 2871 683 2944 1843
705 2866 833 2929 iterata
855 2866 933 2930 vice
955 2877 1007 2929 to-

174 2998 247 3048 tam
257 2988 464 3069 peragravit
474 2988 681 3068 Moraviam,
696 2988 731 3049 in
744 2989 892 3051 urbibus
904 3009 1006 3070 prae·

174 3108 288 3189 cipuis
304 3108 437 3170 diutius
453 3128 673 3171 commorans
695 3111 741 3172 ad
763 3112 938 3172 eruendos
960 3130 1005 3172 ex

175 3229 328 3290 archivis
345 3229 477 3291 ibidem
495 3230 733 3293 existentibus
755 3251 867 3293 novos
887 3231 1005 3294 fontes

172 3370 238 3431 pro
262 3371 354 3413 novo
379 3361 504 3414 vastae
529 3352 737 3414 eruditionis
761 3372 886 3434 opere,
910 3354 1004 3434 quod

175 3473 403 3535 moliebatur:
437 3475 696 3556 „topographia
729 3474 1003 3538 ecclesiastica“.

173 3595 237 3656 Est
246 3597 334 3656 haec
344 3615 429 3656 vero
442 3596 656 3658 tabularium
670 3615 733 3657 seu
746 3597 1003 3659 thesaurarium

173 3717 341 3779 historiae
365 3717 569 3780 Moravicae
593 3720 898 3799 comprehendens
924 3718 959 3779 in
985 3722 1002 3779 8

171 3839 276 3900 tomis
296 3839 422 3900 silvam
443 3859 559 3902 rerum
580 3840 836 3920 historicarum,
862 3849 897 3902 et
919 3860 1003 3902 vere

172 3960 341 4023 mirabilis
369 3981 534 4023 numerus
561 3963 757 4025 litterarum
786 3963 835 4024 ibi
860 3974 1004 4025 conten-

143 4056 148 4064 *
172 4092 310 4172 tarum.
326 4081 386 4146 Sic
412 4103 467 4145 ex.
494 4104 546 4165 gr.
564 4084 700 4164 Wolny
724 4085 846 4146 scribit
871 4106 917 4163 10.
939 4085 1001 4148 Ι111.

177 4209 256 4282 1849
269 4205 393 4266 abbati
405 4206 615 4287 Kremsiri0,
632 4225 671 4267 se
688 4211 773 4268 5000
788 4218 933 4288 regesta
950 4228 1004 4269 ar-

172 4326 280 4409 chivi,
307 4328 402 4407 quod
426 4327 474 4388 ibi
500 4338 565 4408 est,
591 4328 815 4408 excerpsisse
836 4337 872 4391 et
894 4329 928 4390 in
950 4349 1003 4391 ar-

172 4448 275 4509 chivo
305 4448 453 4529 capituli
481 4446 727 4510 Olomucensis
759 4453 840 4511 1560
866 4450 1004 4512 litteras

171 4578 428 4649 pertractasse;
451 4571 544 4631 unde
562 4571 669 4632 etiam
690 4569 928 4633 munificentia
950 4592 1004 4633 ar-

171 4690 391 4771 chiepiscopi
408 4691 597 4753 cardinalis
615 4692 659 4753 de
676 4690 1003 4772 Somerau-Beckh,

172 4812 300 4892 quibus
313 4831 404 4893 opus
412 4813 580 4893 habebat,
590 4813 827 4896 Raigradium
843 4815 875 4876 ei
888 4814 1003 4877 mitte-

170 4935 309 4997 bantur.
351 4933 575 5017 Comparatis
604 4935 768 4997 omnibus
796 4936 937 4997 domum
964 4955 1003 4997 se

173 5057 322 5118 contulit
342 5061 433 5137 1847,
452 5076 597 5119 munere
614 5057 809 5139 subprioris
826 5060 951 5119 domus
968 5069 1004 5119 et

171 5176 288 5240 officio
302 5178 464 5260 magistri
477 5178 689 5240 novitiorum
702 5178 901 5260 insignitus.
918 5180 1004 5242 Fac·

170 5307 227 5360 tus
244 5299 313 5360 iam
334 5319 359 5360 1.
377 5298 440 5362 Iul.
463 5303 540 5378 1847
566 5302 760 5363 membrum
785 5301 830 5363 ad
851 5302 1003 5363 honores

169 5421 354 5483 societatis
381 5421 549 5484 historiae
575 5422 809 5505 Karinthiae,
836 5422 1002 5503 sequenti

1090 685 1139 743 26.
1157 682 1230 743 Ian.
1253 683 1333 757 1848
1351 679 1598 741 denominatur
1622 700 1644 741 a
1665 701 1730 743 sua
1752 701 1920 744 caesarea

1088 804 1274 865 maiestate
1291 803 1485 864 membrum
1499 804 1782 883 correspondens
1794 805 1919 866 classis

1088 923 1355 1004 philosophicae
1377 923 1566 986 historicae
1590 944 1682 986 caes,
1699 944 1773 1007 reg.
1792 928 1918 988 acade-

1087 1045 1179 1107 miae
1200 1036 1428 1106 scientiarum
1444 1045 1605 1107 Viennae
1631 1047 1798 1128 (diploma
1820 1049 1916 1110 ddt0.

1088 1171 1138 1228 31.
1155 1166 1242 1229 Dec.
1264 1168 1367 1248 1852),
1385 1175 1421 1227 et
1443 1166 1563 1243 14.Iul.
1582 1171 1661 1245 1840
1677 1166 1829 1230 facultas
1841 1170 1917 1251 phi-

1087 1287 1272 1368 losophica
1287 1286 1530 1349 universitatis
1546 1288 1754 1371 Pragensis,
1780 1291 1918 1352 exactis

1088 1419 1230 1471 centum
1254 1410 1373 1471 lustris
1394 1411 1563 1472 natalium
1584 1429 1742 1493 suorum,
1767 1413 1918 1474 eundem

1088 1530 1216 1592 artium
1226 1529 1424 1592 liberalium
1435 1532 1726 1613 etphilosophiae
1737 1535 1916 1597 doctorem

1087 1652 1313 1715 renuntiavit.
1337 1652 1453 1732 Quum
1474 1663 1557 1734 post
1578 1654 1712 1716 obitum
1730 1656 1918 1718 archivarii

1087 1773 1230 1834 Boczek
1246 1785 1361 1835 status
1378 1775 1550 1837 Moravici
1567 1777 1691 1838 eodem
1708 1796 1801 1838 anno
1817 1778 1917 1838 relic-

1087 1895 1918 1960 tamhuiusviricollectionemhistoricamcom-

1087 2035 1215 2096 parare
1232 2016 1477 2096 intendissent,
1495 2015 1706 2099 Gregorium
1722 2021 1916 2081 membrum

1088 2137 1345 2199 commissionis
1361 2139 1618 2201 aestimationis
1634 2140 1804 2223 fecerunt,
1822 2143 1916 2222 quod

1088 2277 1215 2319 munus
1245 2258 1476 2321 honorificum
1503 2260 1653 2342 Wolny,
1686 2262 1789 2325 aliter
1815 2262 1918 2325 nimis

1088 2389 1294 2460 occupatus,
1317 2381 1530 2461 deprecatus
1547 2393 1612 2445 est.
1638 2383 1744 2446 Anno
1766 2390 1846 2447 1850
1868 2390 1917 2448 28.

1087 2499 1192 2564 Febr.
1209 2501 1344 2582 Wolny
1370 2502 1513 2584 eligitur
1534 2506 1730 2567 membrum
1750 2507 1918 2569 sectionis

1087 2623 1471 2687 historico-statisticae
1496 2626 1652 2708 Brunae,
1677 2629 1841 2708 sequenti
1865 2649 1918 2690 se·

1088 2747 1171 2808 dulo
1183 2747 1376 2826 perlustrat
1389 2747 1570 2809 archivum
1584 2758 1700 2811 terrae
1712 2749 1917 2812 Moravicae

1087 2868 1218 2930 ibidem
1232 2879 1267 2931 et
1280 2869 1472 2950 incipiente
1485 2890 1578 2932 anno
1593 2875 1684 2952 1855,
1695 2890 1764 2933 non
1774 2872 1917 2932 obstan-

1086 2991 1182 3053 tibus
1198 2991 1379 3053 laboribus
1393 2991 1502 3054 officii
1514 2992 1569 3054 sui
1582 2994 1776 3075 domestici,
1795 3004 1916 3076 ,topo-

1085 3112 1272 3194 graphiam
1289 3112 1588 3176 ecclesiasticam“
1609 3115 1744 3197 publici
1763 3115 1847 3176 iuris
1867 3089 1937 3176 fess

1086 3234 1143 3296 cit.
1162 3234 1290 3296 Totum
1304 3254 1393 3315 opus
1407 3235 1441 3296 in
1455 3237 1544 3297 duas
1557 3237 1740 3299 dioeceses
1752 3237 1916 3320 partitus,

1085 3355 1235 3437 singulis
1248 3357 1349 3418 annis
1362 3358 1510 3438 perinde
1523 3377 1593 3420 uno
1606 3369 1701 3421 tomo
1715 3358 1821 3440 edito,
1836 3365 1915 3438 1864

1085 3480 1131 3539 ad
1152 3477 1292 3539 felicem
1308 3489 1344 3540 et
1361 3488 1587 3559 peroptatum
1607 3478 1714 3541 finem
1737 3481 1916 3561 perduxit,

1084 3599 1150 3680 cui,
1165 3619 1186 3660 a
1199 3601 1338 3662 duobus
1350 3600 1518 3662 fratribus
1531 3601 1727 3665 iunioribus
1740 3601 1916 3682 suffultus,

1089 3724 1168 3781 1866
1192 3721 1347 3783 indicem
1371 3723 1576 3804 generalem
1599 3723 1772 3787 adiunxit.
1802 3724 1917 3804 Quam

1083 3853 1270 3923 acceptum
1288 3862 1378 3923 opus
1394 3845 1461 3905 hoc
1475 3845 1649 3925 omnibus,
1666 3855 1739 3907 tum
1758 3845 1915 3924 eruditis,

1084 3974 1158 4025 tum
1181 3965 1450 4046 magistratibus
1474 3965 1638 4028 civilibus
1661 3986 1775 4047 aeque
1797 3986 1838 4027 ac
1862 3984 1917 4027 ec·

1085 4086 1294 4148 clesiasticis
1314 4086 1439 4167 fuerit,
1463 4087 1621 4169 praemia
1642 4084 1835 4149 honorifica
1856 4088 1916 4147 de·

1085 4208 1222 4271 clarant
1247 4207 1422 4290 Gregorio
1451 4210 1607 4289 undique
1635 4210 1774 4271 collata.
1811 4209 1915 4268 Anno

1089 4333 1168 4408 1854
1188 4335 1237 4393 zo.
1251 4331 1340 4392 Nov.
1355 4330 1575 4391 consiliarius
1588 4328 1740 4390 titularis
1753 4327 1914 4408 episcopi

1084 4450 1279 4512 Brunensis
1289 4448 1342 4521 fit;
1357 4451 1496 4512 duobus
1509 4458 1591 4530 post
1606 4470 1633 4511 2.
1644 4449 1748 4513 Mart.
1767 4452 1847 4511 1856
1861 4469 1914 4510 or·

1084 4571 1166 4632 dine
1184 4571 1340 4653 equestri
1356 4570 1537 4633 Francisci
1546 4571 1689 4652 Iosephi
1698 4571 1724 4634 Ι.
1739 4571 1914 4633 sollemni·

1084 4702 1138 4753 ter
1151 4693 1348 4775 decoratur,
1364 4713 1435 4774 qua
1447 4691 1634 4755 occasione
1648 4692 1724 4754 eius
1737 4694 1913 4774 quondam

1084 4813 1280 4895 discipulus
1294 4816 1354 4878 Dr.
1366 4815 1457 4896 Alle,
1475 4815 1615 4876 nomine
1633 4814 1796 4895 omnium,
1812 4833 1915 4895 prae-

1084 4936 1180 4998 clara
1209 4936 1329 5019 ,Oda“
1358 4937 1486 4999 Latina
1517 4936 1550 4998 ei
1581 4936 1913 5018 congratulabatur3

1087 5060 1168 5135 1859
1199 5058 1337 5121 obtinet
1374 5058 1578 5119 mandatum
1614 5056 1761 5119 membri
1799 5075 1914 5119 corre-

1083 5179 1292 5260 spondentis
1305 5178 1439 5241 archivi
1456 5177 1643 5249 Moravici;
1671 5182 1751 5239 1860
1773 5179 1912 5239 demum

1082 5298 1123 5362 fit
1138 5302 1332 5362 membrum
1349 5299 1604 5362 commissionis
1625 5301 1671 5361 ad
1692 5318 1842 5361 examen
1863 5299 1913 5362 in-

1083 5422 1300 5485 stituendum
1318 5423 1363 5483 de
1376 5421 1544 5502 operibus
1561 5420 1709 5484 edendis
1726 5421 1913 5484 occasione

1653 5525 1687 5573 66
