4178 6196
267 659 348 715 XXI.
370 659 562 716 Monasticon
585 659 776 718 Germaniae.
798 661 838 716 LI
860 673 930 716 tom.
955 660 1012 716 Ms.
1093 672 1141 716 tur
1168 663 1195 717 in
1224 661 1330 718 litteris
1358 665 1505 737 gymnasii
1533 665 1715 723 Braunensis
1743 666 1819 739 1851
1855 686 1927 743 pro·

181 765 210 819 in
226 762 299 819 bibl.
317 762 422 820 Gottv.
439 763 503 820 ads.
519 765 576 820 No.
595 763 645 833 28,
664 780 714 838 29,
732 765 914 838 870-912‚
932 778 1009 837 ¹051
1093 765 1243 840 mulgatis.

178 882 319 941 —1054‚
341 866 433 940 1056,
455 883 545 942 ¹057·

267 991 362 1046 XXII.
377 991 580 1048 Miscellanea.
594 992 621 1048 II
631 1007 702 1049 tom.
715 994 771 1049 Ms.
782 994 811 1049 in
820 990 892 1049 bibl.
905 991 1012 1050 Gottv.

180 1095 246 1152 ads.
263 1096 319 1152 No.
339 1110 389 1168 25,
408 1095 499 1153 810.-

267 1218 377 1275 XXIII.
396 1218 563 1276 Glossaria.
582 1221 594 1276 I
612 1233 683 1277 tom.
701 1222 756 1277 Ms.
775 1223 804 1276 in
820 1219 892 1278 bibl.
906 1220 1012 1278 Gottv.

180 1323 246 1380 ads.
263 1325 318 1380 No.
337 1323 410 1380 811.

267 1470 439 1565 Klinger
475 1482 709 1545 Norbertus
746 1482 1014 1562 (Lambacen-

180 1600 266 1681 sis),
283 1611 388 1663 natus
403 1599 572 1663 Lambaci
585 1601 642 1664 die
656 1622 707 1666 22.
720 1601 798 1666 Oct.
812 1621 904 1664 anno
922 1605 1013 1682 1823,

180 1725 370 1805 presbyter
381 1725 574 1787 saecularis
588 1725 645 1787 die
655 1731 706 1788 30.
716 1725 806 1789 Nov.
816 1744 909 1787 anno
923 1728 1012 1805 18411,

180 1866 207 1910 5.
236 1847 370 1908 ordinis
397 1847 557 1908 habitum
588 1846 702 1909 induit
732 1845 768 1909 in
798 1846 1013 1909 monasterio

180 1969 415 2032 Lambacensi
432 1969 489 2031 die
505 1990 554 2031 22.
566 1969 660 2052 Aug.
675 1989 768 2031 anno
785 1973 875 2048 1847,
892 1968 1013 2050 ibique

180 2101 266 2153 vota
281 2092 360 2153 Deo
377 2091 476 2153 vovit
494 2091 552 2153 die
574 2095 620 2153 16.
634 2091 724 2154 Nov.
742 2111 835 2153 anno
853 2095 944 2171 1848,
963 2091 1013 2154 in-

181 2215 297 2295 deque
313 2233 419 2276 curae
436 2213 610 2295 pastorali
625 2213 791 2276 addictus
808 2213 926 2276 indole
943 2233 1013 2276 non

179 2336 347 2398 mediocri
372 2335 583 2416 praesertim
605 2344 718 2397 artem
741 2334 901 2398 exercuit
918 2345 1013 2398 cate·

180 2458 373 2522 chisticam.
398 2459 504 2520 Anno
522 2461 603 2520 1860
619 2459 665 2520 ad
682 2457 892 2520 vicariatum
904 2457 1013 2520 Aich-

179 2558 325 2642 kirchen
348 2599 461 2661 prope
483 2580 663 2642 Lambach
686 2589 869 2661 promotus
892 2579 1012 2662 singu-

179 2704 289 2766 larem
306 2703 422 2785 plebis
439 2722 526 2765 suae
548 2702 616 2764 sibi
632 2701 827 2764 vindicavit
848 2720 1011 2765 reveren-

180 2825 275 2889 tiam.
301 2823 401 2889 Obiit
416 2825 572 2888 vicarius
593 2824 694 2887 istius
715 2823 784 2887 loci
806 2844 899 2887 anno
920 2829 1011 2905 1877,

181 2949 238 3011 die
260 2970 285 3012 1.
302 2949 407 3011 Febr.

267 3090 340 3152 Ι101
361 3109 510 3170 sacrum,
531 3089 627 3170 quod
643 3108 736 3150 anno
756 3093 837 3166 1870
853 3086 1012 3167 suscepit

181 3212 371 3294 descripsit
388 3211 422 3273 in
438 3211 574 3273 libello:

269 3357 360 3412 Reise
383 3355 438 3411 der
458 3353 733 3410 dsterreichischen
749 3353 1012 3427 Pilgerkarawane

181 3462 257 3517 nach
274 3461 341 3516 dem
358 3459 426 3516 heil.
444 3458 550 3515 Lande
567 3460 604 3514 im
620 3458 710 3534 Jahre
731 3456 820 3530 1870.
837 3458 922 3525 Linz,
935 3456 1011 3513 Ver-

180 3567 230 3641 lag
246 3565 299 3621 der
316 3563 549 3620 Marienanstalt.
572 3561 661 3635 1871.
680 3562 713 3619 8⁰
728 3565 796 3619 min.
819 3577 878 3636 170
895 3581 924 3637 p.

267 3701 455 3784 Kloufiek
481 3719 740 3782 Benedictus
765 3720 1012 3800 (Btevnove-

181 3837 553 3918 no·Braunensis),
580 3858 601 3898 a
629 3835 870 3919 Lichtenberg
896 3837 1012 3899 Bohe·
1050 3810 1053 3941 Ι

181 3964 283 4026 miae.
308 3962 422 4024 Natus
440 3966 490 4024 23.
508 3961 603 4043 Aug.
626 3965 705 4039 1814
721 3960 848 4022 studiis
863 3979 1012 4043 gymna-

181 4087 225 4148 sii
247 4084 517 4148 Beneschaviae
542 4094 578 4145 et
594 4083 855 4166 philosophicis
872 4084 1012 4165 Pragae

182 4208 354 4271 absolutis
385 4207 544 4268 ordinem
577 4206 649 4268 divi
680 4205 798 4268 Patris
825 4204 1013 4267 Benedicti

182 4329 375 4393 Btevnovii
403 4329 586 4410 ingressus
618 4332 714 4409 1835,
742 4327 874 4390 ibidem
901 4327 958 4389 die
984 4348 1011 4389 2.

183 4452 282 4534 Sept.
306 4457 385 4514 1838
403 4437 585 4513 sollemnia
597 4450 676 4512 Deo
689 4450 907 4532 nuncupavit
918 4458 1012 4512 vota.

182 4575 378 4656 Presbyter
398 4573 581 4635 ordinatus
605 4583 660 4635 est
682 4573 738 4635 die
757 4594 784 4636 2.
803 4574 897 4655 Aug.
921 4577 1012 4651 1840.

183 4697 242 4758 Ad
262 4715 389 4758 munus
411 4693 621 4775 professoris
641 4694 887 4757 humaniorum
903 4694 1014 4756 Brau-

183 4839 262 4880 nam
284 4829 434 4880 vocatus
456 4818 609 4879 docebat
632 4817 667 4879 in
688 4817 876 4900 gymnasio
900 4837 1013 4900 usque

187 4944 277 5021 1858,
292 4959 362 5021 quo
375 4960 467 5002 anno
481 4941 513 5002 ei
527 4941 778 5002 demandatum
790 4951 846 5002 est
858 4938 1013 5003 officium

183 5062 394 5143 inspectoris
415 5063 581 5124 silvarum
603 5061 748 5124 dominii
770 5061 1013 5124 Braunavien·

184 5185 241 5249 sis
264 5185 429 5267 Scripsit:

271 5329 317 5384 De
341 5329 440 5384 studio
464 5328 583 5403 linguae
605 5328 743 5386 Graecae
764 5348 800 5385 ac
816 5329 942 5391 Latinae
957 5347 1012 5384 no·

183 5446 264 5490 strae
280 5452 403 5508 quoque
419 5436 509 5490 aetati
528 5447 558 5489 et
574 5434 637 5489 utili
655 5446 685 5489 et
701 5435 885 5490 necessario,
909 5430 1011 5489 Habe-

1179 931 1927 1028 KnauerVincentiusAndreas(Sc0-

1093 1059 1249 1140 tensis),
1274 1061 1437 1124 Viennae
1461 1062 1496 1125 in
1519 1063 1667 1126 Austria
1691 1064 1749 1127 die
1775 1085 1824 1128 20.
1849 1065 1925 1129 Iun.

1098 1184 1178 1243 1828
1195 1191 1310 1262 1101115,
1327 1202 1406 1245 011111
1422 1183 1525 1246 1101115
1546 1185 1674 1248 11110115
1695 1189 1792 1268 apud
1809 1187 1925 1250 Bene·

1094 1301 1447 1367 dictino-Scotenses
1470 1315 1506 1369 et
1528 1306 1564 1369 in
1586 1308 1774 1390 gymnasio
1798 1311 1926 1372 acade-

1093 1424 1184 1487 mico
1220 1445 1366 1507 operam
1401 1439 1571 1492 navasset
1607 1430 1925 1514 philosophiaeque

1093 1566 1235 1609 cursum
1251 1548 1286 1610 in
1299 1549 1393 1613 univ.
1403 1549 1556 1614 Vindob.
1574 1565 1865 1631 consummasset,
1878 1556 1924 1616 ad
1949 1602 1956 1617 .

1093 1668 1331 1751 stheologiae
1340 1671 1458 1734 studia
1468 1672 1924 1756 colendaSanhippolytum

1093 1809 1132 1851 se
1149 1791 1307 1873 contulit,
1324 1794 1417 1855 unde
1434 1793 1577 1856 biennio
1590 1797 1736 1877 expleto
1748 1796 1924 1859 Viennam

1092 1915 1205 1975 redux
1222 1915 1267 1975 ad
1285 1912 1413 1977 Scotos
1434 1936 1460 1979 s.
1477 1917 1601 1980 habitu
1622 1919 1725 1983 11105.
1744 1918 1822 1984 001.
1844 1924 1925 1982 1850

1091 2034 1236 2097 indutus
1253 2047 1336 2099 vota
1352 2039 1513 2100 sollemni
1534 2039 1602 2102 ritu
1623 2041 1842 2122 nuncupavit
1867 2041 1924 2104 die

1095 2178 1144 2236 29·
1157 2155 1257 2240 Sept.
1275 2162 1365 2223 1852.
1383 2161 1570 2224 Absolutis
1584 2163 1704 2225 deins.
1720 2163 1924 2246 theologiae

1093 2279 1221 2342 studiis
1237 2280 1273 2342 in
1286 2254 1378 2344 alnia
1392 2274 1649 2349 univVindob.
1663 2285 1924 2367 celebratisque

1093 2401 1204 2464 sacris
1231 2403 1396 2483 primitiis
1423 2404 1481 2467 die
1506 2427 1556 2470 21.
1578 2406 1673 2489 Aug.
1702 2410 1793 2489 1853,
1818 2427 1924 2470 curae

1092 2524 1287 2587 animarum
1308 2526 1473 2589 addictus
1489 2548 1582 2591 anno
1603 2534 1682 2607 1854
1703 2530 1924 2611 provisorem

1092 2646 1167 2728 egit
1183 2647 1374 2728 parochiae
1391 2649 1497 2713 Platt.
1522 2650 1628 2712 Anno
1643 2671 1728 2713 vero
1749 2655 1829 2713 1855
1844 2671 1924 2713 coo-

1091 2778 1235 2849 perator
1252 2768 1461 2851 designatus
1478 2781 1533 2833 est
1546 2769 1581 2832 in
1594 2770 1814 2854 Eggendorf,
1831 2791 1923 2835 anno

1096 2895 1176 2953 1858
1190 2892 1376 2954 catecheta
1392 2892 1427 2954 in
1440 2894 1609 2955 suburbio
1622 2891 1869 2958 Schottenfeld
1887 2904 1923 2957 et

1091 3013 1317 3095 praedicator
1329 3014 1364 3076 in
1378 3035 1406 3078 c.
1420 3035 1446 3078 r.
1460 3016 1564 3077 domo
1578 3015 1810 3097 captivorum,
1825 3017 1922 3078 dein·

1093 3136 1137 3197 de
1155 3140 1230 3198 1861
1247 3136 1282 3198 in
1291 3135 1431 3199 Pulkau
1440 3147 1693 3219 postremoque
1706 3140 1751 3201 ad
1762 3139 1922 3221 sAegy·
2018 3160 2021 3165 ¹

1092 3257 1188 3320 dium
1201 3259 1236 3320 in
1250 3258 1419 3320 suburbio
1428 3258 1697 3321 Vindobonensi
1710 3260 1805 3323 dicto
1814 3259 1921 3323 Gum-

1091 3379 1252 3461 pendorf,
1275 3379 1335 3442 ubi
1356 3380 1391 3442 in
1408 3380 1602 3442 animarum
1623 3401 1708 3443 cura
1732 3383 1922 3445 desudavit

1092 3522 1205 3584 usque
1227 3505 1271 3564 ad
1289 3523 1418 3565 annum
1440 3507 1534 3585 1878,
1556 3524 1642 3586 quo,
1664 3503 1734 3567 iam
1755 3506 1853 3586 prius
1876 3508 1922 3568 ad

1092 3627 1289 3688 docendam
1302 3625 1549 3708 philosophiae
1562 3629 1759 3718 doctrinam
1775 3629 1811 3690 in
1827 3629 1921 3693 univ.

1091 3749 1290 3811 Innsbruck
1307 3748 1517 3831 destinatus
1541 3750 1576 3813 in
1600 3751 1851 3813 monasterium
1868 3771 1922 3813 re·

1092 3874 1166 3934 dux
1182 3872 1443 3935 bibliothecarii
1459 3893 1606 3936 necnon
1620 3874 1834 3937 novitiorum
1850 3895 1921 3937 ma-

1091 3994 1194 4076 gistri
1215 4004 1251 4057 et
1267 3995 1414 4057 rectoris
1435 3996 1641 4058 clericorum
1662 4007 1784 4077 partes
1804 4016 1922 4059 susce-

1093 4117 1164 4198 pit,
1197 4137 1285 4198 quas
1311 4119 1496 4198 hucusque
1527 4119 1629 4199 gerit.
1668 4118 1921 4200 Philosophiae

1051 4234 1054 4313 1
1094 4239 1250 4302 (10010115
1266 4241 1416 4322 gradum
1432 4241 1586 4321 adeptus
1603 4250 1657 4303 est
1673 4261 1766 4303 anno
1787 4246 1878 4319 1807.

1181 4396 1401 4477 Conscripsit
1421 4398 1590 4479 typisque
1606 4398 1731 4479 edidit,
1754 4417 1845 4479 quae
1868 4417 1922 4459 50-

1095 4530 1262 4602 quuntur:

1181 4681 1203 4736 1.
1229 4682 1285 4737 Die
1310 4682 1430 4755 Konige
1454 4679 1693 4756 Shakespeares.
1723 4681 1779 4737 Ein
1800 4682 1923 4757 Beitrag

1094 4806 1146 4841 zur
1158 4786 1474 4862 Rechtsphilosophie.
1492 4781 1521 4862 (i.
1533 4804 1559 4842 e.
1570 4784 1799 4860 Shakespeares
1812 4793 1922 4862 poetae

1093 4890 1170 4947 illius
1194 4890 1313 4964 Anglici
1349 4892 1469 4965 ,Reges
1494 4890 1593 4946 collati
1621 4889 1659 4945 ad
1687 4891 1761 4946 iuris
1788 4890 1922 4965 philoso-

1093 4990 1237 5071 phiam“.)
1258 5010 1269 5050 1
1286 4995 1346 5050 vol.
1365 4993 1407 5051 8⁰.
1424 4996 1567 5060 Viennae,
1590 4992 1680 5065 1863,
1694 5007 1756 5070 typ.
1771 5008 1801 5051 et
1813 5010 1922 5072 sumpt.

1093 5100 1193 5157 Caroli
1210 5099 1391 5158 Gorischek.

1180 5223 1217 5278 II.
1235 5224 1315 5279 Zwei
1333 5224 1473 5296 Beitrage
1490 5242 1542 5278 zur
1558 5222 1751 5297 Wiirdigung
1767 5223 1821 5280 der
1837 5224 1922 5280 deut-

1093 5328 1185 5384 schen
1201 5327 1405 5402 Philosophie.
1428 5327 1500 5382 Pars
1516 5326 1543 5384 1:
1561 5326 1618 5382 Ein
1631 5327 1741 5384 Votum
1755 5327 1801 5384 fiir
1813 5327 1921 5402 Hegel.

1093 5433 1166 5488 Pars
1183 5432 1225 5488 11:
1247 5431 1293 5490 De
1309 5433 1504 5505 argumentis,
1525 5431 1635 5506 quibus
1653 5432 1749 5488 Deum
1766 5450 1834 5488 esse
1850 5451 1923 5507 pro·

1666 5546 1695 5593 31
