4178 6196
952 445 1194 507 ...LX-

1555 563 1573 601 (

207 673 342 737 Altaha
363 673 535 757 superior,
562 674 757 756 Aspacum,
788 673 816 735 F
819 672 986 753 ornbach,
1016 671 1136 735 Cellae
1164 671 1347 734 Marianae
1375 673 1422 735 ad
1449 673 1669 755 Prennberg,
1700 671 1802 753 Rott,
1828 674 1940 753 Aettl,

207 813 506 876 Blankenstetten
529 811 876 876 confoederationem
899 811 1061 874 iniissent
1084 820 1193 893 atque
1216 810 1308 874 inter
1324 831 1367 874 ea
1382 812 1618 892 convenisset,
1642 819 1682 874 ut
1705 830 1752 873 ex
1777 811 1941 875 omnibus

207 952 430 1015 monasteriis
461 951 683 1034 professores
713 954 970 1033 praeberentur
1004 960 1112 1032 atque
1143 949 1304 1014 monachi
1336 949 1371 1012 in
1404 950 1675 1014 universitatem
1707 950 1941 1033 mitterentur,

206 1091 319 1172 Paris,
343 1110 462 1154 comes
486 1092 529 1153 de
554 1090 697 1153 Lodron
721 1090 971 1171 (roro—1653),
996 1090 1057 1171 qui
1079 1089 1203 1154 Marco
1226 1099 1462 1168 successerat,
1497 1109 1589 1152 anno
1618 1094 1698 1153 1620
1721 1092 1768 1152 ab
1792 1090 1942 1171 impera-

207 1239 283 1293 tore
306 1229 533 1293 Eerdinando
556 1230 600 1293 II.
625 1249 839 1310 caesaream,
865 1228 1105 1311 quinquennio
1129 1239 1212 1311 post
1236 1230 1282 1292 ab
1306 1229 1452 1292 Urbano
1476 1229 1573 1292 VIII.
1599 1231 1695 1293 sedis
1720 1230 1942 1313 apostolicae

207 1369 360 1432 obtinuit
383 1370 631 1432 auctoritatem
655 1389 733 1433 cum
757 1369 832 1431 iure
856 1368 1035 1431 tribuendi
1050 1370 1203 1431 honores
1218 1368 1444 1431 academicos
1460 1369 1496 1431 in
1513 1378 1681 1450 quattuor
1697 1368 1940 1432 facultatibus

206 1508 309 1571 Nova
331 1509 420 1571 haec
444 1507 658 1571 universitas
681 1508 739 1570 die
767 1529 814 1572 11.
832 1507 911 1573 Oct.
938 1512 1016 1571 1623
1041 1507 1260 1571 sollemniter
1282 1507 1448 1571 dedicata
1471 1519 1508 1572 et
1530 1509 1566 1571 in
1589 1519 1802 1591 perpetuum
1827 1510 1941 1573 Bene·

208 1647 419 1709 dictinorum
441 1647 555 1710 ordini
581 1647 765 1728 adscripta
778 1655 846 1753 est.
877 1647 983 1710 Initio
1000 1647 1153 1729 quidem,
1170 1666 1250 1710 cum
1266 1657 1382 1710 ortum
1398 1658 1494 1711 esset
1516 1649 1648 1711 bellum
1665 1649 1812 1732 triginta
1834 1667 1942 1711 anno-

208 1807 293 1867 rum,
326 1787 411 1848 urbs
442 1806 521 1850 cum
554 1758 786 1850 universitate
816 1786 956 1870 magnis
988 1785 1253 1850 calamitatibus
1276 1788 1520 1869 premebatur,
1554 1796 1591 1850 ut
1616 1787 1722 1850 etiam
1746 1787 1942 1851 academici

208 1925 305 1988 cives
322 1925 428 1988 armis
444 1895 596 2007 arreptis
619 1927 744 1988 urbem
760 1934 884 1987 contra
900 1923 1049 1989 Suecios
1065 1925 1289 2007 rusticosque
1312 1925 1348 1988 in
1373 1927 1505 1988 bellum
1529 1936 1670 1989 coortos
1694 1926 1941 1991 defenderent:

207 2065 269 2140 ubi
284 2084 371 2127 vero
395 2063 504 2127 otium
528 2083 608 2126 esse
630 2064 758 2145 coepit,
783 2064 889 2128 etiam
912 2084 970 2127 res
993 2064 1237 2129 universitatis
1260 2066 1354 2128 laete
1378 2074 1637 2146 processerunt.
1671 2067 1778 2129 Anno
1799 2071 1877 2129 1053
1896 2069 1940 2128 ad

208 2205 417 2268 societatem
440 2203 592 2267 accessit
611 2204 845 2287 congregatio
861 2203 1315 2286 Austriaco·Benedictina,
1337 2205 1373 2267 in
1389 2224 1460 2286 qua
1475 2206 1564 2267 haec
1588 2213 1689 2267 erant
1711 2205 1940 2269 monasteria:

208 2343 456 2424 Cremifanum,
480 2344 706 2424 Lambacum,
734 2343 966 2425 LunaelacuS,
996 2341 1160 2423 Garsten,
1190 2342 1411 2424 Gluniacum,
1440 2345 1487 2406 ad
1514 2343 1664 2422 Montes,
1694 2365 1721 2406 s.
1750 2345 1941 2412 Lamberti.

208 2505 234 2546 s.
252 2482 364 2563 Pauli,
382 2481 579 2562 Ossiacum,
603 2501 630 2545 s
647 2482 810 2561 Arnoldi,
826 2482 1030 2564 Mellicium,
1056 2481 1285 2562 Gottvicium,
1302 2482 1591 2562 Seitenstadium,
1609 2482 1729 2545 Cellae
1746 2481 1942 2559 Marianae,

206 2622 480 2704 Altenburgum,
495 2619 681 2685 Scotorum
695 2622 1036 2685 Vindobonensium.
1061 2621 1179 2684 Etiam
1194 2620 1409 2685 monasteria
1427 2621 1630 2684 Bfevnovia
1647 2631 1683 2684 et
1699 2621 1891 2685 Cladrubia
1908 2622 1942 2683 in

207 2761 393 2843 Bohemia,
419 2781 445 2824 s.
470 2761 614 2825 Martini
637 2761 673 2824 in
696 2782 724 2825 S.
748 2761 872 2824 Monte
896 2761 1117 2841 Pannoniae,
1142 2761 1357 2824 monasteria
1381 2760 1579 2823 Tirolensia
1603 2771 1640 2824 et
1660 2760 1829 2823 Austriae
1853 2761 1941 2823 cisa·
1975 2745 1978 2751 ¹

206 2903 368 2964 rulanae:
399 2899 434 2964 S.
460 2898 618 2983 Georgii,
650 2900 1002 2982 Mariaemontanum,
1036 2901 1156 2984 Augia
1179 2900 1291 2964 maior
1313 2912 1396 2963 ante
1419 2910 1574 2962 montem
1598 2900 1758 2982 Arulam,
1786 2900 1832 2962 ad
1860 2918 1942 2961 con·

206 3040 488 3103 foederationem
519 3049 749 3102 accesserunt
782 3039 1003 3120 clericosque
1038 3040 1219 3103 miserunt.
1265 3039 1365 3101 Idem
1395 3039 1559 3102 fecerunt
1589 3040 1678 3101 haec
1710 3039 1942 3101 monasteria:

207 3179 515 3262 Gengenbacense
539 3190 575 3240 et
598 3178 873 3241 Schutteranum
896 3179 932 3240 in
957 3178 1164 3262 Brisgovia,
1198 3178 1377 3241 Fuldense
1405 3179 1443 3241 in
1471 3179 1674 3259 Buchonia,
1706 3200 1732 3241 s.
1757 3178 1943 3241 Michaelis

207 3320 253 3382 ad
276 3319 506 3399 Babenberg,
539 3317 806 3381 schwarzach
798 3318 1064 3393 1nFranconia‚
1096 3338 1123 3380 s.
1152 3318 1412 3400 Meginradim
1435 3318 1601 3397 Heremo,
1626 3338 1652 3380 e.
1680 3316 1785 3397 Galli,
1817 3319 1940 3380 Rhen-

208 3457 316 3539 augia
338 3457 374 3519 in
397 3456 575 3536 Helvetia,
607 3448 806 3539 Ty‘rense
798 3476 839 3519 m
864 3457 1038 3538 Lithavia,
1072 3409 1390 3610 Sepeifchoviense
1415 3467 1450 3519 et
1474 3457 1723 3539 Tynecense
1715 3478 1751 3520 m
1783 3458 1941 3538 Polonia,

208 3595 477 3676 Campidonum,
495 3595 664 3676 Fuessen,
681 3595 914 3676 Fultenbach,
932 3596 1222 3677 Ochsenhausen,
1240 3597 1459 3679 Wiblingen,
1472 3595 1719 3677 Weingarten,
1737 3595 1943 3658 Zwiefalten

208 3736 244 3797 in
268 3733 411 3815 Suevia,
436 3733 615 3817 Sigeberg
637 3754 749 3816 prope
775 3733 967 3816 Coloniam,
992 3755 1019 3798 s.
1042 3736 1140 3799 Petri
1163 3736 1199 3797 in
1215 3735 1485 3818 Abdinghofen,
1509 3735 1661 3797 Corbeia
1677 3755 1780 3815 nova,
1804 3732 1943 3843 Ueiis·

210 3877 386 3936 bornense
410 3875 446 3936 in
469 3874 706 3954 Westphalia.

337 4012 571 4093 Praepositus
595 4024 672 4075 erat
694 4013 918 4077 universitati
942 4034 1099 4095 praeses,
1124 4035 1169 4076 ex
1195 4016 1364 4076 abbatum
1382 4012 1712 4076 confoederatorum
1737 4032 1883 4076 numero
1907 4013 1942 4074 in

209 4162 282 4215 tres
305 4171 417 4214 annos
442 4154 587 4231 electuS,
612 4153 711 4214 cuius
736 4153 771 4214 in
794 4162 974 4234 potestate
999 4163 1085 4233 erat,
1118 4153 1290 4234 quidquid
1318 4154 1364 4214 ad
1393 4153 1507 4234 ipsam
1537 4153 1742 4234 pertinebat
1773 4151 1945 4214 universi·

209 4300 331 4372 tatem,
354 4291 389 4352 in
413 4290 535 4373 primis
558 4292 730 4354 scrutatio
754 4292 944 4374 quotannis
968 4294 1142 4356 obeunda.
1189 4292 1230 4354 Ei
1261 4292 1374 4355 additi
1404 4304 1505 4355 erant
1536 4292 1692 4373 quinque
1724 4292 1944 4369 assistentes,

211 4450 358 4512 quorum
382 4429 549 4511 princeps
577 4430 748 4492 assistens
776 4441 972 4512 perpetuus
1000 4437 1103 4495 erat.'
1132 4431 1221 4493 Eum
1252 4434 1366 4494 locum
1397 4432 1602 4511 obtinebat,
1634 4430 1835 4512 quicunque
1868 4440 1945 4491 erat

211 4570 323 4631 abbas
347 4589 373 4631 s.
398 4567 497 4631 Petri
521 4566 730 4652 Salisburgi.
776 4569 904 4652 Ceteri,
929 4581 967 4632 ut
990 4570 1178 4634 triennium
1202 4573 1368 4653 quodque
1392 4571 1539 4651 exierat,
1569 4573 1615 4632 ab
1643 4569 1835 4632 abbatibus
1864 4588 1945 4631 con-

210 4707 404 4770 foederatis
428 4707 651 4789 eligebantur
675 4708 804 4790 singuli
829 4729 874 4772 ex
899 4720 1050 4791 quatuor
1078 4710 1287 4791 provinciis,
1322 4730 1414 4792 quae
1445 4709 1756 4773 confoederatione
1788 4709 1946 4772 contine-

210 4847 357 4909 bantur:
391 4845 690 4930 Salisburgensis,
720 4848 964 4928 Bavariensis,
997 4847 1215 4931 Sueviensis,
1239 4850 1441 4912 Austriaca.
1487 4850 1642 4912 Decreta
1673 4849 1790 4912 omnia
1822 4847 1946 4911 confir-

211 4988 342 5049 manda
367 4998 467 5049 erant
491 5007 625 5049 summa
649 4987 911 5069 archiepiscopi
935 4988 1220 5072 Salisburgensis
1244 4989 1465 5052 auctoritate.

341 5126 479 5188 Rerum
503 5127 775 5189 domesticarum
800 5126 1058 5189 administratio
1082 5127 1117 5189 in
1143 5128 1269 5208 ,Alma
1293 5126 1546 5191 Benedictina“
1577 5128 1701 5189 eadem
1729 5137 1821 5208 erat,
1855 5146 1947 5208 quae

212 5267 248 5326 in
272 5264 400 5326 ceteris
425 5264 725 5329 universitatibus
771 5265 945 5346 Princeps
970 5265 1123 5328 omniurn
1148 5277 1224 5328 erat
1247 5266 1385 5328 Rector
1407 5265 1630 5348 Magnificus
1654 5266 1690 5329 in
1714 5265 1902 5331 triennium
1927 5286 1947 5327 a

213 5401 474 5485 professoribus
496 5404 844 5466 eBenedictinorum
869 5424 1013 5467 numero
1039 5405 1183 5485 electus,
1208 5405 1267 5487 qui
1291 5403 1509 5486 amplissima
1532 5415 1677 5467 ornatus
1704 5405 1947 5477 iurisdictione
