4178 6196
905 425 1187 495 ,500-

172 621 270 693 gionis
295 620 324 673 in
348 617 423 673 ludis
447 614 614 672 trivialibus
630 629 660 671 et
676 616 841 691 gymnasiis
863 615 903 670 sit
919 614 1002 668 insti·

173 719 304 800 tuenda.)
321 737 332 777 1
349 720 409 777 vol.
423 720 465 778 80.
483 719 614 788 Graecii,
632 718 723 792 1850,
737 721 817 795 typis
829 716 898 774 LA.
910 718 1002 772 Κ101·

172 827 264 883 reich.

258 943 504 1023 Manuscripta
545 941 581 1003 in
622 940 840 1003 bibliotheca
881 941 1002 1000 adser-

173 1075 314 1129 vantur:

258 1192 310 1249 IV.
328 1193 391 1247 Das
409 1190 480 1247 freie
497 1190 597 1256 Wort,
615 1191 681 1245 eine
698 1187 870 1246 christliche
886 1187 1002 1242 1811111-

172 1295 340 1372 genschaft.
362 1292 420 1373 (De
436 1293 574 1350 libertate
590 1290 759 1370 sermonis.)
786 1292 862 1346 Eine
884 1289 1001 1346 Skizze.

209 1400 260 1457 fol.
279 1399 321 1456 8⁰.

175 1417 190 1475 7
259 1504 294 1561 V.
321 1504 384 1558 Das
409 1504 509 1576 innige
525 1500 713 1557 Verbaltniss
733 1500 882 1555 zwischen
904 1499 1003 1553 Kunst

173 1610 232 1665 und
260 1609 414 1681 Religion,
442 1604 634 1680 besprochen
662 1607 691 1660 in
719 1606 814 1660 einem
838 1603 1001 1675 Vortrage.

173 1710 202 1791 (i.
224 1731 250 1770 e.
276 1712 362 1781 Quae
385 1712 556 1766 coniunctio
579 1711 655 1765 inter
675 1721 758 1764 artes
779 1721 809 1763 et
825 1706 1001 1779 religionem

174 1816 349 1882 intercedat,
366 1811 488 1891 sermo.)
506 1829 543 1869 22
563 1813 614 1869 sol.
632 1819 674 1886 4⁰.

259 1940 308 1995 VI.
326 1935 428 1994 Ueber
444 1936 500 1991 den
518 1937 639 2009 innigen
655 1934 915 2007 Zusammenhang
932 1934 1002 1987 zwi-

173 2044 264 2100 schen
281 2042 420 2115 Religion
445 2039 503 2094 und
521 2041 630 2106 Kunst‚
647 2041 773 2094 —eine
790 2036 1000 2111 Abhandlung.

173 2143 202 2224 (i.
220 2165 246 2202 e.
268 2147 301 2201 In
323 2159 449 2218 utraque
469 2124 681 2234 dissertatione
704 2145 804 2217 agitur
827 2141 864 2196 de
886 2154 951 2196 arte
973 2153 1003 2195 et

175 2246 343 2327 religione.)
360 2246 400 2319 46
418 2246 468 2303 fol.
487 2244 528 2302 80.

259 2371 324 2428 Vll.
335 2369 559 2425 Praelectiones
570 2370 598 2424 in
607 2368 737 2424 studium
746 2365 903 2434 biblicum;
915 2385 1003 2442 prae-

173 2477 275 2532 sertim
293 2492 440 2548 exegeses
458 2474 486 2528 in
504 2473 649 2548 epistolas
662 2492 685 2528 s.
700 2471 782 2528 Pauli
799 2472 941 2547 apostoli.
959 2478 1002 2544 4⁰.

259 2621 452 2713 Wagner
480 2630 667 2691 Basilius
696 2614 1002 2710 (Mellicensis),

172 2749 334 2810 Viennae
352 2747 408 2808 die
423 2768 451 2808 2.
462 2745 540 2809 Oct.
560 2752 638 2826 1758
652 2757 765 2828 natuS,
780 2748 837 2810 die
856 2754 901 2810 13.
912 2748 1002 2809 Nov.

178 2877 257 2950 1778
281 2870 442 2950 indutus,
469 2868 630 2931 sollemni
652 2879 737 2932 voto
762 2869 874 2931 ordini
897 2867 1003 2930 fidem

174 2990 365 3053 obstrinxit
389 2990 446 3052 die
473 3011 497 3053 1.
520 2990 606 3052 Dec.
631 3000 667 3053 et
693 2990 750 3051 die
777 3011 804 3051 2.
823 2988 901 3053 Oct.
924 2995 1001 3069 1785

173 3113 373 3176 sacerdotio
398 3114 586 3174 decoratus
612 3122 676 3174 est.
702 3111 815 3174 Curae
831 3112 1003 3193 pastorali

174 3235 373 3297 destinatus
390 3233 544 3296 vicarius
566 3234 602 3295 in
618 3233 788 3314 parochia
804 3234 1003 3296 Mellicensi

174 3357 387 3418 constitutus
410 3365 479 3425 est:
504 3376 574 3437 quo
592 3355 627 3418 in
642 3375 787 3418 munere
804 3375 869 3437 per
889 3361 923 3417 13
942 3376 1002 3417 an-

174 3496 238 3537 nos
254 3476 466 3557 promeritus
485 3488 549 3558 est,
572 3476 654 3539 dein
670 3479 715 3539 ad
732 3477 925 3559 prioratum
941 3496 1002 3539 vo·

176 3607 287 3677 01115,
304 3598 339 3658 11
355 3600 422 3659 hoc
438 3617 583 3659 munere
596 3603 613 3660 5
628 3598 703 3660 fere
715 3618 827 3660 annos
841 3618 1002 3660 consum-

175 3719 231 3800 sit,
250 3719 331 3779 dein
348 3738 412 3798 per
427 3730 500 3780 tres
517 3720 656 3782 circiter
672 3739 783 3782 annos
799 3721 1002 3802 parochiam

173 3840 416 3902 Mellicensem
437 3840 705 3922 administravit,
732 3862 838 3922 quam
860 3843 1003 3905 iubente

175 3966 307 4026 abbate
336 3982 413 4024 cum
442 3981 499 4040 ea,
527 3982 619 4043 quae
647 3972 701 4025 est
727 3963 763 4024 in
786 3963 1004 4046 Haugsdorf,

177 4083 416 4164 commutavit,
433 4083 468 4144 in
485 4103 555 4163 qua
571 4102 684 4164 usque
702 4089 777 4145 1811
798 4084 1004 4167 permansit,

175 4228 244 4289 quo
269 4226 361 4269 anno
385 4225 512 4267 munus
535 4205 662 4285 prioris
691 4207 806 4268 denuo
836 4209 1004 4289 suscepit,

177 4329 232 4391 cui
256 4349 333 4391 cum
359 4347 423 4408 per
439 4347 568 4389 annum
584 4326 762 4409 integrum
778 4327 1004 4409 praefuisset,

177 4452 222 4513 ad
259 4449 445 4513 ecclesiam
476 4448 806 4529 Haugsdorfensem
841 4467 1005 4510 reversus

176 4583 241 4636 est.
265 4572 378 4633 Paulo
392 4580 473 4652 post
486 4570 521 4631 in
535 4572 704 4651 morbum,
717 4570 827 4632 febris
840 4570 1005 4651 putridae

176 4714 290 4776 genus
308 4693 497 4772 quoddam,
510 4691 633 4753 incidit
652 4702 687 4754 et
700 4693 757 4754 die
772 4714 821 4770 29.
835 4693 909 4754 Iun.
923 4691 1005 4754 anni

182 4821 259 4878 1813
277 4815 387 4875 vitam
403 4833 482 4875 cum
498 4823 610 4876 morte
628 4815 867 4878 commutavit.

264 4936 429 5017 Scripsit:

264 5064 286 5118 I.
299 5061 446 5117 Kirchen·
456 5060 514 5115 und
523 5059 797 5116 Schulkatecheten
809 5061 885 5116 nach
899 5060 1006 5117 sokra·

178 5168 291 5223 tischer
306 5166 445 5221 Lehrart.
468 5161 641 5242 (Sermones
659 5162 857 5240 catechetici.)
886 5180 911 5221 1.
928 5164 1006 5220 Aufl.

180 5285 195 5325 2
214 5272 286 5327 Bde.
308 5269 353 5326 St.
370 5271 486 5337 Pohen,
508 5283 598 5342 1790.
622 5269 663 5325 80.
689 5285 717 5326 2.
734 5269 811 5325 Auss.
829 5267 873 5325 St.
892 5269 1007 5337 Polten,

184 5388 273 5447 1794.
290 5390 309 5446 4
328 5374 398 5429 Bde.
417 5373 459 5429 8⁰.
483 5387 513 5444 3.
531 5372 609 5428 Auss.
627 5373 717 5440 Graz,
739 5372 829 5444 1813.
846 5371 949 5444 4Bde.
963 5369 1007 5427 80.

1169 614 1205 670 ΙΙ.
1218 614 1392 689 Erklarung
1404 614 1458 671 der
1470 614 1700 688 sonutaglichen
1714 613 1915 687 Evangelien.

1081 713 1111 794 (i.
1140 736 1166 774 e.
1194 719 1408 794 Pericoparum
1440 717 1683 792 evangelicarum
1715 714 1916 795 dilucidatio)

1082 837 1101 894 4
1118 822 1190 877 Bde.
1208 821 1252 879 St.
1270 823 1385 889 Polten,
1407 836 1497 896 1794,
1520 834 1610 895 1795.
1628 819 1672 878 80.

1168 968 1360 1063 Wagner
1383 980 1628 1043 Bernardus
1655 963 1913 1062 (Scotensis),

1082 1093 1178 1156 vitae
1205 1096 1323 1158 lumen
1350 1097 1439 1159 adiit
1462 1097 1649 1180 Auloregii
1675 1099 1711 1161 11
1738 1098 1913 1160 Bobemia

1083 1216 1140 1278 die
1161 1223 1207 1279 15.
1227 1218 1305 1282 Oct.
1327 1224 1417 1296 1760.
1441 1219 1520 1301 Qui,
1545 1240 1624 1282 cum
1647 1221 1682 1283 in
1707 1241 1737 1284 c.
1758 1241 1786 1282 r.
1810 1220 1913 1282 semi·

1083 1339 1181 1401 nario
1198 1341 1356 1421 generali
1372 1352 1469 1404 esset
1484 1341 1654 1423 eruditus,
1676 1362 1704 1406 s.
1721 1343 1847 1405 habitu
1864 1342 1914 1404 in·

1083 1461 1188 1523 dutus
1205 1470 1260 1523 est
1276 1462 1334 1524 die
1351 1466 1379 1524 5.
1397 1461 1475 1526 Oct.
1498 1468 1588 1542 1786.
1613 1463 1717 1527 Votis
1738 1482 1824 1526 vero
1845 1464 1914 1525 sol·

1081 1582 1188 1644 lemni
1208 1584 1278 1647 ritu
1295 1584 1352 1647 die
1369 1590 1398 1648 5.
1416 1584 1495 1648 Oct.
1517 1591 1595 1665 1787
1621 1586 1836 1667 nuncupatis
1858 1606 1914 1649 ce·

1082 1704 1300 1785 lebratisque
1321 1706 1378 1768 die
1402 1711 1430 1768 0.
1448 1708 1521 1769 Ι11.
1543 1710 1622 1785 1788
1643 1707 1819 1788 primitiis,
1842 1707 1913 1770 fra·

1082 1825 1196 1888 tribus
1213 1828 1354 1890 novitiis
1374 1831 1575 1892 moderator
1596 1839 1650 1893 est
1673 1830 1912 1912 praepositus.

1083 1947 1161 2028 Quo
1188 1969 1332 2013 munere
1358 1970 1423 2032 per
1449 1960 1523 2013 tres
1545 1971 1655 2014 annos
1679 1972 1812 2035 magna
1835 1972 1913 2015 cum

1084 2069 1260 2151 dignitate
1276 2081 1390 2153 gesto,
1411 2092 1505 2134 anno
1526 2079 1603 2151 1798
1626 2074 1838 2156 designatus
1859 2085 1912 2138 est

1082 2191 1265 2271 professor
1285 2192 1455 2256 historiae
1483 2195 1608 2258 eccles,
1633 2214 1770 2258 necnon
1794 2207 1912 2259 rector

1083 2333 1111 2375 c.
1128 2333 1155 2374 r.
1171 2315 1265 2396 lycei
1281 2315 1475 2396 LincensiS,
1493 2316 1606 2396 qualis
1622 2337 1714 2379 anno
1736 2320 1815 2379 1802
1831 2318 1912 2382 doc-

1083 2435 1211 2497 torisa.
1230 2436 1432 2518 theologiae
1457 2437 1613 2499 lauream
1638 2438 1801 2501 obtinuit.
1827 2438 1913 2502 Offi-

1083 2557 1175 2619 cium
1191 2557 1285 2639 illud,
1309 2579 1387 2620 cum
1408 2568 1479 2620 tam
1501 2559 1639 2640 integre
1663 2563 1912 2642 cumulateque

1082 2681 1330 2762 praestitisset,
1344 2689 1382 2742 ut
1395 2701 1463 2742 non
1477 2682 1589 2743 solum
1602 2681 1803 2744 consistorii
1816 2682 1912 2745 Linc.

1084 2802 1306 2865 consiliarius
1326 2803 1527 2864 nominatus
1551 2805 1616 2864 sed
1640 2802 1747 2865 etiam
1771 2814 1913 2866 moneta

1084 2946 1156 2987 aur.
1184 2925 1263 2987 mai.
1293 2944 1372 2986 cum
1399 2934 1526 3005 torque
1554 2926 1601 2988 sit
1627 2926 1819 3008 insignitus
1826 2976 1836 3009 ,
1867 2928 1912 2988 ad

1083 3046 1211 3109 fratres
1238 3066 1403 3109 reversus
1430 3048 1607 3127 parochus
1633 3047 1802 3130 migravit
1834 3054 1912 3127 1809

1084 3169 1309 3251 Zellerndorf,
1327 3169 1387 3231 ubi
1404 3169 1505 3231 simul
1522 3169 1621 3231 distr.
1638 3169 1832 3231 Roetzens.
1850 3172 1911 3232 de·

1084 3310 1209 3352 canum
1238 3291 1321 3373 egit.
1357 3290 1463 3353 Anno
1487 3309 1572 3353 vero
1603 3293 1682 3351 1813
1708 3291 1912 3372 parochiam

1082 3411 1333 3474 Waitzendorf
1353 3411 1520 3493 suscepit,
1545 3413 1638 3473 unde
1660 3432 1706 3489 19.
1723 3411 1812 3474 Dec.
1835 3416 1911 3489 1824

1082 3534 1361 3596 valetudinarius
1383 3533 1418 3596 111
1439 3533 1689 3596 monasterium
1713 3535 1829 3595 redux
1851 3533 1911 3595 ibi-

1084 3676 1152 3738 que
1176 3657 1302 3718 decani
1325 3655 1506 3718 facultatis
1530 3656 1685 3737 theolog.
1703 3655 1738 3717 in
1760 3655 1910 3717 univers.

1083 3778 1236 3840 Vindob.
1264 3778 1455 3860 insignitus
1481 3797 1546 3858 pro
1576 3780 1758 3859 1830-31,
1787 3777 1912 3858 plenus

1083 3899 1217 3962 meritis
1244 3902 1289 3961 ad
1313 3900 1428 3962 Deum
1456 3900 1501 3960 de
1528 3899 1645 3961 medio
1673 3899 1831 3961 excessit
1857 3898 1912 3961 die

1084 4022 1321 4099 4.Iun.1836.

1171 4142 1284 4225 Typis
1300 4141 1425 4204 edidit:

1171 4269 1333 4342 Predigten
1360 4265 1409 4323 bei
1436 4266 1504 4322 dem
1530 4265 1765 4322 akademischen
1789 4266 1912 4322 Gottes·

1085 4373 1201 4428 dienste
1219 4374 1246 4427 in
1259 4373 1343 4428 Linz.
1361 4368 1431 4449 (1.0.
1446 4371 1617 4427 Conciones
1634 4369 1754 4427 habitae
1770 4389 1827 4447 pro
1844 4389 1912 4427 aca-

1086 4475 1210 4532 demicis
1227 4474 1382 4554 Lincens.)
1403 4491 1413 4530 1
1435 4474 1495 4531 vol.
1513 4475 1556 4531 80.
1574 4474 1707 4543 Linciae,
1726 4475 1817 4547 1809,
1835 4450 1934 4550 typis⁸

1086 4594 1115 4637 et
1130 4593 1239 4656 sumpt.
1257 4580 1377 4656 Iosephi
1395 4581 1535 4636 Kastner.

1172 4746 1365 4841 Wagner
1395 4756 1578 4839 Cyrillus
1615 4756 1913 4838 (Raigradiem

1086 4874 1170 4955 sis),
1190 4874 1433 4957 Eisenbergae
1450 4874 1485 4936 in
1502 4874 1648 4936 Boemia
1666 4894 1715 4936 22.
1732 4873 1820 4937 Dec.
1834 4892 1914 4952 1710

1086 5006 1200 5078 natus,
1221 4999 1355 5078 primos
1371 4997 1545 5079 pueritiae
1561 5015 1647 5058 suae
1663 5015 1776 5058 annos
1792 4996 1913 5058 Tribo-

1086 5120 1166 5182 viae
1181 5120 1215 5182 in
1228 5120 1390 5181 Moravia
1402 5119 1637 5201 transegit,—-
1646 5138 1756 5200 quare
1769 5127 1807 5180 et
1820 5118 1913 5202 ,Tri-

1087 5242 1288 5323 boviensis“
1305 5254 1512 5304 vocatus-
1528 5241 1655 5322 viginti
1675 5261 1783 5303 unum
1804 5258 1913 5303 annos

1048 5379 1051 5399 ¹
1087 5375 1191 5428 natus
1208 5375 1366 5428 nostrum
1381 5365 1565 5447 ingressus
1588 5373 1643 5426 est
1663 5363 1913 5426 monasterium
