4178 6196
883 421 1164 493 -.9.-

239 612 320 669 XXI.
343 611 569 668 Hausteiniana.
596 608 817 668 Gesammeltes
839 609 914 667 iiber
934 610 983 666 die
1020 604 1024 618 '

153 715 329 776 Grafschalt
351 716 545 782 Hauenstein‚
572 713 794 772 SchrIltstilcke
817 733 876 770 von
903 727 980 788 1727
1021 732 1024 747 ·

152 819 304 900 —1764.)
321 820 359 894 83
378 819 578 895 Foliobogeu.

238 927 335 983 XXII.
359 925 416 982 Die
432 925 593 982 Freiherrn
610 943 669 981 von
687 925 891 999 Krenkingen.
908 921 937 1002 (i.
955 942 982 981 e.

153 1034 200 1091 De
215 1032 326 1089 familia
341 1029 486 1087 baronum
502 1030 540 1086 de
557 1071 563 1086 .
582 1071 589 1086 .
608 1025 627 1107 .)
644 1027 662 1086 ό
680 1027 879 1104 Foliobogen.

239 1155 351 1212 XXIII.
369 1153 589 1211 Gesammeltes
605 1150 680 1209 iiber
692 1149 983 1226 altdeutscheSpra·

154 1262 219 1320 che.
236 1257 265 1338 (i.
281 1279 307 1317 e.
324 1258 471 1316 Analecta
487 1257 588 1333 quoad
604 1257 734 1332 linguam
752 1270 887 1314 veterum
905 1254 984 1313 Ger·

155 1361 331 1441 manorum.)
353 1379 386 1420 12
405 1363 605 1437 Foliobogen.

240 1488 349 1544 XXIV.
364 1487 479 1544 Umriss
488 1484 541 1542 der
550 1484 734 1541 Geschichte
743 1482 798 1540 des
807 1483 983 1558 Kletgaues.

155 1591 183 1672 (i.
197 1613 224 1651 e.
242 1591 353 1651 Circuli
371 1591 472 1665 Kletg.
489 1589 655 1664 descriptio
671 1585 837 1665 historica.)

241 1715 478 1789 Manuscriptum
501 1713 559 1769 hoc
584 1712 664 1788 typis
689 1712 816 1787 imprimi
839 1709 910 1767 lecit
930 1709 982 1766 Dr.

154 1820 304 1896 Iosephus
320 1817 418 1874 Bader
440 1820 469 1873 in
490 1834 584 1893 opere
605 1834 623 1872 a
643 1835 676 1873 se
700 1815 782 1872 edito
803 1813 859 1873 sub
882 1814 982 1870 titulo:

158 1924 274 1998 „Briele
291 1921 366 1981 uber
382 1922 436 1978 das
452 1920 599 1977 Badische
615 1918 799 1978 Oberland.“
824 1918 913 1992 1833.

241 2058 446 2141 Sequuntur
458 2056 709 2138 manuscripta,
719 2056 901 2137 dequibus
913 2074 984 2117 non

155 2192 304 2261 constat,
322 2201 403 2243 num
421 2192 456 2242 et
472 2179 532 2241 ubi
550 2187 706 2241 exstent:

242 2325 337 2382 XXV.
362 2323 548 2380 Gescbichte
570 2322 624 2379 des
645 2322 759 2380 Thales
781 2320 824 2381 St.
843 2314 1004 2380 wilhelm

154 2431 204 2489 bei
221 2427 383 2487 Oberried.
402 2424 430 2505 (i.
448 2445 474 2484 e.
492 2427 585 2483 Vallis
601 2446 625 2483 s.
640 2426 778 2485 Gulielmi
792 2426 889 2484 deser.
904 2423 984 2506 hist.)

154 2538 276 2609 Beitrag
297 2551 348 2588 zur
369 2534 517 2607 einstigen
533 2531 806 2607 Plarrgeschichte.
832 2528 983 2607 Scriptum

155 2658 233 2697 anno
255 2636 345 2696 1808.

241 2743 349 2800 XXVI.
372 2740 556 2799 Geschichte
572 2740 626 2797 der
642 2740 756 2797 Plarrei
773 2741 983 2816 thgersweil.

154 2845 184 2928 (i.
202 2867 228 2905 e.
249 2848 416 2904 Parochiae
431 2848 466 2902 N.
488 2864 537 2903 res
557 2843 706 2925 eventus.)
730 2844 881 2922 Scriptum
905 2864 984 2902 anno

159 2953 249 3012 1812.

241 3057 365 3114 XXVII.
383 3055 446 3113 llus
467 3054 534 3111 dem
552 3054 659 3112 Leben
679 3055 733 3113 des
749 3056 898 3112 Priesters
915 3054 985 3111 Ori·

154 3167 249 3240 gines.
267 3159 296 3240 (i.
313 3180 339 3218 e.
359 3159 515 3230 Quaedam
533 3178 550 3215 e
566 3161 646 3216 vitae
662 3160 814 3216 curriculo
827 3156 985 3237 Originis.)

155 3267 306 3344 ScrIptum
324 3284 403 3322 anno
424 3263 514 3338 1815.

241 3417 390 3510 Mayer
414 3424 659 3487 Theodorus
685 3424 984 3506 (Mellicensis),

156 3544 379 3623 Austriacus‚
392 3542 553 3605 Viennae
572 3544 627 3605 die
642 3565 670 3606 2.
684 3543 787 3607 Febr.
804 3544 887 3605 anni
905 3547 983 3623 1788

155 3676 269 3746 natus
293 3665 420 3726 studiis
436 3664 700 3726 humanioribus
717 3675 752 3727 et
769 3665 985 3748 philosophi-

156 3789 206 3852 cis
219 3788 352 3850 ibidem
365 3788 530 3868 imbutus,
546 3788 602 3849 die
614 3787 727 3869 prima
737 3789 891 3851 Ianuarii
904 3794 984 3850 1806

157 3909 289 3972 ordinis
306 3929 332 3970 s.
346 3909 532 3971 Benedicti
545 3919 647 3971 veste
665 3907 819 3989 indutus,
838 3915 866 3970 5.
881 3909 984 3972 Febr.

161 4036 241 4110 1809
258 4052 322 4115 per
337 4039 422 4094 vota
438 4032 622 4095 sollemnia
637 4032 773 4114 gremio
789 4031 985 4094 Mellicensi

157 4155 367 4236 adscriptus,
385 4154 442 4216 die
460 4174 509 4216 22.
528 4155 601 4217 Iun.
621 4159 701 4216 1810
717 4155 985 4237 neomystapri-

156 4298 249 4340 mam
261 4278 340 4340 Deo
356 4275 508 4339 hostiam
525 4275 743 4338 incruentam
760 4276 887 4339 litavit.
905 4275 987 4340 Stu-

158 4399 293 4463 diorum
307 4398 586 4481 theologicorum
604 4397 695 4460 intra
708 4399 911 4461 monasterii
924 4419 986 4481 pa-

156 4521 263 4584 rietes
280 4520 454 4615 curriculo
471 4521 624 4582 nondum
642 4540 819 4602 egressus,
836 4522 985 4583 necdum

158 4664 183 4706 s.
216 4643 399 4706 ordinibus
431 4642 589 4705 initiatus
619 4641 654 4704 in
686 4664 714 4705 c.
745 4664 770 4706 r.
799 4645 986 4727 gymnasio

155 4765 354 4828 Mellicensi
381 4766 648 4848 grammaticam
677 4765 838 4829 Latinam
867 4767 987 4829 docuit

157 4899 193 4952 et
208 4891 314 4972 paulo
331 4898 414 4970 post
432 4889 669 4952 bibliothecae
686 4889 986 4952 administrandae

157 5031 247 5093 opus
269 5011 303 5074 in
324 5031 363 5074 se
384 5011 557 5094 suscepit;
583 5013 755 5093 simulque
781 5012 928 5074 clericos
952 5012 987 5073 in

156 5133 303 5196 historia
316 5133 560 5196 ecclesiastica
574 5133 719 5215 iureque
729 5134 900 5196 canonico
910 5152 988 5194 eru-

158 5253 255 5318 divit.
280 5254 406 5317 Mense
431 5255 643 5317 Novembris
672 5260 750 5318 1813
776 5258 821 5317 ad
846 5257 989 5318 traden-

1062 615 1119 667 tus
1136 617 1200 687 est,
1218 617 1254 669 et
1271 627 1294 670 a
1310 627 1431 671 mense
1444 608 1637 672 Novembri
1657 612 1737 672 1810
1754 609 1895 673 clericis

1063 727 1329 792 Mellicensibus
1337 730 1373 793 in
1382 731 1570 795 seminario
1580 732 1776 814 episcopali
1785 732 1897 796 scien·

1062 850 1121 912 tiis
1141 851 1352 934 theologicis
1373 852 1573 917 imbuendis
1597 874 1663 936 per
1686 874 1819 917 annum
1842 854 1893 916 di·

1063 983 1181 1036 rector
1196 972 1362 1054 praesuit;
1387 993 1457 1055 quo
1479 977 1602 1059 elapso
1619 978 1761 1040 domum
1777 978 1892 1040 redux

1063 1095 1240 1177 gymnasii
1265 1095 1480 1160 Mellicensis
1507 1098 1702 1180 discipulos
1728 1099 1894 1183 syntaxis

1063 1217 1212 1280 Latinae
1233 1220 1377 1301 regulas
1401 1229 1437 1282 et
1459 1220 1603 1304 linguae
1619 1218 1783 1284 Graecae
1799 1221 1894 1284 rudi·

1063 1350 1192 1420 menta,
1209 1349 1336 1422 postea
1351 1342 1437 1404 artis
1453 1343 1617 1423 poeticae
1638 1353 1674 1406 et
1695 1343 1894 1407 rhetoricae

1064 1471 1258 1544 praecepta
1289 1463 1435 1544 docere,
1472 1484 1565 1526 anno
1601 1469 1679 1528 1825
1712 1465 1892 1548 gymnasii

1063 1583 1325 1665 praefecturam
1347 1586 1529 1668 suscipere
1550 1597 1586 1651 et
1602 1607 1694 1650 anno
1715 1592 1798 1652 1836
1813 1589 1895 1651 huic

1064 1705 1182 1770 officio
1207 1708 1333 1771 iterum
1358 1709 1596 1773 bibliothecae
1623 1730 1743 1773 curam
1770 1710 1895 1773 adiun-

1064 1848 1151 1911 gere
1167 1830 1284 1892 iussus
1301 1841 1365 1895 est.
1390 1831 1445 1894 De
1466 1831 1650 1896 iuventute
1671 1831 1895 1896 informanda

1064 1951 1197 2033 optime
1213 1952 1338 2015 merito
1359 1955 1471 2016 honor
1491 1953 1656 2035 publicus
1677 1974 1748 2016 non
1771 1953 1894 2036 defuit,

1064 2083 1189 2155 utpote
1217 2074 1277 2156 qui
1305 2095 1397 2137 anno
1427 2079 1504 2153 1842
1529 2075 1746 2139 Ferdinandi
1769 2077 1796 2139 Ι.
1825 2077 1895 2140 cle-

1066 2197 1197 2259 mentia
1212 2197 1423 2260 numismate
1436 2217 1567 2280 magno
1582 2217 1690 2261 aureo
1707 2200 1895 2261 decoratus

1065 2330 1129 2383 est.
1159 2318 1354 2403 Gymnasio
1378 2319 1575 2383 Mellicensi
1599 2321 1635 2383 in
1658 2329 1739 2384 octo
1762 2322 1896 2384 classes

1065 2442 1249 2525 ampliat0,
1276 2442 1434 2505 eiusdem
1459 2443 1612 2506 director
1634 2443 1790 2525 itemque
1811 2443 1896 2526 styli

1064 2564 1182 2627 Latini
1199 2573 1235 2628 et
1247 2564 1445 2648 linguarum
1459 2564 1621 2629 Graecae
1634 2577 1670 2628 et
1681 2566 1895 2628 vernaculae

1064 2670 1245 2770 professor
1260 2687 1387 2768 factus,
1408 2688 1463 2749 his
1480 2698 1516 2750 et
1531 2687 1768 2750 bibliothecae
1785 2707 1895 2770 nego·

1064 2809 1133 2891 tiis,
1151 2810 1318 2891 quamdiu
1333 2810 1429 2873 vires
1445 2808 1659 2882 sufficerent,
1680 2829 1819 2873 omnem
1844 2809 1894 2872 di-

1065 2931 1168 3016 eavit¹
1176 2950 1331 3013 operam,
1356 2933 1468 2994 donec
1489 2933 1612 2995 morbo
1628 2941 1815 3014 correptus
1831 2933 1894 2995 do·

1066 3054 1168 3116 cendi
1194 3054 1358 3134 primum,
1386 3053 1554 3135 deinceps
1582 3073 1674 3116 anno
1698 3055 1823 3135 elapso
1842 3053 1894 3116 bi-

1064 3176 1265 3239 bliothecae
1279 3175 1532 3237 custodiendae
1545 3175 1680 3238 muneri
1692 3175 1894 3238 valedicere

1065 3309 1263 3382 cogeretur.
1287 3296 1382 3360 Malo
1399 3297 1596 3379 insanabili,
1618 3298 1717 3361 cuius
1734 3297 1894 3362 cruciati-

1064 3424 1131 3484 bus
1151 3422 1293 3483 insolita
1314 3421 1545 3501 mirandaque
1567 3421 1672 3482 animi
1694 3421 1895 3484 constantia

1064 3543 1233 3606 resistere
1243 3549 1486 3620 consueverat,
1500 3542 1534 3603 in
1545 3541 1621 3604 dies
1634 3543 1749 3624 magis
1762 3543 1894 3625 magis-

1066 3687 1135 3749 que
1151 3668 1392 3730 invalescente
1413 3665 1459 3725 ad
1479 3664 1602 3727 mortis
1623 3684 1775 3746 agonem
1793 3684 1895 3747 prae·

1065 3798 1212 3872 paratus
1230 3787 1287 3850 die
1305 3808 1332 3849 2.
1350 3787 1412 3849 Iul.
1435 3789 1510 3848 1861
1536 3787 1611 3868 pati
1633 3795 1669 3848 et
1685 3787 1777 3848 inter
1793 3786 1895 3849 vivos

1066 3931 1145 3975 esse
1162 3910 1276 3973 desiit.
1301 3909 1408 3972 Anno
1428 3913 1509 3987 1846
1526 3928 1547 3971 a
1564 3907 1765 3971 Carinthiae
1783 3908 1895 3971 socie·

1065 4044 1140 4097 tate
1170 4031 1336 4095 historica
1365 4030 1496 4093 sodalis
1523 4030 1731 4092 honorarius
1759 4032 1895 4094 electus

1067 4155 1289 4237 institutique
1318 4153 1495 4237 geologici
1522 4152 1704 4215 Austriaci
1732 4172 1753 4213 a
1781 4171 1896 4214 corre·

1067 4277 1325 4360 spondentibus
1338 4277 1599 4355 adnumeratus,
1612 4275 1803 4337 maximam
1812 4292 1895 4355 ope·

1066 4421 1140 4463 ram
1150 4397 1548 4478 historiaeAustriacae‚
1558 4397 1663 4458 medii
1674 4395 1896 4476 potissimum

1067 4523 1156 4603 aevi,
1174 4521 1330 4584 navavit.
1355 4520 1521 4600 Scripsit:

1153 4649 1175 4704 1.
1193 4647 1294 4705 Ueber
1310 4647 1367 4704 den
1383 4645 1614 4702 Benedictiner·
1625 4643 1738 4700 Orden.
1757 4641 1786 4722 (i.
1804 4663 1831 4700 e.
1850 4644 1896 4700 De

1067 4753 1171 4809 ordine
1188 4746 1472 4828 Benedictinorum.)
1488 4749 1587 4813 wien,
1609 4746 1699 4820 1848.
1724 4746 1766 4805 8⁰.
1792 4747 1896 4804 Fried-

1067 4857 1130 4914 rich
1147 4857 1240 4913 Reck.

1153 4961 1191 5017 11.
1205 4959 1367 5034 Anleitung
1379 4979 1443 5014 zum
1458 4957 1533 5032 Styl.
1550 4955 1579 5037 (i.
1591 4977 1616 5015 e.
1626 4959 1795 5034 Praecepta
1806 4952 1897 5035 styli.)

1066 5066 1167 5133 wien,
1190 5064 1279 5138 1850.
1298 5064 1340 5121 8⁰.
1359 5064 1449 5120 beck.

1155 5172 1207 5227 III.
1226 5169 1326 5227 Ueber
1338 5167 1403 5224 Aul
1405 5166 1526 5243 hellung
1541 5166 1617 5222 alter
1630 5168 1733 5224 Zeiten
1748 5185 1803 5222 aus
1818 5166 1897 5222 alten

1068 5276 1193 5333 Namen.
1217 5270 1246 5353 (i.
1268 5294 1294 5330 e.
1318 5274 1364 5330 De
1385 5271 1585 5348 explicatione
1607 5272 1800 5345 antiquorum
1824 5284 1898 5328 teut-

158 5378 238 5438 dam
252 5376 466 5459 theologiam
480 5377 646 5438 moralem
656 5373 988 5440 Gottviciumvoca-
1027 5343 1031 5442 i
1070 5399 1177 5458 porum
1195 5399 1231 5437 ex
1248 5380 1380 5453 antiquis
1392 5373 1583 5456 nominibus.)
1599 5377 1631 5432 In
1645 5375 1739 5433 Adoll
1748 5375 1899 5433 Schmidls
