4178 6196
882 483 1164 558 „257-

152 675 289 738 Ibidem
306 676 412 740 etiam
425 687 584 739 veterem
596 675 784 739 ecclesiam
796 672 980 756 parochia-

152 798 221 859 lem
237 808 398 880 tempore
414 797 657 879 occupationis
674 796 773 860 initio
784 796 889 858 huius
905 813 981 857 sae-

154 919 223 982 culi
246 922 292 982 ab
316 920 500 989 extraneis,
521 921 677 984 clausam
704 917 919 982 restauravit
945 926 982 979 et

154 1042 263 1104 cultui
287 1042 407 1104 divino
432 1042 598 1106 restituit.
626 1041 759 1104 Missus
782 1049 909 1122 postea
935 1040 981 1101 ad

144 1165 357 1256 ‚parochiam
365 1163 522 1246 Marling
534 1184 613 1227 cum
625 1163 703 1226 aliis
715 1163 916 1227 fautoribus
928 1181 982 1224 ar-

144 1287 199 1355 tis
215 1306 348 1367 sacrae,
364 1285 532 1350 historiae
544 1285 676 1348 veteris
692 1295 728 1348 et
741 1293 983 1348 monumento·

155 1430 230 1472 rum
239 1409 463 1490 antiquorum
472 1408 624 1472 instituit
633 1408 984 1490 circulum„Meraner

156 1531 388 1595 Leseverein“
406 1551 471 1613 pro
487 1532 636 1594 colenda
651 1540 728 1594 arte
745 1529 936 1593 christiana
948 1540 984 1592 et

154 1654 235 1717 huic
252 1653 415 1717 societati
431 1653 586 1736 praefuit
602 1672 715 1735 usque
732 1657 823 1736 1863,
841 1672 911 1734 quo
923 1673 984 1715 an·

155 1796 200 1840 no
217 1776 252 1839 in
268 1776 469 1839 Helvetiam
492 1776 632 1839 rediens
648 1776 852 1858 parochiam
868 1776 985 1838 Buen-

155 1918 218 1961 zen
230 1900 501 1982 gubernandam
517 1898 684 1980 suscepit.
702 1896 881 1961 Gravibus
893 1895 985 1959 infir-

156 2021 339 2083 mitatibus
349 2019 986 2101 coactusmunerepastorisabdicato

157 2144 192 2205 in
205 2143 394 2226 collegium
404 2141 581 2206 Sarnense
591 2162 629 2205 se
641 2142 778 2227 recepit
791 2154 826 2205 et
838 2141 884 2203 ibi
896 2141 987 2204 inter

157 2263 353 2328 confratres
369 2265 428 2346 pie
446 2283 490 2326 ex
506 2266 572 2327 hac
589 2263 663 2327 vita
684 2264 838 2326 decessit
860 2263 917 2325 die
934 2267 984 2325 28.

157 2387 261 2450 Mart.
283 2391 374 2464 1871.
403 2417 409 2430 ·

243 2533 362 2617 Opera
379 2533 490 2614 ipsius
506 2533 603 2615 typis
619 2533 792 2615 impressa
808 2542 904 2595 sunt:

243 2687 265 2743 l.
305 2688 543 2743 Dissertatioues
581 2687 682 2742 variae
726 2688 755 2742 in
794 2684 986 2762 ephemeride

60 2807 64 2814 ·
160 2789 636 2864 „Schweizer·Kirchenzeitung“
661 2787 842 2862 1836-41;
860 2789 986 2846 contulit

157 2897 245 2952 etiam
261 2914 385 2972 operam
403 2897 431 2950 in
448 2894 564 2979 edendo
585 2892 663 2951 libro
680 2894 761 2951 Frid.
779 2895 891 2951 Hurter
910 2895 985 2966 „Be-

158 3000 299 3075 leindung
311 2999 365 3056 der
377 2998 587 3056 katholischen
600 2999 730 3076 Kirchef‘
750 3012 780 3055 et
796 3001 825 3055 in
842 2998 986 3056 fasciculo

160 3104 236 3174 „Die
253 3104 435 3160 Katholiken
451 3103 505 3160 des
521 3103 661 3178 Aargaus
676 3102 735 3159 und
752 3102 806 3159 der
819 3102 985 3159 Radicalis·

158 3213 255 3276 mus“,
273 3211 337 3265 sine
353 3208 432 3264 loco,
454 3207 543 3280 1843.
561 3206 604 3265 8⁰.

240 3331 278 3388 II.
295 3328 470 3387 Sermones.
488 3334 520 3405 a)
536 3331 593 3387 Die
605 3329 744 3404 Religion
761 3332 799 3386 im
812 3330 915 3386 Bunde
931 3331 984 3386 mit

152 3435 220 3491 dem
236 3437 362 3492 Kreuze.
385 3433 600 3502 Sarmenstorf,
621 3453 670 3510 ap.
688 3434 800 3502 Keller,
827 3433 916 3507 1841.
941 3432 983 3491 8⁰.

152 3553 195 3611 3ο
211 3558 240 3616 p.
264 3539 296 3613 b)
307 3539 465 3596 Romsahrt
478 3539 552 3596 oder
565 3539 613 3595 die
625 3538 830 3613 Aussohnung
844 3541 896 3595 mit
908 3538 984 3595 Gott

153 3643 211 3700 und
228 3647 327 3701 seincr
339 3645 460 3701 Kirche.
478 3644 606 3709 Luzern‚
620 3662 668 3720 ap.
683 3641 812 3708 Raeber,
831 3641 921 3715 1842.
939 3641 982 3699 8⁰.

155 3746 195 3804 26
211 3768 240 3826 p.
265 3750 293 3823 c)
308 3749 371 3804 Das
387 3749 453 3805 Blut
470 3747 523 3805 des
540 3767 635 3804 neuen
652 3748 782 3804 Bundes.
801 3746 875 3804 Ibid.
894 3745 983 3820 1843.

153 3852 196 3911 8⁰.
220 3867 258 3927 27
281 3873 310 3930 p.
339 3854 372 3926 d)
394 3851 526 3910 Glaubet
549 3854 607 3910 und
630 3851 710 3909 lebet
736 3851 924 3919 katholisch,
948 3869 984 3908 so

153 3958 267 4015 werdet
288 3958 332 4014 ihr
353 3958 410 4014 den
427 3958 547 4014 wahren
563 3950 691 4014 frieden
711 3956 821 4014 haben.
847 3955 983 4024 Einsidl„
1039 3961 1040 3964 ’

153 4082 202 4139 ap.
219 4064 374 4137 Benziger‚
397 4059 487 4134 1846.
505 4062 547 4119 8⁰.
566 4076 605 4134 24
622 4080 652 4137 p.

240 4186 292 4242 111.
309 4186 473 4242 Historica.
499 4185 531 4240 ln
548 4184 705 4261 periodico
724 4184 918 4260 supradictae
934 4201 985 4240 so·

154 4292 272 4347 cietatis
287 4290 401 4347 Meran.
420 4292 485 4346 eius
502 4307 574 4345 cura
588 4289 670 4346 edito
683 4287 796 4365 publici
813 4289 886 4345 iuris
899 4281 989 4344 fecit:⁴

153 4395 383 4466 ‹1)Historische
393 4395 555 4450 Memoires
565 4392 641 4451 iiber
649 4393 707 4450 den
716 4392 985 4468 gregorianischen

153 4499 383 4574 Choralgesang
406 4501 457 4555 mit
478 4498 663 4556 besonderer
679 4497 849 4572 Beziehung
870 4495 922 4552 auf
939 4494 984 4553 St.

155 4603 272 4661 Gallen.
291 4601 319 4681 (i.
334 4623 360 4660 e.
375 4604 420 4660 De
434 4617 522 4660 cantu
536 4603 648 4660 chorali
661 4597 876 4679 Gregoriano.)
894 4598 984 4657 1861.

81 4704 90 4715 '
155 4709 197 4766 8⁰.
223 4722 257 4781 15
277 4727 306 4785 p.
330 4707 362 4779 b)
381 4706 742 4765 Historisch·technische
763 4707 890 4762 Notizen
911 4704 986 4762 dber

155 4814 204 4870 die
219 4811 264 4870 St.
281 4812 540 4870 Valentinskirche
557 4814 586 4868 in
602 4809 772 4868 Obermais.
790 4806 819 4888 (i.
834 4827 860 4866 e.
878 4809 985 4866 Eccle-

155 4921 199 4975 sia
219 4918 297 4997 ads.
315 4914 525 4994 Valentinum.)
546 4916 621 4974 Ibid.
648 4930 681 4988 13
703 4934 731 4992 p.
757 4917 784 4989 c)
805 4914 985 4990 Biographi·

155 5023 228 5080 sche
240 5024 365 5079 Notizen
380 5041 435 5078 aus
451 5021 518 5078 dem
531 5021 637 5078 Leben
649 5020 703 5078 des
715 5018 892 5076 berdhmten
904 5017 985 5074 Bild·

155 5127 265 5184 hauers
280 5127 305 5203 J.
322 5128 355 5183 B.
372 5125 464 5182 Pendl
480 5122 511 5183 in
524 5126 638 5182 Meran.
656 5122 685 5202 (i.
699 5142 725 5181 e.
739 5124 850 5180 Notata
861 5122 985 5197 biogra-

156 5233 243 5308 phica
256 5232 439 5308 sculptorem
454 5229 544 5288 Pendl
557 5226 791 5306 concernentia.)
805 5227 879 5286 Ibid.
895 5208 996 5286 1862.Ι

157 5351 194 5410 23
212 5357 242 5413 p.
267 5337 299 5410 d)
324 5337 387 5393 Das
407 5313 533 5393 schloss
549 5333 715 5409 Habsburg
737 5334 797 5390 und
818 5334 901 5390 seine
923 5329 984 5387 Ge·

155 5442 299 5500 schichte.
313 5439 342 5519 (i.
352 5460 378 5498 e.
389 5441 451 5496 Arx
460 5437 694 5519 Habsburgica.)
704 5437 833 5496 Beiblatt
843 5438 897 5495 des
906 5435 984 5496 sud·

1061 676 1165 732 tiroler
1182 673 1391 733 Volksblattes
1413 672 1503 748 1867.
1525 675 1581 731 No.
1600 673 1619 733 8
1637 687 1667 731 et
1687 689 1733 746 14.
1758 673 1785 746 e)
1799 674 1893 730 Vater

1059 779 1173 856 Joseph
1189 779 1298 835 Martin
1314 779 1428 854 Meyer,
1443 778 1604 835 Thierarzt
1620 781 1649 834 in
1661 779 1809 845 Buenzem
1826 776 1892 835 bio·

1060 883 1242 960 graphische
1251 880 1366 940 Skizze.
1384 880 1413 959 (i.
1424 901 1450 940 e.
1460 884 1641 940 Veterinarii
1654 884 1773 941 Martini
1786 884 1893 958 Meyer

1062 984 1144 1066 vita.)
1160 988 1247 1055 Muri,
1265 1005 1313 1063 ap.
1330 987 1438 1054 Zeller‚
1460 986 1549 1062 1865.
1567 968 1666 1063 8815
1686 1008 1715 1066 p.

1149 1171 1341 1242 Kreutier
1377 1176 1629 1244 Franciscus
1669 1181 1892 1263 (San-Bla-

1063 1296 1228 1379 sianus).
1256 1297 1371 1361 Natus
1388 1308 1443 1362 est
1458 1299 1487 1361 F
1488 1300 1624 1383 riburgi
1648 1301 1684 1363 in
1704 1300 1894 1384 Brisgovia

1064 1419 1120 1482 die
1142 1423 1188 1484 15.
1200 1420 1287 1502 Apr.
1306 1425 1400 1501 1736;
1418 1441 1444 1485 S.
1458 1423 1581 1486 habitu
1598 1423 1741 1487 indutus
1758 1424 1793 1486 in
1811 1402 1893 1487 divo

1064 1542 1198 1615 Blasi0;
1224 1543 1440 1607 sollemniter
1463 1544 1646 1626 professus
1672 1545 1728 1609 die
1757 1568 1804 1612 11.
1828 1547 1890 1610 Iul.

1069 1669 1163 1745 1753;
1186 1666 1353 1728 sacerdos
1375 1667 1557 1730 ordinatus
1579 1668 1637 1730 die
1657 1690 1687 1747 n.
1704 1670 1778 1734 Iun.
1800 1675 1892 1751 1759.

1065 1785 1200 1851 Studiis
1217 1788 1426 1870 theologicis
1439 1797 1475 1851 et
1486 1789 1665 1853 historicis
1675 1790 1821 1854 Parisiis
1834 1812 1894 1856 ex·

1066 1910 1191 1993 cultus,
1208 1909 1243 1971 in
1260 1910 1342 1971 divo
1359 1909 1480 1972 Blasio
1501 1911 1696 1975 iunioribus
1718 1914 1893 1997 religiosis

1066 2031 1212 2094 tradidit
1235 2031 1507 2115 philosophiam,
1536 2043 1572 2096 et
1600 2036 1798 2098 sacellanus
1826 2038 1892 2100 cel-

1066 2153 1193 2216 sissimi
1210 2154 1347 2216 abbatis
1368 2154 1510 2219 functus
1526 2166 1595 2238 est.
1620 2156 1677 2221 Ob
1697 2178 1812 2222 rerum
1833 2180 1894 2243 ge·

1066 2277 1253 2338 rendarum
1277 2278 1527 2342 dexteritatem
1547 2299 1760 2343 oeconomus
1784 2283 1896 2345 maior

1065 2396 1196 2478 factus,
1225 2397 1326 2460 simul
1353 2398 1590 2463 aedificationi
1617 2403 1699 2464 novi
1733 2404 1896 2467 coenobii

1066 2529 1102 2581 et
1117 2519 1264 2602 grandis
1276 2521 1400 2601 templi
1418 2522 1627 2605 invigilavit.
1644 2524 1778 2588 Postea
1794 2545 1895 2607 prae-

1065 2641 1202 2722 positus
1219 2641 1253 2703 in
1267 2642 1435 2725 Biirglen,
1452 2646 1582 2707 multas
1595 2645 1822 2710 difficultates
1838 2668 1895 2710 su-

1065 2782 1191 2844 perare
1204 2773 1240 2826 et
1252 2764 1402 2827 molesta
1415 2766 1561 2848 negotia
1573 2765 1747 2831 conficere
1762 2770 1894 2852 debuit,

1066 2893 1104 2947 ut
1131 2883 1289 2968 integros
1317 2887 1585 2967 praepositurae
1614 2899 1650 2951 et
1677 2890 1838 2952 coenobii
1867 2910 1894 2953 s.

1066 3006 1177 3068 Blasii
1193 3019 1352 3070 servaret
1373 3009 1519 3074 reditus,
1543 3009 1609 3072 His
1630 3031 1699 3074 non
1722 3013 1894 3090 obstanti·

1065 3130 1132 3190 bus
1164 3129 1360 3192 elaboravit
1387 3130 1569 3194 historiam
1602 3132 1786 3195 anterioris
1820 3134 1895 3197 Au-

1065 3250 1183 3332 striae,
1211 3272 1317 3333 quam
1345 3272 1456 3335 usque
1484 3274 1576 3317 nunc
1603 3256 1723 3337 magni
1747 3255 1893 3339 faciunt,

1064 3373 1208 3436 maximi
1223 3369 1352 3455 autem,
1371 3375 1401 3437 si
1416 3375 1498 3438 stilo
1512 3376 1716 3457 simpliciori
1730 3389 1766 3441 et
1778 3379 1893 3442 minus

1065 3497 1195 3558 devoto
1216 3515 1301 3558 usus
1324 3494 1460 3560 fuisset.
1486 3496 1701 3580 Ceteroquin
1724 3511 1801 3562 erat
1822 3521 1894 3564 mo·

1064 3618 1197 3680 nachus
1219 3618 1409 3680 admodum
1430 3619 1631 3703 religiosus,
1656 3621 1692 3684 in
1715 3623 1893 3710 seipsum

1064 3757 1224 3819 severus,
1252 3759 1431 3821 nunquam
1458 3741 1585 3804 bibens
1611 3742 1747 3825 vinum,
1777 3745 1894 3808 cubile

1064 3860 1140 3923 eius
1153 3861 1321 3924 stramine
1334 3872 1483 3926 stratum
1492 3855 1504 3936 ;’
1516 3873 1553 3927 at
1568 3864 1603 3927 in
1620 3866 1892 3930 conversatione

1063 3983 1194 4064 hilaris,
1215 3982 1369 4047 affabilis
1391 3995 1426 4047 et
1447 3985 1578 4047 salibus
1600 3989 1801 4062 abundans;
1823 3989 1893 4052 ele·

1064 4107 1187 4188 gantia
1204 4117 1240 4169 et
1252 4107 1430 4171 suavitate
1443 4128 1577 4172 morum
1590 4110 1743 4172 omnium
1757 4110 1893 4173 animos

1065 4227 1132 4290 sibi
1158 4229 1372 4292 devinciens.
1406 4229 1614 4293 Imminente
1638 4231 1707 4293 iam
1731 4231 1893 4294 coenobii

1065 4351 1132 4413 sibi
1150 4351 1269 4414 dilecti
1285 4352 1397 4432 ruina,
1414 4352 1473 4433 pie
1490 4364 1525 4415 et
1541 4362 1654 4416 totum
1667 4372 1706 4414 se
1719 4353 1893 4416 voluntati

1066 4474 1207 4556 divinae
1224 4474 1446 4537 committens
1462 4495 1554 4537 anno
1572 4479 1651 4538 1806
1668 4475 1703 4536 in
1717 4475 1799 4537 divo
1812 4475 1893 4538 Bla-

1066 4597 1118 4659 sio
1135 4597 1341 4678 exspiravit.
1365 4607 1369 4615 '

1153 4754 1265 4837 Typis
1282 4716 1477 4835 expressit:

1152 4915 1334 4972 Geschichte
1347 4914 1402 4971 der
1410 4914 1797 4973 vorderdsterreichischen
1806 4913 1894 4972 Stas-

1066 5034 1129 5086 ten‚
1158 5037 1212 5074 aus
1236 5018 1414 5084 Urkunden‚
1443 5017 1671 5094 gleichzeitigen
1696 5018 1893 5076 Geschichts·

1065 5123 1240 5181 schreibern
1262 5123 1319 5179 und
1341 5123 1474 5180 anderen
1491 5123 1618 5193 Quellen
1639 5142 1786 5199 gezogen.
1813 5121 1841 5201 (i.
1866 5142 1893 5181 e.

1065 5229 1201 5284 Historia
1213 5231 1364 5285 civitatum
1374 5231 1537 5285 anterioris
1546 5226 1707 5307 Austriae.)
1720 5227 1753 5285 S.
1765 5227 1893 5296 Blasien‚

1069 5347 1159 5407 1790.
1191 5333 1271 5390 Zwei
1296 5332 1414 5390 Theile.
1444 5331 1485 5390 8⁰.
1515 5333 1621 5390 Erster
1648 5332 1737 5390 Theil
1766 5331 1828 5404 636
1853 5327 1904 5410 ρ.,’

1064 5440 1187 5496 zweiter
1203 5437 1290 5495 Theil
1309 5435 1368 5512 653
1387 5457 1417 5515 p.

1630 5551 1662 5600 33
