4178 6196
816 486 856 495 -
902 450 1094 512 XXXVII
1139 487 1180 496 —

128 677 384 757 (1626-1657),
400 676 588 738 Amandus
605 677 856 756 (1657-1673),
880 675 1089 738 Edmundus
1107 676 1346 756 (1673-1702)
1364 675 1410 736 ad
1426 694 1453 738 s.
1466 675 1622 755 Petrum,
1639 676 1791 738 Ioannes
1806 673 1868 739 IV.
1917 741 1920 747 ,

124 816 379 896 (1581—1614),
406 815 573 878 Urbanus
598 816 866 897 (1614-1659),
891 812 1119 877 Godofredus
1143 813 1205 876 III.
1233 814 1504 895 (1696—1702),
1537 834 1642 894 quem
1666 814 1869 895 Leopoldus

123 955 324 1035 imperator
336 953 643 1035 religiosissimum
657 956 826 1016 abbatem
839 952 1043 1034 nominavit,
1054 953 1083 1014 F
1085 952 1267 1015 ranciscus
1282 954 1521 1034 (1662—1707)
1534 954 1580 1015 ad
1593 972 1619 1015 s.
1631 953 1869 1032 Lambertum,

126 1091 285 1154 Alexius
311 1093 568 1173 (1617—1621),
602 1090 779 1174 Georgius
805 1090 1056 1172 (1621—1642),
1081 1101 1246 1152 strenuus
1270 1090 1437 1152 defensor
1459 1089 1543 1153 fidei
1568 1091 1775 1171 catholicae,
1800 1091 1869 1152 Ed-

123 1233 280 1294 mundus
297 1231 550 1313 (1682-1725),
568 1232 659 1293 alter
675 1229 844 1293 fundator
860 1240 1097 1312 nuncupatus,
1114 1227 1382 1310 Ossiachenses,
1402 1230 1555 1292 Ioannes
1565 1230 1607 1292 V.
1628 1232 1868 1311 (1626-1041)

124 1381 164 1433 et
186 1371 410 1433 Aemilianus
435 1371 675 1451 (1727—1744)
701 1369 1060 1449 Arnoldsteinenses,
1089 1368 1278 1451 Philippus
1303 1371 1542 1448 (rom-1677)
1575 1379 1611 1431 et
1642 1370 1814 1432 Albertus
1842 1370 1868 1432 I.

126 1510 373 1592 (1677-1727)
399 1508 676 1591 Sanpaulenses.

259 1649 330 1710 Pro
365 1646 482 1710 officio
519 1647 652 1709 ordinis
682 1645 745 1708 filii
776 1666 802 1708 s
834 1645 1023 1708 Benedicti
1054 1665 1133 1707 cum
1163 1646 1456 1726 protestantismo
1487 1666 1559 1727 per,
1582 1647 1695 1708 valles
1723 1646 1869 1729 Alpium

126 1788 399 1850 Austriacarum
423 1787 609 1869 divulgato
632 1785 668 1848 in
693 1794 873 1848 certamen
897 1786 1160 1848 descenderunt
1184 1792 1220 1846 et
1243 1785 1373 1846 multos
1390 1784 1598 1848 fortitudine
1615 1795 1651 1847 et
1667 1785 1869 1849 constantia

127 1927 174 1988 ad
197 1945 320 1987 veram
341 1924 449 1988 fidem
471 1926 701 1988 reduxerunt.
740 1922 819 2004 Quo
843 1923 879 1985 in
902 1923 1021 1985 studio
1038 1922 1214 1985 nonnullis
1231 1920 1414 1985 beneficiis
1432 1944 1645 1986 summorum
1661 1923 1869 2006 pontificum

127 2076 164 2126 et
196 2064 448 2145 imperatorum
479 2063 753 2144 adiuvabantur,
784 2073 821 2126 et
851 2083 931 2125 cum
959 2081 1081 2124 omnes
1115 2062 1189 2125 fere
1219 2082 1297 2124 cum
1322 2063 1445 2126 Monte
1469 2062 1618 2126 Cassino
1646 2064 1756 2127 artius
1788 2084 1869 2127 con·

126 2204 370 2284 iungerentur,
399 2203 504 2264 huius
532 2222 673 2284 quoque
705 2203 781 2265 iura
812 2202 1008 2284 praecipua
1038 2202 1161 2283 adepti
1192 2212 1283 2264 sunt.
1330 2201 1501 2265 Similiter
1535 2223 1614 2266 curn
1646 2202 1868 2285 Germaniae,

127 2341 324 2422 praecipue
348 2339 513 2422 Sueviae,
543 2341 729 2420 Bavariae,
761 2341 982 2403 Franconiae
1006 2340 1267 2422 Benedictinis,
1299 2342 1393 2403 unde
1423 2342 1525 2404 multi
1553 2342 1649 2425 agris
1681 2344 1776 2405 bello
1807 2343 1868 2405 tri-

127 2480 232 2563 ginta
248 2499 420 2542 annorum
437 2480 588 2542 vastatis
612 2480 647 2542 in
668 2480 884 2542 monasteria
900 2479 1094 2541 Austriaca
1110 2478 1346 2560 confugerant
1363 2489 1399 2542 et
1414 2480 1569 2563 benigne
1587 2481 1867 2563 excipiebantur,

126 2619 339 2681 societatem
363 2619 529 2681 artiorem
553 2618 705 2681 inierunt
722 2620 754 2699 ¹).
798 2619 923 2700 Itaque
948 2620 1035 2681 ordo
1059 2619 1095 2679 in
1118 2619 1222 2681 terris
1238 2618 1381 2700 Alpinis
1404 2638 1498 2681 nova
1522 2620 1738 2683 incrementa
1762 2621 1868 2701 cepit.

126 2759 168 2820 In
200 2758 311 2820 Tiroli
344 2768 463 2820 autem
494 2757 626 2820 maiore
658 2759 812 2839 quodam
844 2758 949 2839 copia
978 2756 1106 2820 florere
1138 2757 1274 2838 coepit,
1310 2777 1389 2818 cum
1420 2755 1588 2820 Saebenii
1624 2762 1701 2820 1085
1738 2779 1867 2821 novum

127 2896 335 2959 monialium
360 2905 580 2978 exsurgeret,
606 2915 675 2976 quo
699 2895 838 2958 colonia
862 2915 908 2957 ex
931 2895 1147 2957 monasterio
1172 2895 1445 2978 Nonnbergensi
1470 2897 1624 2958 deducta
1648 2906 1712 2958 est.

262 3035 302 3096 ln
326 3034 429 3097 terris
452 3054 538 3096 vero
560 3034 662 3117 regni
687 3035 870 3097 Bohemici
894 3036 980 3097 ordo
1011 3055 1037 3099 s.
1062 3035 1266 3116 Benedicti,
1298 3045 1488 3116 postquam
1518 3036 1612 3097 bella
1642 3035 1867 3098 Hussitarum

128 3174 290 3256 paullum
315 3173 536 3254 quieverunt,
568 3175 669 3236 tarde
702 3194 723 3234 a
751 3173 1015 3235 calamitatibus
1046 3176 1092 3236 ad
1124 3194 1162 3236 se
1194 3174 1309 3237 rediit.
1354 3174 1444 3236 Nam
1475 3173 1578 3236 bellis
1611 3173 1719 3237 finitis
1751 3184 1869 3237 tamen

127 3312 290 3374 haeresis
312 3320 542 3392 remanserat,
567 3332 668 3392 quae,
699 3332 913 3393 quamquam
941 3332 1006 3393 pro
1034 3333 1131 3375 more
1164 3312 1336 3394 cuiusque
1368 3312 1526 3374 haeresis
1548 3313 1585 3375 in
1608 3314 1729 3395 plures
1752 3325 1869 3377 sectas

129 3452 389 3530 resolvebatur,
413 3460 533 3513 tamen
556 3450 623 3512 sibi
647 3461 816 3513 constans
839 3461 998 3514 veterem
1021 3451 1176 3514 furorem
1201 3462 1237 3514 et
1261 3451 1380 3513 odium
1404 3452 1439 3514 in
1456 3453 1644 3514 ecclesiam
1661 3452 1870 3515 catholicam

131 3587 350 3651 effundebat.
381 3589 541 3651 Abbatia
557 3589 850 3672 Btevnoviensis,
874 3590 1029 3653 fecunda
1051 3591 1112 3652 illa
1135 3599 1258 3672 mater,
1282 3589 1379 3651 humi
1401 3601 1579 3671 prostrata
1603 3591 1753 3654 iacebat.
1785 3592 1870 3655 Eius

133 3726 323 3809 naufragia
347 3727 499 3789 Ioannes
522 3728 548 3790 I.
578 3748 658 3807 1449
682 3729 773 3791 adeo
797 3728 972 3810 conlegit,
1003 3738 1042 3791 ut
1072 3730 1217 3791 tandem
1250 3728 1455 3791 Braunavia
1485 3728 1736 3811 praepositura
1765 3731 1870 3793 sedes

135 3865 327 3928 abbatialis
358 3863 436 3928 fieri
465 3877 597 3947 posset.
644 3867 761 3928 Tanta
790 3886 876 3929 vero
906 3866 1069 3948 paucitas
1099 3866 1346 3948 religiosorum
1377 3867 1697 3930 Braunaviensium
1729 3887 1871 3949 quoque

135 4019 221 4084 erat,
247 4017 285 4067 ut
309 4007 423 4067 abbas
446 4006 481 4068 in
504 4007 595 4068 hanc
619 4026 747 4068 novam
773 4006 1059 4088 praeposituram
1075 4005 1205 4068 fratres
1222 4005 1415 4068 Cladrubia
1438 4007 1616 4068 deducere
1640 4007 1872 4088 cogeretur2).

135 4145 175 4207 In
192 4145 259 4206 hoc
275 4143 529 4206 monasterium
541 4156 680 4207 mortuo
694 4131 809 4225 Zizka,
823 4145 923 4207 cuius
939 4147 1074 4226 praeda
1091 4166 1167 4222 ¹4²1
1189 4144 1322 4207 factum
1339 4154 1425 4225 erat,
1443 4145 1589 4226 incolae,
1608 4145 1668 4225 qui
1684 4146 1729 4206 ad
1745 4144 1873 4207 fratres

134 4302 161 4343 s.
192 4281 394 4344 Emmerani
425 4281 711 4344 Ratisbonenses
744 4282 995 4364 confugerant,
1030 4282 1211 4344 redierunt
1243 4291 1279 4344 et
1310 4282 1509 4344 Presticum
1541 4292 1577 4345 et
1608 4284 1874 4346 Tuschkaviam

134 4421 404 4504 praeposituras
426 4420 667 4483 restituerunt.
703 4419 776 4484 Sed
801 4421 1049 4502 praepositura
1070 4439 1096 4481 S.
1114 4418 1327 4482 Catharinae
1342 4419 1605 4504 Pfraumbergii
1621 4441 1736 4483 vacua
1751 4421 1874 4483 relicta

134 4561 232 4639 est3).
261 4557 478 4640 Ostrovium,
495 4561 641 4641 antiqua
654 4559 911 4641 praepositura,
928 4580 949 4621 a
962 4558 1204 4641 Pragensibus
1223 4578 1300 4636 1422
1316 4559 1391 4620 solo
1404 4569 1559 4639 aequata
1574 4559 1609 4620 in
1626 4557 1873 4639 praepositura

134 4719 159 4761 s.
183 4697 331 4761 loannis
360 4699 427 4759 sub
455 4698 574 4779 lapide
598 4699 741 4780 revixit,
771 4719 862 4780 quae
891 4710 974 4761 tunc
1003 4699 1107 4760 sedes
1137 4699 1308 4760 abbatum
1332 4695 1615 4760 Ostroviensium
1646 4696 1744 4759 facta
1771 4709 1826 4759 est
1840 4702 1874 4776 ⁴).

271 4939 293 5022 1)
318 4944 445 5019 Czeruy,
470 4944 526 4999 Ein
551 4944 678 5000 'l‘ourist
702 4947 730 5001 in
755 4944 950 5000 Oesterreich
976 4943 1117 4999 wahrend
1141 4942 1193 4998 der
1218 4941 1457 5000 Schwedenzeit.

265 5053 290 5133 2)
313 5056 487 5113 Chronicon
511 5059 685 5112 monasterii
710 5058 955 5111 Blernoiiensis.

265 5167 290 5247 ³)
314 5167 514 5241 Ziegelbauer
537 5168 555 5225 l.
580 5189 606 5223 c.

264 5279 289 5359 ⁴)
313 5282 403 5336 Frind
435 5282 453 5338 l.
482 5301 508 5338 c.
542 5281 592 5337 IV.
630 5281 844 5337 Nonnullorum
877 5282 1054 5335 sententiam
1089 5279 1253 5335 monachos
1285 5280 1341 5337 sub
1373 5281 1519 5355 regimine
1552 5280 1674 5337 Ioannis
1702 5282 1738 5338 V.
1771 5278 1878 5359 (1518)

130 5397 303 5454 translatos
328 5413 397 5451 esse
420 5394 558 5450 Frindius
583 5393 700 5449 refellit.
