4178 6196
905 414 1187 497 -416-

175 620 291 692 cupatis
308 618 345 672 de
362 617 530 692 Altenburg
547 631 618 693 post
630 616 814 691 Habesburg
831 618 1004 673 constructi.

175 722 270 778 Unum
287 722 427 777 volumen
449 720 490 799 (in
512 719 606 799 folio),
631 723 787 778 continens
812 721 882 777 solia
904 735 955 793 51,
977 734 1007 777 et

175 825 352 881 adservatur
368 827 397 881 in
414 826 536 882 archivo
554 825 775 882 San-Paulano.
793 827 849 882 Nu.
870 839 918 898 77.

262 948 342 1004 VIII.
352 949 536 1005 DissertatIo
545 948 583 1003 de
592 949 709 1014 Welfis‚
720 949 892 1004 monasterii
905 947 1006 1002 Rhen-

176 1053 329 1125 augiensis
346 1050 564 1109 fundatoribus,

262 1173 313 1229 IX.
342 1174 478 1230 Historia
502 1173 640 1230 Guelfica
668 1175 782 1249 scripta
809 1192 888 1229 anno
917 1171 1007 1246 1769.

175 1277 310 1351 Utraque
327 1277 501 1334 dissertatio
527 1281 554 1334 in
577 1278 682 1335 eodem
700 1279 850 1334 volumine
873 1279 1008 1334 contine-

178 1393 238 1447 tur,
264 1401 389 1457 quarum
413 1383 435 1438 I.
460 1373 604 1458 pertingit
626 1402 644 1438 a
666 1375 735 1458 pag.
766 1381 904 1448 1-180,
928 1382 965 1436 Il.
991 1400 1008 1436 a

178 1503 247 1560 pag.
276 1485 453 1559 180—264‚
479 1500 509 1543 et
528 1487 707 1542 adservatur
731 1488 759 1541 in
782 1485 908 1542 archivo
932 1483 1008 1540 San·

179 1591 311 1646 Paulano
328 1592 384 1647 No.
404 1590 454 1664 78.

266 1714 312 1768 De
341 1716 462 1787 scriptis
490 1690 629 1786 Hugonis
657 1710 840 1767 Schmidfeld
870 1712 1007 1767 consula-

177 1831 238 1875 tur:
256 1817 551 1890 Quellensammlung
571 1816 625 1872 der
646 1815 812 1882 Badischen
830 1815 1007 1889 Landesge·

176 1923 320 1988 schichte,
338 1920 588 1997 hernusgegeben
604 1939 664 1977 von
680 1922 779 1977 Mone.
801 1921 822 1976 I.
840 1920 894 1976 Bd.
916 1918 1005 1992 1848.

178 2041 216 2100 79
234 2046 305 2102 Pag-

265 2188 454 2262 Schmidt
488 2199 732 2261 Fridericus
765 2199 1006 2281 (Raigradi

176 2317 318 2398 ensis),
335 2327 439 2380 natus
458 2328 512 2379 est
529 2315 699 2379 Gewiczii
715 2317 750 2378 in
767 2316 928 2378 Moravia
945 2336 1006 2378 an·

175 2460 221 2502 no
243 2445 332 2520 1726,
357 2441 414 2501 die
431 2445 481 2501 30.
499 2439 587 2520 Apr.
610 2439 770 2501 honestis
787 2438 1004 2521 parentibus

175 2561 230 2623 De
252 2561 425 2643 pueritiae
447 2561 522 2623 eius
546 2561 630 2623 fatis
654 2561 702 2622 nil
726 2571 866 2623 constat
890 2580 1005 2642 neque

176 2683 236 2745 ubi
258 2694 294 2746 et
315 2683 410 2765 quali
431 2703 510 2745 cum
531 2703 726 2765 progressu
747 2683 865 2746 studia
889 2684 1006 2745 absol·

175 2806 276 2868 verit.
301 2806 407 2867 Anno
425 2825 505 2883 1749
522 2807 568 2866 ad
585 2815 743 2867 nostrum
757 2805 890 2886 suscipi
902 2805 1006 2885 petiit

175 2928 442 3009 monasterium,
466 2927 590 2989 habitu
610 2927 837 2988 benedictino
861 2927 1004 2988 indutus

176 3059 231 3112 est
255 3071 275 3112 a
295 3050 479 3112 reverend.
496 3050 539 3110 D.
556 3049 726 3111 Mathaeo
749 3052 777 3110 8.
794 3050 881 3112 Dec.
901 3048 1004 3110 huius

176 3182 212 3233 et
228 3171 392 3253 sequenti
408 3172 533 3232 eodem
551 3170 607 3232 die
625 3170 659 3230 in
672 3189 796 3231 manus
808 3170 1004 3250 praepositi

175 3293 379 3373 Aemiliani,
404 3291 562 3354 Mathaei
586 3291 814 3373 successoris,
836 3311 862 3352 s.
889 3292 1005 3355 emisit

176 3413 443 3494 professionem.
473 3412 681 3476 Sacerdotio
704 3413 862 3476 initiatus
885 3414 1004 3494 primi-

175 3536 243 3598 tias
256 3536 450 3597 celebravit
463 3539 492 3597 3.
506 3535 580 3597 lun.
595 3540 685 3616 1753,
698 3546 772 3598 turn
786 3537 820 3598 in
834 3557 917 3599 cura
930 3535 1003 3624 ani-

175 3678 309 3719 marum
327 3657 462 3719 adiuvit
477 3659 671 3739 parochum
688 3678 799 3739 penes
817 3659 1003 3721 ecclesiam

175 3779 472 3851 monasterialem
498 3798 590 3840 anno
616 3785 693 3857 1755
717 3779 878 3860 superior
898 3780 1004 3841 sacri·

176 3913 298 3964 stanus
316 3911 351 3961 et
367 3904 447 3977 1756
465 3900 738 3962 ceremoniarius
751 3920 873 3982 praep.
888 3901 1004 3963 Bona-

174 4031 346 4085 venturae
363 4022 488 4102 factuS,
514 4021 742 4102 quibuscum
769 4022 895 4085 officiis
918 4024 1003 4086 illud

173 4163 312 4225 quoque
330 4144 435 4205 etiam
452 4142 610 4224 regentis
627 4143 723 4205 chori
743 4143 902 4226 figuralis
923 4165 1004 4207 con-

173 4264 299 4329 iunxit.
318 4264 374 4328 Ob
389 4264 640 4327 dexteritatem
655 4275 691 4326 et
700 4267 924 4346 prudentiam
939 4288 1004 4329 nec

173 4408 244 4450 non
273 4390 319 4449 ob
347 4388 531 4469 praeclara
559 4407 623 4449 sua
650 4388 775 4451 merita
803 4408 896 4450 anno
924 4397 1005 4469 1760

173 4509 338 4591 subprior
364 4510 489 4570 domus
518 4509 751 4572 constituitur.
784 4511 891 4574 Anno
924 4518 1001 4591 17111

174 4632 240 4694 iter
251 4631 915 4714 obedientiaesuscepitPragenseuna
925 4656 1003 4697 cum

153 4755 213 4818 .P.
234 4753 493 4832 Maximiliano,
519 4774 589 4834 qua
610 4773 656 4814 ex
677 4775 785 4816 causa
810 4755 1001 4837 ignoratur.

172 4876 228 4938 De
245 4897 314 4957 quo
331 4876 365 4937 in
382 4876 553 4937 relatione
575 4877 620 4937 ad
643 4877 674 4938 d.
692 4877 935 4959 praepositum
952 4878 1002 4938 di·

172 5011 270 5062 recta
290 4998 413 5060 scribit
434 4998 525 5060 inter
546 4999 628 5060 alia:
648 5010 911 5082 „paternaeque
922 5020 1003 5082 gra·

173 5120 244 5182 tiae
261 5140 369 5182 causa
385 5120 468 5181 laeti
486 5120 638 5201 ingressi
654 5140 785 5202 sumus
811 5123 875 5183 sed
896 5141 1000 5202 quam

172 5262 264 5305 vana
285 5261 368 5322 spes
389 5241 554 5303 hominis!
582 5243 645 5303 vix
670 5243 763 5304 enim
780 5243 1000 5305 Trebiczium

1043 3334 1046 3440 l

1085 610 1329 674 Referebatur
1349 612 1441 674 inter
1462 611 1532 673 alia
1556 612 1740 676 civitatem
1760 612 1921 694 Pragen-

1087 753 1161 795 sem
1171 733 1350 796 occlusam
1361 753 1450 815 esse,
1461 735 1584 816 copias
1593 733 1919 797 BorussicasChru-

1087 855 1181 935 dimi,
1204 853 1410 917 Czaslaviae
1432 864 1499 918 etc.
1523 856 1604 936 plus
1628 876 1733 936 quam
1757 855 1919 938 scythica

1086 977 1251 1038 barbarie
1267 976 1399 1049 furere;
1425 996 1489 1038 nos
1510 986 1629 1039 tamen
1650 995 1790 1039 omnem
1812 975 1917 1039 fidem

1086 1098 1257 1160 adhibere
1274 1098 1435 1160 nolentes
1452 1098 1519 1161 iter
1532 1109 1698 1179 coeptum
1711 1099 1917 1161 continuare

1086 1219 1374 1302 intendebamuS,
1399 1223 1512 1283 donec
1536 1222 1680 1283 tandem
1708 1222 1754 1282 ad
1783 1227 1831 1284 13.
1856 1220 1916 1282 lul.

1088 1342 1213 1403 excell.
1228 1342 1369 1403 domina
1382 1342 1426 1403 de
1436 1341 1639 1404 Waldstein
1652 1341 1767 1403 omnis
1779 1341 1917 1404 dubita·

1086 1462 1193 1525 tionis
1220 1461 1346 1524 fecerit
1372 1461 1488 1525 finem.
1520 1463 1586 1524 Illa
1613 1464 1739 1525 eodem
1768 1463 1826 1525 die
1853 1483 1916 1544 per

1088 1593 1228 1663 postam
1244 1583 1417 1665 Iglaviam
1434 1603 1546 1665 usque
1562 1583 1670 1664 venit,
1695 1584 1759 1645 sed
1784 1586 1831 1646 ob
1854 1583 1914 1645 im-

1088 1705 1224 1766 minens
1246 1705 1449 1786 periculum‚
1475 1716 1549 1767 tum
1572 1708 1619 1767 ob
1644 1706 1915 1788 denegationem

1088 1846 1257 1907 equorum
1271 1847 1292 1888 a
1304 1826 1487 1908 praefecto
1500 1839 1683 1909 postorum
1696 1828 1914 1891 Trebiczium

1086 1948 1217 2010 reverti
1238 1958 1363 2011 coacta
1384 1958 1453 2022 est;
1477 1951 1669 2012 mansimus
1692 1951 1914 2013 nihilominus

1086 2069 1260 2133 Trebiczii
1281 2081 1316 2133 et
1337 2091 1371 2149 17
1396 2091 1461 2152 per
1479 2073 1676 2154 prandium,
1701 2075 1765 2136 sed
1789 2075 1837 2135 ob
1860 2093 1914 2135 ac-

1086 2203 1225 2275 ceptam
1242 2194 1413 2276 notitiam,
1431 2204 1505 2257 tum
1521 2195 1556 2257 in
1573 2215 1664 2277 arce,
1689 2206 1765 2259 tum
1790 2217 1812 2258 a
1837 2216 1913 2277 pro·

1085 2315 1180 2398 fugis
1197 2316 1365 2378 Bohemis
1384 2318 1456 2399 (qui
1468 2318 1576 2399 aiunt,
1594 2317 1912 2400 Reginae-Hrade·

1086 2438 1176 2499 cium
1190 2449 1273 2519 post
1288 2440 1407 2500 datam
1421 2439 1608 2520 pecuniam
1626 2460 1707 2501 1ooo
1719 2460 1911 2518 aureorum,

1086 2569 1243 2620 secutam
1261 2560 1550 2643 expoliationem,
1568 2562 1796 2624 succendisse
1813 2562 1864 2625 uti
1879 2571 1913 2624 et

1085 2680 1243 2761 Nachod‚
1262 2680 1551 2765 Garomelicium,
1569 2684 1760 2766 Braunam)
1778 2685 1912 2766 pericu·

1084 2803 1155 2863 lum
1177 2823 1246 2866 non
1267 2815 1428 2867 amantes
1448 2805 1563 2867 redire
1584 2806 1695 2869 satius
1717 2807 1911 2870 duximus.“

1085 2924 1234 2986 Duobus
1246 2925 1347 2987 annis
1365 2937 1447 3006 post
1459 2927 1555 3008 prior
1568 2929 1692 2989 domus
1706 2926 1869 3010 efficitur,
1879 2928 1912 2991 in

1085 3066 1155 3126 quo
1177 3045 1293 3108 officio
1313 3048 1566 3110 zelosissimum
1584 3050 1681 3111 illum
1693 3048 1806 3113 fuisse
1823 3070 1913 3112 com·

1085 3168 1252 3229 mercium
1264 3168 1461 3231 litterarum
1470 3169 1708 3251 frequentium
1721 3172 1756 3233 in
1770 3172 1912 3234 archivo

1084 3301 1204 3352 nostro
1221 3300 1400 3353 servatum
1417 3300 1579 3353 testatur.
1604 3291 1710 3353 Anno
1725 3313 1812 3355 vero
1834 3298 1910 3372 1760

1083 3411 1184 3474 fatali
1198 3412 1399 3475 infirmitate
1413 3415 1588 3476 excessivi
1600 3414 1784 3496 sanguinis
1797 3414 1912 3478 fluxus

1083 3533 1249 3596 laborans
1271 3536 1322 3614 (ut
1339 3536 1460 3597 scribit
1477 3537 1522 3597 ad
1538 3555 1661 3618 praep.
1680 3535 1911 3618 Othmarum),

1084 3674 1129 3716 ex
1146 3676 1216 3736 quo
1234 3657 1373 3718 duobus
1388 3667 1470 3736 post
1487 3657 1588 3719 annis
1605 3660 1824 3739 sequebatur
1846 3668 1913 3721 tre·

1083 3780 1177 3840 mula
1191 3778 1225 3839 in
1238 3780 1401 3861 pedibus,
1413 3779 1638 3842 imbecillitas
1652 3790 1688 3843 et
1700 3781 1736 3843 in
1749 3782 1911 3844 manibus

1084 3908 1120 3962 et
1136 3901 1340 3982 laessitudo,
1358 3902 1392 3963 in
1409 3921 1534 3963 manus
1551 3901 1703 3983 praefati
1720 3903 1912 3985 superioris

1083 4022 1139 4083 sui
1164 4031 1222 4105 „ut
1246 4023 1370 4084 honori
1397 4024 1636 4085 monasteriali
1661 4025 1910 4106 provideatur“

1085 4144 1288 4224 parochiale
1325 4164 1403 4205 cum
1439 4145 1597 4226 prioratu
1628 4165 1828 4209 connexum
1861 4168 1912 4210 re-

1085 4266 1241 4348 signavit
1254 4265 1417 4346 officium‚
1429 4288 1499 4347 qua
1510 4267 1751 4349 resignatione
1765 4279 1913 4351 accepta

1084 4390 1130 4449 ad
1146 4387 1250 4450 finem
1263 4409 1355 4450 anno
1373 4393 1463 4470 1768,
1477 4410 1583 4470 quum
1597 4409 1635 4450 se
1648 4389 1776 4452 iterum
1790 4392 1912 4454 melius

1083 4511 1241 4590 haberet,
1263 4511 1425 4591 provisor
1446 4522 1482 4573 et
1504 4511 1690 4593 granarius
1707 4512 1910 4576 instituitur.

1083 4633 1171 4694 Post
1180 4631 1315 4693 obitum
1325 4631 1911 4714 parochiOstrovacicensisP.Hu·

1082 4754 1186 4836 gonis
1207 4755 1433 4837 praepositus
1454 4753 1645 4818 Othmarus
1668 4758 1911 4837 praesentavit

1083 4877 1122 4938 P.
1139 4877 1380 4940 Friedericum
1402 4879 1437 4940 in
1455 4879 1531 4940 eius
1547 4879 1677 4953 locum;
1700 4881 1911 4962 rescriptum

1082 5019 1167 5061 vero
1191 5001 1399 5082 praeposito
1428 5021 1449 5061 a
1477 5000 1687 5063 consistorio
1716 5001 1911 5085 episcopali

1083 5120 1319 5203 Olomucensi,
1342 5132 1379 5184 ut
1396 5134 1601 5203 praesentet
1618 5123 1908 5187 ecclesiasticum.

1082 5242 1160 5324 Qua
1181 5245 1226 5306 de
1248 5264 1354 5307 causa
1379 5246 1528 5325 praelati
1544 5245 1716 5308 Moravici
1732 5267 1910 5310 recursum

173 5362 383 5443 appulimus
397 5363 465 5423 iam
475 5362 723 5446 forispugnae‚
737 5365 831 5427 intus
841 5365 998 5427 tImoresl
1081 5368 1126 5428 ad
1143 5368 1259 5429 aulam
1277 5378 1493 5448 acceperunt
1507 5379 1543 5430 et
1557 5370 1751 5432 resolutum
1766 5380 1835 5433 est:
1853 5379 1910 5454 „ut
