4178 6196
925 482 967 491 —
1012 444 1170 506 XXXII
1215 481 1255 490 -

220 673 485 754 Tuschkaviae,
518 692 624 753 quam
652 675 731 748 1384
756 692 777 733 0
800 671 943 734 domino
967 673 1122 752 quodam
1147 671 1191 733 de
1216 669 1441 734 Schwihavia
1466 680 1656 751 acceperat
1671 670 1704 752 ¹),
1733 690 1827 734 nova
1851 671 1962 733 domi-

221 811 300 873 cilia
325 811 517 873 constituit.
557 810 813 892 Opatrovicum
840 810 994 872 maxime
1023 809 1058 871 in
1082 807 1210 872 Silesia
1234 810 1383 871 colenda
1406 811 1634 881 versabatur;
1667 808 1717 871 ibi
1741 807 1962 874 Grissaviam

220 949 503 1031 praeposituram
535 948 684 1030 creavit,
716 970 738 1011 a
769 948 919 1013 Silesiae
951 950 1041 1011 duce
1070 947 1242 1028 Henrico,
1272 946 1345 1010 filio
1377 967 1405 1012 s,
1434 947 1634 1031 Hedwigis,
1671 969 1752 1026 1240
1780 948 1961 1012 conditam

221 1100 256 1150 et
287 1087 561 1150 Neumarckium
592 1108 613 1149 0
644 1108 671 1150 5.
701 1087 879 1170 Hedwige
915 1107 996 1164 1244
1027 1086 1167 1149 circiter
1198 1096 1433 1168 exstructum,
1466 1097 1573 1167 atque
1600 1086 1881 1170 Wahlstadium,
1914 1091 1961 1151 ab

220 1229 345 1290 eadem
374 1237 499 1290 sancta
526 1226 686 1308 principe
715 1228 841 1289 eodem
867 1228 946 1289 loco
974 1225 1214 1308 aedificatum,
1246 1245 1316 1307 quo
1342 1225 1519 1288 Henricus
1549 1223 1642 1287 filius
1668 1225 1809 1288 fortiter
1836 1238 1961 1290 contra

219 1365 410 1447 blongolos
434 1364 606 1427 dimicans
634 1364 813 1427 ceciderat
827 1366 861 1445 2).
904 1365 945 1426 In
973 1364 1146 1426 Bohemia
1172 1366 1240 1427 hoc
1267 1363 1458 1446 impigrum
1486 1375 1522 1427 et
1549 1364 1757 1445 opulentum
1783 1375 1961 1428 monaste·

219 1504 308 1565 rium
326 1503 520 1584 r'llbipolim
539 1502 772 1583 (Hohenelbe)
790 1513 826 1566 et
841 1502 1031 1565 Baszinum
1052 1502 1321 1585 praeposituras
1337 1503 1497 1565 condidit
1510 1503 1545 1583 ³).
1576 1502 1839 1585 Wilemovium,
1864 1506 1960 1585 quod

225 1648 304 1723 1278
328 1663 398 1705 non
422 1641 537 1703 minus
565 1647 624 1703 180
647 1642 810 1705 monachi
833 1642 1022 1705 incoluisse
1047 1643 1229 1724 dicuntur,
1264 1642 1324 1722 qui
1354 1642 1608 1704 monasterium
1641 1663 1662 1705 a
1689 1642 1860 1705 militibus
1882 1645 1960 1707 Ru·

220 1780 341 1862 dolphi
364 1778 657 1861 Habsburgensis
682 1779 933 1860 defendebant,
957 1779 1155 1841 Uhercicae
1178 1779 1215 1841 in
1237 1778 1400 1841 Moravia
1424 1786 1507 1858 1430
1530 1782 1815 1863 praeposituram
1839 1784 1960 1845 condi·

220 1921 321 1981 derat
330 1920 364 2000 ⁴).
403 1918 585 1980 Abbatiae
601 1916 843 1980 Podlacicium
859 1937 901 1980 ac
918 1936 944 1979 5.
961 1917 1129 1999 Procopii
1144 1918 1191 1979 ad
1208 1916 1391 1981 Sazawam
1410 1938 1489 1981 cum
1506 1920 1756 2001 praepositura
1773 1920 1960 2001 Zbejsovio

219 2080 246 2121 s.
272 2058 396 2120 loanni
419 2057 607 2139 Baptistae
632 2057 812 2137 dedicata,
845 2065 880 2119 et
904 2055 1110 2120 Ostrovium
1135 2076 1349 2137 quamquam
1379 2058 1425 2118 ab
1453 2056 1512 2139 iis,
1546 2077 1637 2138 quae
1665 2077 1774 2139 supra
1800 2060 1960 2121 nomina-

219 2197 344 2277 vimus,
369 2195 593 2258 monasteriis
617 2196 910 2273 obscurabantur,
934 2202 1052 2256 tamen
1077 2192 1195 2257 officio
1219 2213 1283 2256 suo
1306 2214 1378 2257 non
1402 2195 1560 2258 deerant.
1592 2194 1709 2258 Etiam
1733 2197 1843 2259 Porta
1860 2199 1960 2279 Apo-

219 2336 388 2398 stolorum
405 2336 563 2398 colonias
580 2335 738 2398 deduxit.
770 2335 830 2396 Ab
846 2335 913 2395 hoc
929 2333 1155 2415 monasteri0,
1173 2335 1267 2414 quod
1283 2334 1364 2414 plus
1381 2342 1524 2396 centum
1540 2335 1703 2397 monachi
1719 2339 1785 2397 sub
1802 2336 1959 2419 egregiis

219 2475 410 2537 abbatibus
427 2475 609 2537 Zbinkone
627 2476 865 2555 (1341-1350)
883 2484 919 2535 01
935 2473 1104 2535 Buskone
1128 2475 1237 2554 (1373)
1260 2473 1474 2555 incolebant,
1499 2475 1678 2537 conditum
1705 2485 1760 2538 est
1781 2461 1959 2559 Zatecum,

220 2636 245 2676 s.
271 2612 484 2676 Catharinae
508 2613 710 2675 dedicatum
735 2611 854 2695 (Saatz
878 2614 974 2694 quod
996 2612 1103 2675 hodie
1127 2612 1271 2694 dicunt),
1296 2611 1544 2676 Claustrellum
1568 2615 1833 2696 praepositura,
1866 2635 1960 2697 quae

220 2752 289 2814 iam
318 2772 396 2831 1277
422 2754 468 2814 ab
493 2751 665 2815 01100010
689 2751 732 2814 II.
765 2751 937 2813 dissoluta
967 2759 1038 2831 est,
1072 2748 1169 2812 Cella
1198 2751 1324 2813 ianuae
1352 2751 1448 2813 vitae
1482 2771 1595 2833 prope
1618 2752 1776 2815 Montem
1801 2755 1959 2835 Aposto-

219 2893 342 2972 lorum,
367 2911 459 2973 quae
482 2912 575 2954 nunc
598 2890 846 2953 Weberschau
871 2890 975 2969 0515).
1018 2888 1075 2951 Ex
1097 2889 1312 2951 monasterio
1337 2890 1491 2970 denique
1516 2909 1543 2954 5.
1567 2891 1710 2953 Ioannis
1734 2890 1958 2955 Ostroviensi

220 3030 428 3111 prodierunt
450 3030 615 3110 Vilicum,
640 3027 856 3110 Schlanium,
880 3028 1001 3109 Zatou,
1026 3027 1266 3090 Teschlinium
1289 3028 1561 3110 praepositurae
1575 3029 1611 3110 ⁶).

349 3168 475 3250 Neque
504 3169 619 3231 minus
643 3167 857 3230 monasteria
880 3166 1063 3229 Moraviae
1096 3187 1175 3229 cum
1202 3167 1375 3230 Bohemia
1408 3167 1583 3230 artissime
1614 3168 1803 3232 coniuncta
1832 3171 1960 3233 honori

219 3307 353 3371 ordinis
385 3308 588 3370 studebant.
634 3308 669 3369 A
693 3306 845 3369 Trebico
873 3305 1120 3388 Wolleinium,
1151 3305 1460 3388 Kumrowitzium,
1493 3306 1656 3369 Brisavia
1686 3308 1957 3389 praepositurae

220 3447 384 3510 conditae
409 3455 550 3508 suntet
574 3446 620 3507 ad
644 3445 849 3507 Kloesterle
872 3464 986 3526 prope
1010 3443 1222 3527 Schiinberg
1245 3464 1337 3507 nova
1361 3444 1496 3507 ordinis
1521 3446 1625 3507 sedes
1648 3455 1775 3528 parata
1798 3457 1854 3510 est
1868 3449 1902 3528 ⁷).

348 3584 467 3646 Prima
489 3604 575 3647 vero
598 3594 701 3665 parte
725 3583 858 3646 saeculi
875 3582 1003 3645 decimi
1019 3584 1136 3668 quarti
1159 3603 1230 3645 non
1246 3583 1360 3646 minus
1376 3583 1411 3646 in
1427 3583 1611 3665 Bohemia,
1628 3584 1799 3665 Moravia,
1817 3584 1956 3667 Silesia,

220 3744 324 3805 quam
350 3724 384 3785 in
408 3722 552 3804 reliquis
575 3723 713 3805 imperii
737 3722 920 3785 Austriaci
943 3723 1106 3803 partibus
1130 3743 1209 3785 cum
1233 3743 1280 3784 ex
1303 3723 1516 3785 turbulentis
1541 3723 1763 3804 temporibus
1786 3735 1860 3787 11110
1885 3746 1957 3788 ma·

218 3862 314 3924 xime
332 3881 377 3924 ex
393 3862 559 3944 neglecta
575 3862 656 3944 lege
672 3861 896 3943 paupertatis
920 3861 1130 3943 disciplinae
1153 3862 1327 3926 severitas
1342 3864 1510 3944 resoluta,
1534 3872 1570 3925 et
1591 3862 1691 3925 nervi
1707 3863 1840 3925 ordinis
1856 3864 1958 3926 incisi

218 4010 311 4064 sunt.
341 4001 475 4063 Verum
492 4019 535 4062 eo
555 4020 696 4082 quoque
712 4000 925 4081 providente
940 4001 1027 4063 sede
1043 4001 1244 4082 apostolica
1264 4000 1411 4083 spiritus
1434 4022 1480 4065 55.
1498 4001 1615 4064 Ρο1115
1631 4001 1746 4065 1011111.
1777 4003 1852 4065 1010
1869 4002 1956 4066 Gre-

219 4138 341 4220 gorius
357 4138 424 4200 IX.
453 4143 532 4200 1235
552 4137 677 4200 abbati
693 4138 951 4201 Brevnoviensi
972 4149 1008 4201 et
1025 4136 1273 4218 Cladrubiensi
1296 4139 1545 4222 imperaverat,
1569 4152 1609 4204 ut
1624 4160 1747 4204 omnes
1763 4141 1957 4205 Bohemiae

219 4278 369 4339 abbates
392 4277 438 4338 ad
462 4277 657 4359 capitulum
680 4276 814 4339 ordinis
837 4286 1085 4340 convocarent.
1124 4277 1223 4340 Idem
1255 4277 1486 4340 innocentius
1511 4279 1572 4341 IV.
1607 4283 1687 4356 1246
1717 4280 1908 4362 imperavit
1923 4278 1957 4359 ⁸).

350 4600 640 4681 bffimlcst

347 4710 370 4793 2)
394 4714 506 4780 1)1111111,
531 4715 675 4790 Raigern,
698 4716 721 4772 l.

349 4824 373 4906 ³)
395 4827 488 4883 Frind
512 4827 530 4884 l.
556 4847 581 4884 c.
606 4828 643 4886 II.

349 4938 372 5019 4)
396 4940 488 4997 Frind
512 4940 530 4997 l.
556 4960 581 4998 c.
606 4942 645 4997 ΙΙ.

347 5052 370 5131 ⁵)
393 5053 485 5110 Frind
509 5053 527 5111 l.
548 5061 579 5110 c.
604 5054 641 5109 ΙΙ.

348 5160 370 5242 ὑ)
394 5165 603 5240 Ziegelbauer‚
629 5167 766 5223 Historia
789 5166 962 5221 monasterii
987 5165 1137 5224 Bievnov.

233 5312 238 5320 ·
349 5274 371 5355 7)
396 5277 505 5343 ondit,
530 5278 663 5353 Raigern
687 5279 705 5336 l.
729 5297 756 5334 c.

348 5384 371 5470 8)
395 5390 569 5447 Chronicon
592 5391 828 5447 Btevnoviensc.
