4178 6196
893 433 938 443 -
995 411 1173 482 290..

243 593 393 689 Mayer
428 601 718 686 Leodegarius
745 602 987 685 (Murensis),

154 730 260 784 natus
286 720 320 783 in
344 721 478 804 oppido
501 719 585 786 Sulz
608 722 772 785 Alsatiae
795 722 987 804 superioris

161 846 251 925 1686,
277 842 313 905 in
335 843 551 906 monasterio
571 842 729 906 Murensi
755 847 834 923 1699
860 843 986 907 studiis

154 986 299 1048 operam
313 966 398 1028 dare
411 964 554 1047 incepit,
575 986 655 1045 1704
669 986 695 1028 s.
705 967 829 1029 habitu
842 966 986 1030 indutus

155 1098 237 1173 post
253 1109 383 1152 annum
401 1099 485 1151 vota
502 1089 617 1151 emisit
634 1099 669 1151 et
691 1109 767 1169 1711
793 1088 986 1152 sacerdoti·

154 1214 221 1275 bus
242 1213 461 1295 adgregatus
483 1222 547 1276 est.
573 1211 746 1275 Omnibus
769 1211 845 1274 fere
866 1231 985 1274 mune-

74 1371 83 1385 ·
153 1337 251 1399 ribus
265 1335 300 1397 in
312 1333 526 1397 monasterio
539 1332 747 1416 perfunctus
761 1345 825 1416 est,
843 1354 890 1397 sc.
905 1353 986 1416 pro·

153 1458 309 1538 sessoris,
336 1443 622 1538 bibliothecarii,
641 1456 787 1538 parochi
814 1456 849 1518 in
875 1455 986 1518 Hom·

155 1583 258 1663 burg,
275 1580 437 1663 magistri
450 1579 671 1661 novitiorum,
689 1577 871 1642 oeconomi
888 1580 985 1661 apud

153 1703 285 1783 MuroS,
308 1701 497 1765 archivarii
518 1710 554 1764 et
573 1702 718 1765 tandem
740 1705 908 1780 1740-54
925 1701 985 1763 de·

154 1825 242 1888 cani.
266 1825 515 1887 Intercedente
536 1823 658 1886 nuntio
679 1823 878 1905 apostolico
900 1823 986 1886 Pas-

154 1947 265 2011 sionei
282 1958 409 2027 postea
425 1944 461 2010 S.
477 1946 524 2009 R.
543 1945 581 2010 E.
596 1946 785 2026 cardinali,
811 1965 891 2009 cum
916 1964 986 2027 quo

154 2090 219 2152 per
234 2080 346 2133 totam
364 2069 473 2132 vitam
489 2068 702 2131 amicissimo
723 2068 868 2132 foedere
889 2067 987 2131 iunc-

153 2201 211 2255 tus
240 2192 383 2271 mansit,
411 2193 457 2253 ad
484 2191 735 2254 monasterium
763 2210 790 2254 s.
817 2189 986 2255 Germani

154 2313 306 2378 Lutetiis
322 2312 537 2375 Parisiorum
554 2313 682 2375 missus
705 2323 760 2376 est
779 2319 870 2395 1726,
892 2323 931 2377 ut
950 2313 986 2375 in

155 2436 309 2498 studium
318 2435 487 2497 biblicum
497 2446 532 2498 et
540 2435 742 2519 liturgicum
756 2436 985 2499 incumberet.

154 2558 351 2639 Tamquam
366 2555 518 2619 fructum
535 2556 638 2619 huius
654 2557 761 2620 studii
778 2557 890 2621 edidit
906 2562 984 2637 1737

156 2682 226 2744 iam
243 2700 264 2742 a
281 2652 514 2764 Ziegelbauer
536 2681 615 2760 (vol.
632 2681 695 2745 ΠΙ.
717 2701 751 2763 p.
769 2682 843 2762 boo)
864 2683 987 2744 lauda·

157 2813 230 2867 tarn
248 2802 554 2885 ,Explicationem
570 2802 910 2868 Caeremoniarum“.
931 2805 987 2865 De

155 2925 233 3009 ipso
247 2925 406 2989 referunt
418 2925 535 3006 etiam,
550 2928 645 3007 quod
658 2925 809 2988 musices
822 2944 887 2987 suo
900 2936 987 2988 tem·

155 3068 242 3130 pore
268 3048 503 3131 peritissimus
527 3059 612 3111 erat.
642 3048 757 3112 Multa
780 3050 895 3110 adhuc
918 3047 987 3110 alia

155 3170 298 3253 scripsit
314 3171 444 3252 partim
460 3170 605 3252 propria
622 3169 749 3251 partim
772 3169 987 3233 confratrum

155 3294 221 3356 sub
238 3292 349 3374 ipsius
366 3292 560 3355 directione
578 3278 693 3374 manu,
711 3312 802 3373 quae
819 3292 988 3355 memoria

155 3414 264 3497 digna
281 3424 372 3477 sunt.
398 3413 497 3477 Obiit
513 3414 571 3477 die
589 3435 618 3493 9.
635 3414 725 3496 Apr.
748 3418 837 3494 1754.

247 3541 270 3596 1.
288 3538 462 3597 Archivium
478 3541 628 3607 Murense,
649 3555 689 3613 32
704 3501 768 3597 ι101.
791 3543 819 3597 in
841 3539 893 3598 101.
911 3560 987 3616 9110·

156 3663 220 3700 rum
240 3643 279 3701 28
298 3647 451 3701 continent
472 3646 609 3721 exempla
630 3648 759 3702 omnium
781 3645 987 3722 diplomatum,

156 3748 404 3806 documentorum
422 3763 490 3816 etc„
512 3765 529 3822 3
555 3750 667 3806 indices
687 3750 846 3826 speciales,
876 3766 887 3806 1
912 3751 987 3807 indi·

157 3873 221 3911 cem
239 3854 412 3929 generalem
429 3873 483 3911 seu
500 3856 724 3930 repositorium,
741 3855 850 3911 additis
865 3857 988 3929 insigni·

155 3958 212 4017 bus
234 3957 376 4015 abbatum
393 3973 423 4016 et
440 3958 690 4015 conventualium.
716 3960 800 4015 Nunc
822 3962 850 4014 in
873 3960 986 4016 archiv.

155 4062 349 4139 Argoviensi.

242 4168 281 4224 11.
306 4167 524 4244 Compendium
549 4169 675 4225 archivii
699 4169 859 4235 Murensis,
883 4181 900 4239 3
927 4168 987 4224 vol.

157 4270 202 4329 8⁰.
225 4286 281 4345 173
287 4287 316 4345 5,
333 4271 370 4327 ad
388 4292 473 4328 usum
489 4270 630 4328 abbatum
648 4273 861 4347 conscriptum.

244 4376 296 4433 111.
314 4375 472 4432 Annalium
489 4379 555 4433 sive
571 4378 715 4433 historiae
732 4378 905 4432 monasterii
923 4376 988 4431 Mu·

157 4483 254 4538 rensis
282 4483 469 4538 continuatio
497 4481 726 4555 1693-1731.
754 4495 771 4553 3
798 4481 858 4537 vol.
883 4483 912 4537 in
937 4480 987 4538 101.

160 4586 237 4642 ultra
255 4600 338 4658 2300
355 4605 384 4662 p.
410 4587 443 4643 ln
459 4587 573 4644 archiv.
590 4586 794 4644 Mum-Gries.

245 4709 295 4766 IV.
318 4709 437 4766 Relatio
458 4727 573 4776 eorum,
595 4728 673 4784 quae
694 4711 906 4765 monasterium
924 4708 989 4764 Mu·

157 4831 246 4869 reuse
269 4832 325 4889 pro
347 4813 557 4871 conservanda
578 4813 636 4870 fide
656 4814 804 4870 catholica
828 4814 987 4889 praestitit.

158 4918 192 4973 In
208 4917 320 4975 archiv.
332 4917 542 4975 'Mure-Gries.
559 4918 595 4975 A.
614 4919 635 4975 I.
653 4934 682 4990 4.

245 5039 281 5096 V.
305 5039 478 5115 Epistolare
499 5039 536 5096 ad
558 5059 642 5097 usum
663 5040 806 5097 abbatum
823 5057 880 5115 pro
897 5041 989 5096 missa

158 5143 332 5218 pontificali.
358 5145 390 5200 ln
407 5147 547 5201 sacristia
563 5143 769 5202 Mum-Gries.

247 5265 297 5322 VI.
314 5264 540 5323 Falsi-bordoni
557 5267 595 5323 ad
611 5286 695 5324 usum
709 5267 793 5323 chori
806 5266 955 5322 Murensis
971 5283 989 5321 a

159 5386 179 5443 4
196 5388 264 5428 voc.
282 5391 348 5428 curn
365 5389 492 5446 organo.
517 5372 551 5427 ln
568 5386 695 5428 monast.
713 5371 813 5428 Gries.

1156 600 1220 657 Vll.
1254 601 1371 658 Relatio
1403 601 1441 659 de
1473 603 1668 662 translatione
1699 624 1724 662 s.
1757 610 1900 684 martyris

1068 705 1198 772 Leontii,
1216 725 1264 782 ap.
1283 707 1416 765 Bolland.
1434 707 1512 766 Acta
1528 707 1631 766 Sanct.
1653 725 1699 784 15.
1716 709 1803 789 Sept.

1153 835 1302 931 Mayer
1321 847 1453 911 Lucas
1467 847 1898 934 (San-Blasianus),na·

1066 974 1124 1025 tus
1140 973 1195 1027 est
1211 964 1247 1027 in
1260 963 1556 1049 Giindelwangen
1573 968 1607 1030 in
1623 988 1753 1052 magno
1766 972 1898 1035 ducatu

1039 1070 1045 1089 ⁸
1067 1085 1224 1150 Badensi
1241 1087 1298 1150 die
1315 1109 1344 1167 9.
1361 1089 1435 1153 Ian.
1456 1109 1552 1169 17743
1569 1110 1596 1153 s.
1612 1092 1737 1155 habitu
1753 1092 1898 1157 indutus

1066 1229 1159 1271 anno
1187 1213 1282 1290 1793;
1310 1211 1529 1275 sollemniter
1555 1213 1738 1295 professus
1762 1216 1821 1279 die
1847 1237 1897 1279 22.

1065 1332 1170 1395 Febr.
1192 1337 1286 1412 1795;
1304 1334 1471 1396 sacerdos
1488 1335 1545 1396 die
1563 1356 1613 1399 21.
1627 1333 1727 1418 Sept.
1749 1339 1899 1417 1799111

1066 1464 1280 1535 paupertate
1296 1465 1411 1536 natus,
1428 1475 1493 1537 per
1506 1458 1594 1519 dura
1606 1466 1642 1520 et
1654 1477 1783 1541 aspera
1795 1480 1898 1542 gym-

1066 1577 1202 1639 nasium
1235 1587 1271 1640 et
1303 1577 1331 1639 F
1334 1577 1469 1660 riburgi
1504 1579 1624 1642 studia
1650 1581 1898 1664 philosophica

1065 1699 1230 1781 absolvit,
1255 1699 1466 1782 theologicis
1490 1701 1525 1763 in
1550 1701 1633 1765 divo
1649 1701 1771 1766 Blasio
1793 1706 1898 1769 abso-

1065 1823 1158 1902 lutis,
1175 1823 1210 1885 in
1225 1823 1414 1906 gymnasio
1428 1821 1687 1887 San-Blasiano
1702 1825 1897 1909 professor,

1065 1965 1200 2029 paucos
1231 1948 1441 2010 numerabat
1472 1946 1676 2030 discipulos.
1712 1949 1771 2012 Ab
1803 1970 1897 2014 anno

1070 2071 1151 2130 1800
1183 2077 1260 2130 erat
1292 2068 1475 2149 professor
1501 2069 1644 2152 linguae
1672 2070 1833 2135 Graecae
1862 2074 1898 2137 in

1066 2189 1558 2280 gymnasioqunstantiensi,
1587 2202 1623 2255 et
1649 2192 1797 2256 iuvenes
1824 2206 1898 2258 stu-

1067 2312 1186 2374 diosos
1203 2332 1282 2375 cum
1294 2313 1508 2377 auctoritate
1521 2315 1682 2377 docendo
1695 2325 1731 2378 et
1746 2319 1900 2380 educan-

1067 2435 1113 2496 do
1130 2435 1294 2496 ducebat.
1319 2435 1426 2496 Anno
1447 2439 1526 2513 1804
1544 2435 1752 2499 Constantia
1770 2457 1899 2502 avoca-

1068 2564 1125 2618 tus
1141 2555 1290 2636 primum
1315 2555 1349 2618 in
1366 2556 1547 2638 Todtmos,
1569 2579 1639 2639 quo
1660 2560 1800 2641 plurimi
1820 2561 1899 2624 reli·

1068 2676 1184 2760 gionis
1194 2679 1642 2760 causaperegrinabantur,
1653 2680 1734 2743 dein
1744 2682 1778 2745 in
1789 2681 1899 2746 Ober-

1067 2799 1159 2863 riedt
1180 2798 1374 2862 animarum
1391 2820 1497 2862 curae
1514 2820 1593 2863 sese
1610 2803 1794 2884 impendit.
1811 2803 1900 2867 Coe-

1068 2922 1174 2984 nobio
1198 2940 1224 2986 s.
1247 2921 1358 2984 Blasii
1381 2922 1575 3003 exstinct0,
1602 2924 1840 2990 confratribus
1865 2928 1900 2990 in

1068 3043 1250 3106 Austriam
1282 3044 1537 3127 emigrantibus
1565 3047 1676 3111 noluit
1706 3043 1745 3111 s'e
1776 3051 1900 3115 adiun-

1067 3184 1163 3247 gere,
1180 3166 1326 3247 saepius
1342 3167 1475 3249 quippe
1488 3167 1659 3240 offensus3
1676 3170 1783 3233 etiam
1797 3192 1900 3254 prae-

1067 3284 1240 3351 fecturam
1265 3290 1442 3371 gymnasii
1464 3289 1733 3355 San-Gallensis
1756 3293 1792 3356 in
1815 3294 1900 3358 Hel-

1067 3412 1163 3475 vetia
1178 3414 1328 3476 honeste
1344 3412 1411 3474 sibi
1428 3413 1585 3477 oblatam
1602 3415 1785 3497 suscipere
1800 3437 1900 3480 recu-

1068 3534 1174 3607 savit;
1191 3545 1288 3598 totus
1305 3534 1443 3616 patriae
1459 3535 1631 3607 victurus;
1654 3537 1689 3599 in
1706 3539 1822 3620 patria
1839 3560 1900 3603 au-

1067 3667 1139 3719 tern
1155 3675 1237 3718 mox
1256 3657 1433 3738 parochus
1451 3656 1486 3719 in
1499 3657 1724 3741 Niitgerswil,
1743 3663 1788 3723 ab
1805 3681 1900 3725 anno

1072 3784 1150 3844 1813
1177 3779 1368 3861 parochiae
1392 3780 1427 3842 in
1454 3778 1625 3844 Gurtweil
1650 3781 1815 3864 praefuit,
1841 3784 1900 3846 ubi

1068 3923 1132 3966 sua
1148 3912 1244 3965 sorte
1261 3912 1459 3984 contentus,
1475 3902 1615 3965 felicem
1628 3904 1737 3968 vitam
1754 3907 1899 3987 agebat.

1068 4025 1155 4089 Cum
1183 4045 1275 4088 anno
1307 4028 1385 4102 1814
1414 4025 1654 4088 nosocomium
1678 4026 1827 4089 militum
1853 4027 1900 4090 ibi

1068 4159 1174 4230 esset,
1196 4168 1287 4210 anno
1314 4151 1391 4225 1817
1418 4148 1621 4228 parochiani
1646 4148 1723 4211 dira
1746 4148 1840 4212 fame
1865 4159 1900 4212 et

1068 4269 1188 4351 inopia
1204 4271 1416 4350 laborarent,
1433 4270 1517 4332 nulli
1535 4271 1648 4332 labori
1665 4290 1826 4353 parcenS,
1845 4291 1900 4335 so·

1067 4391 1153 4453 latio
1170 4402 1206 4453 et
1226 4392 1358 4455 auxilio
1375 4391 1442 4454 illis
1464 4394 1704 4472 succurrebat,
1729 4403 1900 4473 quantum

1068 4514 1222 4575 valebat.
1254 4512 1469 4595 Ceteroquin
1490 4515 1627 4595 absque
1649 4515 1719 4576 ulla
1741 4523 1900 4577 ostenta·

1068 4635 1164 4697 tione
1181 4633 1299 4697 officia
1315 4636 1398 4698 boni
1415 4635 1568 4718 pastoris
1586 4636 1766 4717 implebat,
1789 4637 1900 4698 otium

1069 4756 1227 4820 scientiis
1249 4757 1431 4839 impendit.
1455 4757 1598 4820 Diutius
1623 4767 1815 4840 aegrotans
1840 4760 1900 4820 de-

1069 4898 1163 4940 mum
1180 4878 1237 4940 die
1259 4884 1305 4944 18.
1317 4880 1392 4942 Iun.
1411 4884 1486 4941 1821
1508 4879 1696 4961 tranquille
1709 4888 1745 4942 et
1758 4879 1900 4960 placide

1070 5019 1115 5061 ex
1131 5000 1197 5061 hac
1211 4999 1285 5063 vita
1298 5001 1463 5083 decessit,
1477 5022 1555 5065 cum
1568 5020 1699 5084 magno
1712 5001 1899 5081 parochia·

1069 5141 1193 5183 norum
1211 5131 1247 5184 et
1262 5121 1457 5185 vicinorum
1476 5122 1583 5186 luctu.
1608 5122 1841 5204 Theologiam
1865 5123 1899 5185 in

1069 5243 1191 5325 primis
1214 5244 1322 5308 coluit
1343 5245 1537 5327 practicam
1558 5254 1594 5307 et
1615 5246 1842 5327 pastoralem,
1864 5255 1899 5307 et

1070 5366 1104 5428 in
1121 5365 1265 5429 archivo
1283 5358 1454 5448 pastor'ali
1471 5366 1734 5430 Constantiensi
1754 5367 1900 5449 saepius
