4178 6196
945 475 981 484 —
1029 435 1134 498 XLII
1181 473 1219 481 -

210 668 355 731 abbatia
378 667 525 747 eiusque
548 663 703 727 abbatiis
729 660 871 725 filiabus
902 682 929 726 s.
952 659 1111 724 Mauritii
1141 661 1186 723 de
1214 660 1303 723 Beel
1334 670 1370 724 et
1399 662 1434 724 b.
1458 658 1593 722 Mariae
1623 661 1667 721 de
1690 658 1846 722 Diimiilk
1870 661 1947 722 sola

210 815 312 869 erant
327 803 460 868 ordinis
476 800 662 865 domicilia.
685 800 777 863 Utut
789 819 873 862 vero
885 818 1019 881 parvus
1035 809 1112 861 erat
1127 817 1293 860 numerus
1308 797 1466 879 fratrum,
1482 808 1601 861 tamen
1613 797 1749 860 viribus
1761 798 1946 881 vigebant,

211 964 289 1007 cum
312 943 483 1024 paulatim
506 938 721 1015 monasteria
736 938 981 1021 Tyrnaviense
1003 947 1039 1000 et
1055 937 1258 1018 Modrense,
1283 947 1319 1000 et
1342 947 1533 1018 postquam
1556 939 1643 1000 ordo
1667 937 1849 1001 societatis
1865 939 1947 1002 Iesu

210 1084 363 1146 abolitus
387 1091 451 1164 est,
475 1079 760 1144 Comaromiense
783 1088 1036 1160 recuperarent
1052 1078 1084 1159 ¹).

339 1221 412 1283 Vix
435 1240 521 1283 vero
545 1218 744 1300 calamitaS,
777 1236 869 1299 quae
899 1216 1030 1280 finibus
1060 1214 1199 1298 imperii
1228 1215 1411 1279 Austriaci
1442 1216 1611 1279 divinitus
1641 1217 1789 1299 accidit,
1818 1227 1948 1280 exacta

211 1370 297 1442 erat,
322 1380 401 1423 cum
425 1361 512 1422 ordo
536 1378 615 1422 cum
638 1357 763 1440 paucis
786 1355 920 1418 viribus
943 1355 1076 1418 relictis
1101 1356 1146 1417 ad
1170 1375 1296 1418 munus
1320 1375 1422 1418 suum
1445 1354 1561 1418 redire
1585 1356 1716 1437 coepit.
1748 1353 1813 1418 Cui
1829 1355 1948 1418 studio

210 1498 436 1581 providentia
459 1496 580 1559 divina
603 1516 687 1559 mox
710 1515 825 1558 novae
849 1495 943 1557 vires
971 1496 1148 1557 adductae
1171 1504 1263 1556 sunt.
1309 1493 1425 1557 Maria
1447 1495 1563 1576 Anna,
1592 1493 1664 1556 filia
1693 1494 1852 1577 Philippi
1874 1495 1948 1572 111,

210 1638 308 1721 regis
330 1636 538 1718 Hispaniae,
562 1646 651 1717 tum,
675 1654 755 1697 cum
783 1639 863 1713 1629
887 1633 1113 1696 Ferdinando
1136 1632 1425 1715 Habsburgensi,
1451 1621 1517 1714 'qui
1548 1642 1676 1714 postea
1703 1633 1947 1696 Romanorum

212 1780 404 1857 imperator
421 1785 475 1838 est
492 1775 638 1855 electus,
661 1772 793 1854 nupsit,
817 1782 993 1835 oratorem
1014 1791 1153 1834 sacrum
1169 1771 1404 1834 Benedictum
1429 1773 1473 1833 de
1495 1772 1696 1834 Pennalosa
1712 1772 1947 1855 Mondragon,

212 1916 483 1980 conventualem
499 1913 633 1976 Montis
650 1910 795 1994 Serrati,
817 1932 864 1974 ex
878 1911 995 1994 patria
1011 1930 1132 1973 secum
1157 1911 1268 1991 duxit,
1293 1919 1329 1973 et
1345 1910 1593 1992 imperatorem
1610 1911 1874 1973 Ferdinandum
1890 1912 1947 1990 IL,

212 2074 373 2118 socerum
405 2072 515 2133 suum,
547 2050 741 2132 permovit,
772 2060 811 2112 ut
843 2049 1001 2112 coloniae
1032 2050 1155 2111 horum
1185 2050 1437 2111 monachorum
1468 2060 1664 2131 praecepta
1698 2070 1821 2112 sacrae
1854 2051 1948 2134 legis

212 2191 481 2276 diligentissime
505 2190 770 2253 observantium
795 2189 1077 2272 (congregationi
1100 2187 1315 2269 Valladolid)
1339 2188 1590 2251 monasterium
1614 2187 1839 2251 Emautinum
1863 2190 1949 2251 Pra-

212 2350 323 2413 gense
352 2334 433 2392 1030
455 2328 530 2391 fere
555 2330 735 2391 desertum
759 2326 1004 2391 committeret.
1043 2327 1133 2389 Tres
1163 2327 1292 2389 fratres
1323 2326 1536 2407 superstites
1566 2346 1645 2389 cum
1672 2329 1805 2390 abbate
1832 2328 1948 2390 Bene-

212 2470 308 2531 dicto
331 2468 588 2550 Bawarowsky
611 2467 753 2548 Pragae
777 2468 823 2529 ad
847 2485 874 2530 s.
897 2466 1082 2529 Nicolaum
1106 2464 1320 2528 domicilium
1343 2466 1411 2528 sibi
1435 2465 1704 2530 constituerunt.
1749 2467 1948 2530 Montsera·

212 2620 333 2672 tenses
367 2618 486 2670 autem
519 2608 585 2669 sub
621 2606 779 2669 Antonio
814 2604 1032 2670 Sottomaior
1071 2609 1151 2668 1666
1186 2605 1351 2667 Bezderii
1385 2605 1669 2687 praeposituram
1704 2604 1948 2683 condiderunt,

212 2757 403 2829 postquam
431 2746 501 2809 iam
534 2749 612 2808 1633
645 2765 755 2827 opera
777 2744 915 2808 Mariae
939 2746 1067 2807 Annae
1090 2744 1327 2807 Vindobonae
1357 2753 1440 2807 ante
1471 2755 1611 2826 portam
1635 2742 1814 2808 Scoticam
1843 2745 1949 2808 huius

213 2885 504 2968 congregationis
526 2884 778 2947 monasterium
802 2882 1028 2946 aedificatum
1051 2891 1108 2945 est
1121 2884 1156 2963 ²).

342 3023 476 3086 Eadem
501 3034 620 3086 aetate
644 3024 731 3085 ordo
754 3022 790 3084 in
812 3021 942 3084 finibus
966 3021 1105 3104 imperii
1129 3021 1311 3085 Austriaci
1335 3041 1464 3084 novam
1488 3021 1725 3104 propaginam
1748 3033 1949 3104 acceperat.

212 3162 389 3226 Mechitar
420 3166 501 3241 1676
525 3159 714 3225 Sebastiae
743 3158 881 3242 (Siwas)
913 3161 948 3223 in
977 3160 1148 3223 Armenia
1179 3160 1314 3223 minore
1346 3169 1451 3223 natus
1482 3170 1519 3223 et
1555 3164 1635 3239 1696
1666 3160 1867 3223 sacerdotio
1898 3160 1950 3222 in-

213 3300 365 3383 signitus
394 3300 462 3362 hoc
493 3299 561 3361 sibi
589 3308 841 3381 proposuerat,
872 3309 911 3361 ut
941 3308 1054 3362 totum
1084 3297 1260 3361 Armeniis
1290 3317 1329 3361 se
1361 3300 1463 3361 daret
1492 3318 1538 3361 ex
1568 3297 1662 3362 tristi
1692 3298 1882 3361 schismate
1914 3309 1951 3361 et

213 3439 415 3522 ignorantia
439 3437 641 3519 eripiendis.
686 3437 722 3500 Is
746 3457 826 3500 cum
850 3435 1012 3519 Galatae,
1036 3436 1072 3500 in
1097 3437 1266 3500 suburbio
1290 3438 1444 3519 quodam
1468 3437 1804 3518 Constantinopolis,
1829 3439 1950 3518 pueris

213 3578 332 3660 gentis
355 3597 440 3639 suae
464 3577 622 3639 scholam
645 3576 845 3658 aperuisset
879 3577 1019 3658 iamque
1047 3596 1215 3658 magnam
1239 3576 1273 3638 in
1297 3596 1398 3658 spem
1421 3576 1581 3640 venisset
1608 3576 1724 3640 felicis
1752 3595 1950 3659 successus,

214 3716 384 3778 Avedikii
412 3714 629 3778 schismatici
660 3715 884 3797 patriarchae
917 3714 1090 3777 machinis
1121 3715 1293 3796 expulsus
1324 3716 1371 3776 ad
1393 3714 1554 3777 Venetos
1586 3714 1778 3798 confugere
1808 3716 1950 3789 statuit;

214 3855 259 3914 ab
287 3853 342 3915 his
365 3853 570 3915 Mothonem
595 3853 752 3935 (Modon)
776 3853 812 3916 in
835 3854 1086 3935 Peloponneso
1110 3853 1259 3935 accepit.
1306 3854 1391 3916 Eius
1422 3853 1621 3918 institutum
1653 3853 1817 3917 Clemens
1848 3855 1950 3919 XIII.

214 3991 461 4072 comprobavit
484 3990 588 4072 eique
610 3991 814 4073 regularum
838 3991 1020 4073 optionem
1045 3992 1152 4056 dedit.
1198 3992 1375 4055 Mechitar
1406 3993 1523 4074 legem
1556 4013 1583 4056 s.
1610 3992 1799 4055 Benedicti
1831 3993 1951 4076 elegit,

214 4129 334 4210 itaque
358 4131 472 4191 abbas
495 4128 630 4211 primus
653 4139 689 4192 et
713 4129 875 4193 conditor
903 4130 1193 4213 congregationis
1217 4131 1409 4194 Armeniae
1438 4130 1555 4194 factus
1583 4140 1653 4214 est,
1684 4131 1816 4195 vinculi
1848 4131 1951 4213 illius,

215 4286 285 4350 quo
308 4267 475 4330 occidens
498 4276 535 4331 et
557 4268 675 4331 oriens
698 4268 971 4332 continerentur.
1005 4269 1078 4333 Sed
1102 4289 1280 4350 cum1715
1307 4269 1398 4332 inter
1413 4270 1574 4332 Venetos
1589 4269 1796 4351 Turcasque
1820 4271 1952 4333 bellum

215 4417 377 4469 exortum
394 4414 499 4488 esset,
522 4406 699 4471 Mechitar
721 4428 799 4471 cum
816 4407 979 4471 undecim
996 4408 1179 4490 discipulis
1194 4407 1368 4472 Venetias
1384 4409 1540 4472 decessit
1557 4418 1602 4490 et,
1619 4419 1810 4489 postquam
1826 4409 1951 4472 Metho

215 4564 236 4606 a
260 4544 386 4607 'furcis
410 4546 599 4607 devastata
623 4557 687 4627 est,
711 4566 733 4607 a
756 4555 883 4609 senatu
906 4546 1047 4610 Veneto
1073 4547 1227 4610 dirutum
1251 4546 1504 4610 monasterium
1528 4566 1554 4611 s.
1579 4547 1703 4609 Lazari
1726 4547 1951 4610 incolendum

216 4684 365 4765 accepit.
410 4683 490 4765 Hic,
514 4703 585 4765 qua
607 4683 796 4766 vigilantia
824 4685 860 4747 in
887 4685 1004 4749 officio
1036 4706 1101 4749 suo
1133 4686 1257 4768 fuerit,
1291 4695 1480 4768 praestans
1511 4685 1758 4768 interpretatio
1781 4687 1953 4749 Armenia

216 4839 243 4882 s.
268 4821 465 4902 scripturae
493 4826 574 4900 1734
598 4821 704 4903 edita,
730 4824 943 4887 documento
964 4833 1029 4889 est.
1060 4826 1167 4887 Anno
1184 4824 1353 4887 vicesimo
1369 4835 1462 4907 post,
1479 4845 1584 4906 quam
1600 4825 1777 4888 Mechitar
1792 4835 1952 4888 mortuus

217 4967 293 5020 erat
317 4959 412 5040 (ante
436 4959 531 5022 diem
559 4964 606 5022 16.
624 4957 698 5024 Cal.
713 4960 829 5023 Maias
857 4962 961 5043 1749),
985 4962 1209 5045 undeviginti
1234 4963 1397 5025 monachi
1421 4983 1499 5025 cum
1516 4962 1719 5044 Adeodat0,
1742 4962 1802 5043 qui
1825 4974 1952 5045 postea

216 5132 527 5143 n—.———-

347 5260 368 5342 ¹)
392 5265 500 5321 Czinar
524 5267 542 5322 Ι.
566 5285 593 5322 6.
617 5268 640 5323 1.

346 5373 368 5454 ²)
387 5377 484 5443 Klein,
497 5377 683 5436 Geschichte
699 5379 753 5437 des
766 5381 1007 5437 Christenthums
1022 5384 1052 5437 in
1070 5383 1265 5439 Oesterreich
1281 5381 1340 5437 und
1356 5380 1552 5451 Steiermark‚
1570 5382 1629 5439 und
1642 5383 1753 5451 Dudik‚
1766 5383 1900 5458 Raigern
1914 5385 1951 5439 ΙΙ.
