4178 6196
875 508 1158 576 ..133-

139 715 182 757 ac
200 694 332 756 laboris
349 713 440 775 opus
455 695 522 756 hoc
539 711 631 755 anno
647 691 744 774 typis
761 692 972 772 impressum

140 817 221 881 fuit:
252 817 308 879 De
338 815 565 898 periclitante
597 815 767 877 hodierno
799 813 972 877 ecclesiae

141 948 247 1020 statu,
268 938 478 1020 praesertim
494 938 529 1000 in
546 936 673 1019 Gallia,
694 937 730 999 in
751 954 821 1018 quo
841 937 972 1000 hierar-

142 1062 242 1125 chiae
267 1059 479 1124 Germaniae
509 1062 555 1123 ob
583 1060 703 1122 oculos
727 1058 847 1141 posuit
869 1077 972 1141 prae-

142 1186 275 1248 clarum
288 1183 442 1246 omnium
454 1181 529 1244 fere
541 1181 734 1244 hodiernae
747 1179 886 1244 Galliae
898 1179 972 1262 epi-

143 1325 331 1389 scoporum
356 1305 567 1385 exemplum,
585 1303 645 1386 qui
661 1302 834 1385 exsilium,
856 1302 973 1384 direp-

143 1429 274 1493 tionem
286 1429 460 1490 bonorum
472 1425 658 1507 ipsamque
671 1435 819 1487 mortem
832 1423 973 1506 perpeti

143 1552 351 1632 maluerunt,
369 1569 475 1632 quam
492 1547 773 1612 communionem
790 1547 876 1610 inire
893 1567 972 1611 cum

144 1672 386 1736 schismaticis
410 1671 576 1753 Denique
592 1680 706 1733 terror
716 1670 811 1752 belli,
825 1691 846 1732 a
860 1668 973 1733 Gallis

145 1795 343 1859 Austriacis
358 1794 493 1875 indicti,
514 1795 605 1856 adeo
628 1792 764 1855 animos
785 1792 973 1873 concussit,

145 1930 183 1982 ut
198 1919 314 2000 ipsum
330 1917 490 2001 regimen
507 1916 694 1979 anterioris
710 1915 881 1978 Austriae
898 1914 973 1977 Fri·

133 2045 257 2137 ·burgo
279 2039 523 2104 Constantiam
544 2037 733 2121 aufugerit,
759 2046 794 2099 et
815 2036 974 2099 Blasiani

144 2184 200 2227 res
220 2163 398 2246 pretiosas
422 2161 457 2223 in
477 2160 681 2223 Helvetium
703 2158 973 2223 transmiserint.

145 2286 248 2369 Quod
272 2305 351 2348 cum
373 2295 570 2347 extremum
590 2286 720 2346 malum
744 2283 897 2364 praesul,
921 2290 974 2344 tot

145 2409 287 2472 casibus
303 2405 465 2469 adversis
481 2405 680 2486 infestatuS,
701 2403 883 2467 imminere
900 2422 974 2466 cer·

143 2541 258 2612 neret,
286 2530 336 2591 ita
364 2527 566 2592 contristari
590 2527 723 2610 coepit,
747 2538 786 2591 ut
809 2526 916 2589 animi
939 2534 975 2589 et

145 2653 303 2735 corporis
315 2652 409 2714 vires
422 2651 525 2713 simul
540 2650 576 2713 in
588 2669 631 2713 eo
644 2649 761 2733 frangi
774 2659 810 2712 et
823 2647 975 2711 deficere

144 2777 359 2839 viderentur.

231 2898 315 2961 Istis
331 2897 473 2960 casibus
491 2895 629 2959 infestis
642 2896 856 2978 quandoque
868 2893 975 2956 inter-

145 3021 353 3101 veniebant,
378 3038 469 3101 quae
495 3018 618 3081 abbati
643 3018 816 3080 laetitiam
833 3015 975 3120 adfere-

143 3146 231 3206 bant
248 3153 284 3205 et
300 3142 521 3225 dignitatem.
541 3140 740 3222 Imperator
753 3138 901 3203 Carolus
912 3137 974 3202 VI.

143 3265 269 3329 abbati
285 3264 477 3327 Francisco
493 3263 537 3325 ΙΙ.
560 3272 596 3325 et
617 3262 692 3324 eius
709 3261 975 3325 successoribus

144 3390 286 3452 titulum
302 3385 577 3468 archicapellani
589 3384 817 3448 haereditarii
829 3384 864 3447 in
877 3394 976 3447 ante·

144 3511 228 3574 riori
244 3510 391 3574 Austria
408 3509 565 3591 contulit,
587 3509 683 3591 quod
705 3507 848 3590 quidem
868 3508 976 3569 hono-

146 3633 281 3697 rificum
297 3652 423 3696 munus
440 3632 595 3695 obeundi
610 3631 685 3713 'ipsi
707 3641 744 3693 et
764 3629 976 3693 successori-

146 3762 212 3820 bus
237 3755 349 3819 defuit
373 3756 524 3837 occasi0,
549 3755 662 3817 donec
683 3754 797 3817 Maria
819 3752 977 3817 Antonia

147 3879 370 3962 imperatoris
390 3877 572 3941 Francisci
587 3878 613 3941 Ι.
636 3885 672 3939 et
691 3876 828 3939 Mariae
845 3876 976 3939 There·

148 4002 221 4064 siae
237 4001 383 4084 reginae
404 4000 476 4063 filia
497 4010 583 4063 natu
603 4000 761 4081 minima,
782 3997 977 4066 Galliarum

148 4124 244 4207 regis
259 4123 438 4205 Delphino
455 4124 682 4205 desponsata,
704 4141 796 4184 anno
817 4140 898 4199 1770
914 4139 978 4201 per

148 4246 176 4308 F
178 4246 361 4328 riburgum
370 4244 580 4327 Brisgoviae
593 4245 629 4307 in
640 4242 791 4307 Galliam
804 4243 977 4323 tenderet,

146 4370 194 4431 ab
226 4366 410 4430 ordinibus
442 4366 654 4449 Brisgoviae
684 4365 816 4428 ibidem
847 4384 979 4447 magna

149 4510 281 4573 pompa
306 4500 474 4571 excepta:
503 4489 559 4552 cui
582 4489 617 4552 in
642 4490 746 4551 domo
771 4487 910 4552 comitis
933 4489 978 4550 de

149 4613 352 4696 Kageneck
387 4611 555 4694 princeps
584 4610 760 4674 Martinus
795 4621 833 4673 ut
868 4610 979 4673 archi-

149 4736 357 4817 capellanus
384 4754 485 4797 sacra
513 4733 721 4814 celebravit,
749 4734 795 4795 ad
822 4751 980 4795 mensam

150 4857 328 4940 publicam
352 4857 638 4920 benedictionem
660 4856 760 4938 dixit,
781 4855 902 4937 illique
919 4856 981 4917 ad-

148 4980 243 5043 sedit
279 4999 358 5043 eum
394 4979 513 5041 multis
548 4979 684 5060 primae
718 4977 914 5041 nobilitatis
945 4986 981 5039 et

151 5102 337 5186 dignitatis
367 5101 540 5184 conviviS,
569 5103 741 5165 abbatum
764 5119 850 5163 vero
873 5101 979 5162 solus.

150 5223 311 5307 Cumque
323 5225 369 5286 ad
382 5227 670 5306 prosequendum
681 5223 748 5285 iter
759 5222 829 5284 iam
842 5241 981 5284 currum

151 5348 345 5410 ascendere
367 5347 474 5409 vellet
497 5346 596 5428 regia
617 5364 759 5428 sponsa,
784 5346 830 5407 ab
855 5345 981 5406 eodem

150 5469 411 5531 sacerdotalem
432 5467 717 5530 benedictionem
740 5465 799 5548 pie
823 5474 860 5528 et
883 5486 982 5529 reve·

1052 702 1172 755 renter
1187 689 1348 772 expetiit.
1373 687 1539 753 Secunda
1560 689 1638 751 vice
1659 689 1752 751 idem
1773 689 1885 751 archi·

1053 813 1229 894 capellani
1241 833 1367 875 munus
1379 832 1472 875 anno
1490 832 1567 891 1777
1583 812 1704 874 itidem
1718 812 1746 874 F
1749 811 1884 893 riburgi

1052 936 1140 999 obiit
1167 936 1203 998 in
1231 934 1380 998 basilica
1407 934 1538 1018 insigni
1566 954 1668 997 sacra
1700 935 1884 997 celebrans

1052 1078 1171 1121 coram
1188 1058 1402 1139 imperatore
1418 1041 1572 1140 Iosepho
1585 1059 1640 1139 IL,
1658 1059 1718 1140 qui
1735 1079 1754 1120 e
1768 1057 1885 1122 Gallia
1921 1034 1926 1041 ¹

1051 1181 1165 1243 redux
1186 1180 1384 1263 principem
1404 1181 1595 1245 Martinum
1618 1184 1664 1244 ad
1680 1183 1884 1264 adloquium

1052 1302 1089 1365 in
1104 1303 1260 1384 hospitio
1276 1303 1421 1385 publico
1438 1304 1631 1367 admissum
1651 1305 1806 1387 benigne
1824 1327 1885 1369 ex-

1053 1425 1159 1507 cepit.
1183 1425 1286 1487 Pium
1311 1435 1346 1488 et
1370 1436 1511 1508 gratum
1536 1426 1690 1489 animum
1714 1429 1749 1490 in
1773 1449 1884 1511 augu-

1053 1556 1145 1610 stam
1177 1548 1319 1610 domum
1351 1547 1655 1631 Habsburgicam,
1687 1570 1885 1634 congrega-

1053 1669 1140 1733 tioni
1160 1668 1441 1733 San-Blasianae
1467 1672 1561 1733 omni
1581 1681 1742 1755 tempore
1765 1674 1885 1754 propi-

1053 1793 1148 1874 tiam,
1166 1793 1309 1873 publico
1325 1793 1529 1856 testimonio
1543 1793 1821 1878 confirmaturus
1839 1798 1885 1859 ab

1053 1915 1278 1996 imperatrice
1295 1915 1410 1978 Maria
1426 1916 1598 1980 Theresia
1612 1918 1753 1981 veniam
1775 1919 1885 2001 impe·

1053 2038 1163 2101 travit
1183 2048 1219 2101 et
1239 2048 1466 2121 potestatem,
1490 2038 1645 2103 familiae
1661 2040 1886 2124 Habsburgi-

1055 2180 1118 2224 cae
1134 2160 1334 2243 principum
1350 2172 1387 2224 et
1403 2173 1616 2244 agnatorum
1634 2163 1818 2246 utriusque
1832 2185 1887 2227 se-

1054 2304 1123 2346 xus
1139 2283 1307 2365 reliquias
1324 2293 1360 2348 et
1377 2304 1469 2367 ossa,
1491 2306 1583 2367 quae
1604 2286 1640 2349 in
1662 2289 1813 2350 ecclesia
1830 2309 1887 2352 ca-

1054 2406 1207 2470 thedrali
1234 2407 1434 2469 Basileensi
1462 2417 1497 2470 et
1524 2407 1560 2470 in
1588 2411 1741 2473 ecclesia
1768 2431 1887 2474 mona·

1054 2529 1152 2592 sterii
1166 2528 1461 2611 Kdnigsfeldensi
1478 2530 1513 2593 in
1526 2530 1695 2595 Helvetia
1712 2533 1886 2615 deposita,

1056 2663 1091 2714 et
1108 2650 1177 2714 iam
1193 2651 1254 2714 diu
1270 2651 1479 2715 inhonorata
1504 2663 1614 2734 erant,
1638 2674 1684 2716 ex
1706 2655 1784 2717 istis
1808 2676 1888 2719 aca-

1054 2773 1193 2836 tholicis
1222 2773 1381 2836 ecclesiis
1407 2774 1441 2837 in
1468 2795 1597 2838 novum
1622 2778 1835 2841 catholicum
1859 2798 1886 2841 s.

1055 2895 1167 2958 Blasii
1188 2898 1358 2978 templum
1380 2896 1627 2962 transferendi.
1652 2898 1753 2980 Quae
1774 2910 1888 2963 trans·

1055 3019 1141 3081 latio
1157 3019 1309 3101 lugubri,
1318 3019 1480 3081 sollemni
1492 3028 1611 3083 tamen
1624 3039 1756 3103 pompa
1768 3019 1888 3104 fiebat,

1055 3151 1092 3205 et
1115 3143 1227 3204 abbas
1251 3141 1426 3205 Martinus
1450 3142 1628 3224 pretiosas
1652 3144 1803 3207 exuvias
1829 3146 1889 3207 de-

1055 3265 1174 3345 posuit
1194 3265 1230 3327 in
1251 3266 1382 3328 sacello
1399 3267 1634 3329 subterraneo
1658 3287 1685 3328 s.
1703 3267 1888 3349 Leopoldi,

1056 3387 1152 3468 quod
1168 3406 1233 3468 pro
1249 3385 1291 3449 iis
1308 3387 1523 3468 recipiendis
1540 3389 1576 3450 in
1589 3389 1724 3470 templo
1737 3407 1764 3451 s.
1778 3389 1889 3453 Blasii

1056 3508 1193 3572 exstrui
1223 3519 1419 3571 curaverat.
1461 3508 1640 3573 Concione
1671 3511 1794 3574 habita
1825 3531 1890 3593 pro

1056 3630 1134 3693 istis
1153 3630 1330 3693 defunctis
1347 3631 1516 3694 sollemne
1533 3632 1662 3695 missae
1678 3633 1890 3696 sacrificium

1056 3754 1134 3816 Deo
1150 3753 1278 3834 litavit,
1301 3772 1343 3815 eo
1365 3752 1487 3816 maiori
1508 3752 1654 3835 pietatis
1676 3754 1827 3836 fervore,
1849 3776 1891 3818 ac

1056 3877 1127 3938 iam
1143 3875 1276 3937 dudum
1292 3874 1329 3936 in
1345 3874 1443 3955 lociS,
1462 3874 1522 3936 ubi
1539 3895 1659 3938 eornm
1673 3896 1822 3958 corpora
1838 3898 1891 3940 re-

1057 3997 1201 4059 condita
1219 4005 1329 4078 erant,
1346 3997 1463 4059 nullae
1481 3994 1569 4059 fiunt
1581 4017 1646 4078 pro
1663 3997 1840 4062 defunctis
1856 3998 1892 4062 in

1059 4118 1199 4183 Christo
1229 4138 1365 4200 preces
1398 4118 1477 4200 Quo
1509 4118 1654 4200 pietatis
1682 4121 1891 4203 obsequium

1058 4241 1250 4305 maioribus
1267 4241 1340 4304 suis
1357 4240 1563 4323 exhibitum,
1582 4263 1688 4325 quam
1701 4253 1843 4327 gratum
1857 4255 1893 4306 et

1059 4374 1246 4445 acceptum
1262 4364 1329 4427 toti
1345 4364 1464 4427 domui
1481 4364 1758 4449 Habsburgicae
1774 4365 1891 4449 fuerit,

1058 4507 1129 4550 non
1145 4487 1250 4549 modo
1273 4496 1427 4569 augusta
1443 4487 1558 4550 Maria
1579 4487 1758 4568 Theresia,
1776 4489 1841 4550 sed
1858 4497 1894 4551 et

1060 4610 1194 4672 elector
1221 4608 1399 4689 palatinus
1428 4618 1463 4671 et
1491 4609 1657 4690 princeps
1683 4608 1894 4692 Oettingen·

1060 4730 1291 4792 Wallerstein
1308 4730 1436 4793 litteris
1450 4729 1710 4793 humanissimis
1723 4741 1893 4796 testatum

1059 4851 1223 4932 fecere*).
1247 4852 1421 4915 Maiorem
1442 4854 1558 4916 adhuc
1580 4853 1753 4917 laetitiam
1770 4856 1895 4918 abbati

1019 5014 1022 5177 Ι
1148 5133 1172 5193 *l
1185 5134 1335 5197 Sequuntur
1348 5134 1454 5182 nomina
1467 5135 1615 5199 principum
1627 5143 1652 5184 et
1661 5136 1809 5202 principum
1821 5137 1896 5186 lemi-

1061 5236 1153 5270 narum
1173 5221 1265 5269 domus
1279 5221 1491 5285 Habsburgicae,
1511 5237 1621 5285 quorum
1634 5238 1695 5272 ossa
1708 5231 1734 5273 et
1747 5225 1849 5274 cineres
1863 5225 1896 5274 ab

1061 5309 1156 5358 abbate
1176 5310 1291 5357 Muttine
1315 5310 1348 5358 ad
1371 5325 1391 5357 s.
1407 5309 1524 5359 Blasium
1548 5311 1684 5370 translata,
1708 5327 1776 5361 nunc
1800 5313 1827 5361 in
1854 5328 1896 5361 ec·

1061 5396 1143 5445 clesia
1162 5397 1313 5445 monasterii
1338 5396 1372 5445 ad
1395 5411 1415 5445 s.
1435 5397 1545 5446 Paulum
1571 5399 1598 5447 in
1616 5399 1752 5449 Carinthia
1775 5400 1897 5464 deposita

1062 5483 1214 5547 quiescunt:
