4178 6196
942 462 1198 533 ..50-

198 657 293 714 literis
318 655 408 712 losesr
428 619 562 728 Georgii
579 653 731 709 Trassler.
753 649 843 726 1803.
869 653 955 708 Folia
981 665 1029 724 74,

197 760 279 838 apud
295 780 351 817 nos
367 758 423 816 sub
440 761 493 815 Bu.
513 772 604 832 7951.
622 757 654 814 S.
671 758 706 814 F.
723 774 753 831 9.
775 772 821 829 14.

286 903 339 958 111.
362 899 486 958 Stufller
501 899 687 956 Venceslaus
709 895 872 976 (parochus
892 896 1031 954 Modricii

197 1019 307 1082 postea
319 1007 483 1081 episcopus
495 1005 658 1059 Brunensis
674 1007 691 1073 †
706 1016 755 1075 242
765 1003 825 1058 Mai
840 1000 940 1079 1831).
958 1002 1031 1057 Ρ11-

198 1110 263 1186 digt
274 1110 324 1168 bei
337 1110 538 1184 Gelegenheit
547 1107 601 1164 des
614 1107 794 1182 50jahrigen
807 1107 1030 1173 Priestertums‚

199 1216 329 1272 welches
347 1215 384 1270 H.
404 1214 568 1270 Othmarus
584 1211 706 1269 Conrad
722 1229 770 1268 am
783 1212 874 1267 Feste
891 1211 945 1267 der
961 1209 1029 1267 heil.

199 1319 325 1396 Apostel
343 1320 451 1375 Petrus
467 1318 526 1374 und
543 1317 654 1374 Paulus
676 1315 805 1390 geleiert
826 1317 886 1371 hat.
911 1316 1030 1389 Vorge·

198 1438 306 1499 tragen
322 1442 382 1481 von
399 1465 406 1479 .
424 1465 431 1479 .
449 1465 457 1479 .
475 1465 482 1478 .
500 1465 507 1478 .
526 1464 533 1478 .
559 1417 587 1498 (i.
603 1442 628 1478 e.
647 1421 762 1533 goncio
775 1422 937 1477 occasione
954 1416 1030 1474 iubi-

199 1531 255 1586 laei
278 1527 476 1585 sacerdotalis
501 1526 570 1604 etc.)
604 1527 736 1591 Brunae,
764 1527 844 1601 typis
870 1525 903 1579 F.
928 1523 1029 1580 Caroli

199 1632 319 1690 Siedler
346 1631 435 1704 1803.
465 1630 507 1688 80.
536 1650 607 1706 pag.
631 1644 687 1702 32,
715 1629 794 1706 apud
818 1647 874 1684 nos
897 1626 954 1684 sub
977 1629 1030 1683 Bn.

199 1753 295 1812 3301.
324 1737 409 1812 Sign.
437 1737 472 1793 E.
498 1737 535 1792 11.
564 1755 593 1809 g.
623 1750 673 1791 20.
697 1735 753 1790 No.
783 1748 834 1801 10,
863 1735 948 1789 cuius
973 1732 1029 1789 Ms.

198 1841 255 1901 suh
283 1844 359 1898 Msn.
387 1840 461 1915 350.
498 1840 583 1914 Sign.
612 1835 689 1916 121‘14.
721 1839 759 1894 ΙΙ.
791 1835 818 1910 β.
845 1852 899 1910 24,
927 1836 1030 1893 adser-

199 1963 296 2006 vatus.

287 2110 427 2206 Copisi
453 2123 631 2185 Iacobus
659 2119 1030 2207 (Cremifanensis),

199 2241 236 2305 in
263 2241 472 2324 provinciali
497 2241 643 2304 civitate
664 2240 781 2321 Wels,
806 2242 852 2302 ad
875 2239 1030 2302 Trunam

199 2362 345 2427 fluvium
361 2363 441 2443 sita,
462 2363 519 2425 die
542 2384 587 2441 19.
605 2361 695 2425 Nou.
712 2362 795 2425 anni
815 2381 893 2442 1742
916 2372 1032 2443 natuS,

200 2506 320 2549 musas
340 2479 413 2547 tarn
434 2485 691 2548 mansuetiores
711 2505 817 2566 quam
834 2483 1033 2547 severiores
1095 2479 1102 2502 ¹

200 2610 236 2672 in
248 2607 432 2671 academia
442 2605 699 2670 Cremifanensi
709 2606 892 2679 salutavit;
904 2605 1033 2668 deinde

201 2732 235 2794 in
259 2728 475 2793 monasterio
492 2727 759 2809 cremifanensi,
781 2728 927 2810 expleto
950 2727 1034 2790 tiro-

166 2917 168 2919 ,
201 2852 283 2916 cinii
311 2870 414 2932 anno,
447 2852 493 2912 ad
519 2871 657 2913 sacram
684 2849 944 2933 professionem
972 2849 1033 2910 ad·

200 2975 329 3037 missus
352 2973 409 3036 die
436 2994 483 3035 11.
500 2972 588 3037 Nov.
610 2978 688 3051 1762
716 2971 964 3053 Salisburgum
987 2971 1034 3032 ad

201 3096 421 3159 addiscenda
444 3117 471 3157 S.
489 3095 690 3176 theologiae
712 3093 883 3176 mysteria
904 3093 1033 3155 missus

201 3228 238 3282 et
255 3223 304 3281 28.
323 3215 402 3281 Oct.
424 3222 504 3295 1700
527 3215 741 3278 sacerdotali
759 3215 934 3297 dignitate
950 3235 1033 3277 auc-

201 3351 259 3403 tus
290 3349 355 3403 est.
391 3339 452 3400 Ad
483 3336 635 3400 docendi
666 3357 792 3399 munus
823 3337 1033 3420 designatus

136 3542 140 3567 ἱ
202 3461 353 3543 primum
376 3459 658 3543 grammaticam,
683 3459 812 3521 deinde
836 3459 1033 3542 physicam,

202 3593 330 3665 postea
352 3581 613 3664 philosophiam
638 3581 785 3643 iuvenes
808 3581 1033 3645 academicos

204 3703 335 3783 docuit,
357 3703 570 3784 scriptorum
591 3703 820 3765 classicorum
842 3703 1033 3786 elegantis·

203 3825 311 3888 simas
328 3825 503 3888 editiones
520 3845 650 3907 magno
667 3825 782 3907 pretio
804 3825 1032 3907 comparavit.

204 3947 260 4010 Ex
276 3947 446 4010 cathedra
466 3946 715 4028 philosophica
736 3951 815 4026 1793
837 3949 883 4009 ad
905 3947 1034 4029 prioris

204 4069 408 4133 monasterii
439 4068 650 4151 dignitatem
682 4079 829 4132 evectus
859 4069 1034 4152 regularis

205 4190 455 4291 obserpantiae
472 4189 729 4270 tenacissimus,
759 4210 838 4270 1799
863 4192 909 4253 ad
931 4210 1035 4273 paro·

205 4313 320 4377 chiam
336 4311 585 4374 Buchkirchen
604 4313 799 4394 regendam
819 4333 838 4376 e
858 4324 1034 4377 monaste·

204 4434 257 4497 rio
282 4432 460 4506 discessit;
490 4434 535 4494 ab
563 4452 656 4495 anno
688 4437 770 4495 1800
795 4435 973 4515 parochus
999 4435 1035 4497 in

205 4554 391 4618 Thalheim
416 4554 569 4617 hostium
589 4552 772 4616 Gallorum
797 4555 1035 4638 inruptionem

206 4687 279 4740 tam
296 4675 364 4738 sibi
382 4696 488 4758 quam
505 4675 655 4738 aedibus
671 4676 936 4757 parochialibus
956 4697 1036 4759 pes·

206 4800 331 4863 simam
351 4797 498 4882 pertulit
519 4808 554 4861 et
575 4799 668 4862 malo
692 4801 823 4880 pedum
846 4819 1037 4863 marasmo-

208 4941 277 5003 que
300 4921 402 4984 senili
425 4921 562 4984 fractus
587 4921 622 4983 in
646 4922 799 4985 Domino
822 4922 1038 4988 obdormivit

208 5041 266 5104 die
284 5060 313 5122 7.
329 5042 416 5104 Maii
437 5064 447 5104 1
482 5064 528 5106 10.
552 5043 714 5126 Linguae
731 5044 877 5108 Italicae
898 5045 1037 5126 peritis-

208 5163 319 5225 simus
334 5165 444 5227 multa
461 5164 646 5228 clarissimi
658 5165 860 5229 Metastasii
877 5168 1039 5231 dramata

208 5284 335 5347 melica
356 5285 391 5346 in
411 5286 570 5368 linguam
587 5285 835 5350 Germanicam
852 5289 1039 5381 conuertit,

209 5425 301 5488 quae
315 5408 429 5469 textui
442 5407 605 5490 originali
618 5408 742 5471 addita
753 5409 789 5471 in
802 5410 949 5473 edendis
962 5412 1041 5474 dra·

1110 647 1264 710 matibus
1291 647 1427 710 melicis
1453 666 1584 729 magno
1616 647 1816 737 auditorum
1848 666 1942 709 com·

1110 770 1215 832 modo
1232 778 1342 832 erant.

1197 891 1390 953 Praeterea
1417 890 1659 972 manuscripta
1686 889 1829 972 reliquit
1852 891 1940 954 haec

1110 1012 1306 1076 volumina:

1199 1139 1220 1194 1.
1238 1137 1422 1195 Geschichte
1439 1156 1498 1193 von
1514 1135 1779 1193 Oberdsterreich.
1797 1133 1826 1215 (i.
1844 1158 1870 1194 e.
1888 1122 1942 1194 Hi·

1111 1244 1206 1300 storia
1221 1242 1364 1299 Austriae
1380 1238 1569 1318 superioris.)
1587 1248 1628 1297 2⁰.
1646 1239 1705 1314 381
1726 1261 1755 1317 p.
1773 1240 1816 1319 (P.
1834 1240 1898 1320 44.)

1198 1347 1237 1403 11.
1259 1346 1396 1404 Versuch
1422 1347 1505 1429 einer
1525 1345 1691 1402 deutschen
1714 1344 1942 1423 Uebersetzung

1110 1451 1166 1507 der
1186 1464 1287 1508 ersten
1304 1450 1370 1506 suns
1382 1451 1500 1506 Biicher
1520 1449 1574 1506 des
1595 1450 1792 1507 lateinischen
1809 1452 1942 1509 Werkes

1111 1555 1165 1612 des
1181 1555 1250 1612 heil.
1268 1555 1435 1630 Augustins
1451 1573 1512 1611 von
1527 1553 1594 1610 dem
1611 1551 1716 1611 Staate
1729 1553 1850 1612 Gottes.
1860 1554 1897 1633 (i.
1914 1575 1941 1613 e.

1111 1661 1220 1717 Versio
1243 1658 1425 1716 Germanica
1452 1661 1616 1735 primorum
1640 1661 1773 1735 quinque
1798 1659 1942 1718 librorum

1111 1784 1135 1821 s.
1153 1764 1313 1839 Augustini
1331 1763 1506 1820 decivitate
1523 1760 1602 1841 Dei.)
1625 1770 1666 1820 20.
1690 1762 1750 1837 483
1770 1784 1799 1841 p.
1817 1760 1859 1841 (P.
1878 1762 1941 1844 45.)

1199 1869 1252 1925 111.
1275 1869 1338 1925 Des
1359 1868 1463 1924 Lukas
1480 1868 1657 1943 Opalenius,
1679 1887 1860 1943 gewesenen
1877 1870 1943 1945 pol·

1111 1973 1236 2030 nischen
1264 1972 1526 2029 Kronmarschalls
1553 1971 1617 2029 drei
1646 1973 1764 2029 Biicher
1794 1993 1854 2029 1011
1886 1974 1942 2030 den

1111 2077 1265 2134 Pllichten.
1295 2075 1360 2134 Aus
1387 2075 1454 2132 dem
1479 2076 1693 2132 Lateinischen
1717 2079 1762 2133 ins
1789 2078 1943 2135 Deutsche

1113 2181 1275 2239 iibersetzt.
1300 2178 1329 2259 (i.
1347 2201 1373 2237 e.
1391 2180 1495 2237 Trium
1517 2178 1662 2237 librorum
1685 2182 1720 2237 L.
1743 2183 1882 2258 Opalenii
1907 2183 1943 2238 de

1112 2285 1220 2344 officiis
1235 2288 1338 2342 versio
1355 2281 1557 2363 Germanica.)
1575 2292 1617 2341 2⁰.
1636 2286 1696 2358 017
1715 2305 1743 2361 p.
1761 2283 1804 2363 (P.
1823 2283 1885 2364 46.)

1199 2391 1250 2447 IV.
1260 2389 1473 2447 Meditationes
1482 2389 1533 2446 1'1.
1552 2402 1641 2462 1777.
1655 2397 1697 2461 40.
1716 2404 1774 2463 134
1784 2409 1814 2466 p.
1827 2387 1869 2467 (P.
1880 2388 1944 2470 47.)

1200 2499 1378 2576 Csdszdr
1392 2512 1653 2574 Hermannus
1670 2513 1863 2595 Ignatius
1882 2515 1944 2596 (de

1114 2650 1140 2693 s.
1154 2629 1297 2693 Monte
1310 2631 1577 2712 Pannoniae),
1594 2632 1762 2694 sacerdos
1776 2631 1943 2713 iubilaris,

1114 2751 1149 2814 in
1165 2752 1195 2814 '1
1198 2753 1293 2816 okod
1314 2772 1402 2817 com.
1424 2751 1681 2836 Strigoniensis
1703 2753 1737 2816 in
1758 2753 1944 2837 Hungaria

1115 2874 1172 2937 die
1187 2896 1237 2939 20.
1250 2875 1312 2939 Iul.
1330 2880 1410 2954 1796
1423 2884 1538 2955 natuS,
1551 2875 1675 2939 habitu
1688 2897 1715 2940 3.
1729 2875 1786 2938 die
1802 2881 1851 2938 28.
1864 2875 1943 2941 Oet.

1119 3002 1198 3060 1816
1212 2997 1366 3079 indutuS,
1380 2997 1439 3059 die
1452 3001 1502 3061 28.
1516 2995 1595 3061 Oct.
1614 3002 1694 3076 1819
1706 3008 1792 3062 vota
1804 2999 1943 3061 sollem-

1114 3120 1173 3183 nia
1189 3120 1315 3185 emisit.
1338 3121 1399 3182 Ab
1412 3139 1504 3182 anno
1521 3124 1683 3199 1819-21
1701 3121 1842 3204 lamini,
1863 3126 1939 3184 1821

1113 3244 1160 3306 ad
1181 3246 1259 3304 1822
1274 3241 1441 3323 Sopronii
1456 3262 1600 3305 munere
1617 3241 1830 3323 professoris
1845 3242 1944 3306 func-

1113 3375 1181 3446 1113,
1198 3366 1265 3427 hoc
1281 3384 1374 3426 anno
1391 3363 1426 3426 in
1442 3383 1581 3427 sacrum
1597 3375 1753 3428 montem
1769 3365 1884 3447 rediit,
1906 3374 1945 3428 ut

1114 3488 1230 3550 denuo
1255 3486 1382 3549 studiis
1406 3485 1616 3569 theologicis
1638 3497 1793 3568 vacaret,
1816 3487 1945 3569 quibus

1115 3609 1288 3673 absolutis
1305 3609 1362 3672 die
1383 3630 1430 3687 19.
1445 3609 1544 3690 Sept.
1567 3613 1645 3672 1823
1663 3609 1864 3672 sacerdotio
1882 3609 1946 3672 ini-

1114 3731 1223 3794 tiatus
1236 3740 1301 3794 est.
1323 3735 1487 3808 1820—27
1502 3729 1684 3811 professor
1700 3740 1736 3794 et
1748 3732 1945 3794 studiorum

1114 3852 1318 3935 praefectus
1331 3854 1429 3935 apud
1442 3853 1601 3915 alumnos
1617 3874 1644 3916 3.
1659 3853 1792 3916 ordinis
1804 3853 1945 3934 Iaurini,

1119 3950 1283 4055 1827—32
1302 3984 1421 4038 orator
1437 3994 1458 4036 a
1475 3974 1586 4037 sacris
1608 3975 1642 4038 in
1662 3995 1689 4040 3.
1706 3987 1835 4057 monte,
1865 3979 1944 4037 1832

1115 4102 1161 4162 ad
1178 4104 1254 4177 1841
1275 4096 1541 4161 administrator
1552 4099 1743 4180 parochiae
1761 4098 1795 4160 111
1808 4099 1945 4181 Tenyd,

1119 4228 1286 4301 1841—49
1298 4221 1393 4284 idem
1409 4221 1443 4284 in
1460 4242 1487 4284 s.
1501 4221 1665 4303 Martino,
1686 4225 1852 4300 1849—56
1869 4240 1947 4283 ora-

1115 4354 1170 4407 tor
1191 4365 1212 4407 a
1232 4344 1343 4407 sacris
1360 4343 1536 4424 Sopronii,
1565 4347 1731 4423 1856—64
1751 4342 1946 4425 spiritualis

1115 4468 1258 4548 ibidem,
1283 4469 1451 4545 1864-60
1472 4464 1693 4547 Comaromii,
1720 4470 1886 4544 1800-75
1912 4465 1945 4528 111

1116 4590 1263 4654 abbatia
1274 4588 1497 4672 Bakonybel,
1519 4592 1685 4668 1875—78
1703 4589 1868 4671 subprior
1884 4589 1948 4652 ibi·

1117 4716 1208 4796 dem,
1225 4733 1271 4775 ex
1285 4733 1354 4794 quo
1367 4731 1460 4775 anno
1476 4732 1619 4774 munere
1632 4711 1759 4793 prioris
1772 4711 1807 4772 in
1820 4712 1946 4774 eadem

1117 4836 1263 4900 abbatia
1278 4835 1447 4918 fungitur.
1476 4833 1642 4916 Scripsit:

1203 4960 1408 5019 Szentbeszed
1423 4980 1464 5017 sz.
1478 4959 1619 5016 Benedek
1635 4957 1768 5034 napjdra.
1786 4955 1815 5038 (i.
1829 4978 1855 5016 e.
1870 4961 1949 5016 Ora·

1118 5069 1160 5124 tio
1176 5085 1265 5123 sacra
1280 5067 1309 5121 in
1325 5064 1403 5121 diem
1419 5084 1444 5121 s.
1462 5062 1624 5120 Benedicto
1636 5059 1778 5141 sacrum.)
1795 5064 1828 5118 In
1840 5062 1949 5120 libellis

1119 5171 1296 5249 periodicis:
1313 5167 1606 5242 Pazmdnyddzetek,
1629 5166 1719 5240 1859.
1737 5168 1787 5223 ΙΙΙ.

1207 5256 1430 5357 Ctvneika
1466 5293 1604 5355 Bruno
1644 5293 1950 5375 (Blevnoveno-

1121 5409 1404 5490 Braunensis),
1436 5413 1482 5474 ab
1514 5410 1718 5474 Albendorf
1744 5411 1950 5475 Bohemiae.
