4178 6196
898 424 1220 487 —III-·

270 664 411 735 Denuo
441 663 634 737 consilium
666 669 798 741 harum
833 669 1039 742 litterarum
1072 669 1253 742 historiae
1287 671 1586 745 conscribendae
1620 689 1772 769 captum
1808 690 1878 762 est,

134 865 225 913 cum
254 840 353 914 festa
381 841 592 914 saecularia
619 841 873 915 natalitiorum
902 869 931 916 s.
952 843 1086 930 Patris,
1116 843 1324 916 conditoris
1352 845 1493 919 ordinis
1522 871 1620 919 anno
1657 852 1754 920 1880
1781 850 1879 922 cele-

137 1018 291 1089 branda
319 1015 683 1112 adpropinquarent.

272 1192 336 1263 Ad
372 1191 469 1263 haec
502 1189 598 1262 enim
636 1191 833 1262 sollemnia
861 1189 976 1286 digne
1005 1192 1159 1286 agenda
1196 1191 1337 1286 primus
1376 1193 1538 1265 omnium
1566 1195 1662 1266 Rev.
1690 1197 1740 1267 D.
1770 1196 1879 1267 Boni·

139 1365 264 1440 facius
282 1364 474 1450 Wimmer‚
505 1364 816 1461 congregationis
836 1364 1323 1438 Americano-Cassinensis
1342 1391 1501 1462 praeses
1520 1381 1729 1463 perpetuus
1747 1369 1880 1442 litteris

140 1543 194 1612 ad
223 1563 354 1612 omnes
382 1537 492 1610 huius
521 1537 661 1610 ordinis
690 1540 855 1610 abbates
893 1552 932 1612 et
967 1539 1210 1634 praepositos
1243 1539 1342 1613 datis
1375 1541 1601 1614 invitaverat
1629 1557 1667 1615 et
1695 1569 1778 1616 cum
1808 1543 1881 1616 alia

141 1717 193 1788 ad
222 1713 456 1786 sollemnium
492 1714 611 1785 decus
648 1715 867 1808 augendum
902 1726 993 1808 apta
1030 1727 1108 1784 tum
1144 1715 1219 1786 hoc
1255 1730 1532 1810 proposuerat,
1571 1731 1612 1787 ut
1648 1716 1881 1790 Benedictini

141 1888 275 1962 litteris
304 1911 459 1982 quoque
488 1888 622 1960 laudes
651 1912 700 1959 ss
730 1887 853 1959 Patris
885 1888 1083 1959 celebrare
1116 1886 1334 1982 ordinisque
1368 1887 1560 1960 historiam
1588 1888 1787 1964 inlustrare
1816 1895 1880 1964 ad-

141 2065 408 2161 grederentur.
439 2061 564 2153 'Quod
585 2060 777 2133 consilium
797 2086 881 2133 cum
900 2060 1158 2156 compluribus
1177 2061 1393 2149 abbatibus
1415 2061 1478 2157 qui
1503 2068 1598 2152 1876
1618 2064 1882 2162 Salisburgum

142 2252 414 2323 convenerant,
443 2250 486 2307 ut
504 2237 600 2307 Rev
621 2237 670 2307 D.
691 2234 840 2312 Alberti
859 2237 962 2307 Eder
982 2259 1017 2308 0.
1040 2260 1069 2307 S.
1090 2237 1130 2308 B.
1152 2235 1455 2332 Salisburgensis
1475 2238 1586 2310 electi
1605 2238 1882 2335 archiepiscopi

142 2410 314 2486 sollemni
338 2409 566 2482 interessent
584 2408 873 2495 consecrationi,
903 2410 1141 2503 probaretur,
1170 2410 1244 2482 hoc
1268 2435 1424 2505 quoque
1444 2413 1493 2483 ab
1513 2411 1645 2484 iisdem
1674 2412 1882 2507 expetitum

143 2602 215 2671 est,
244 2601 286 2656 ut
313 2585 469 2657 sodales
496 2582 604 2654 huius
633 2582 773 2656 ordinis
803 2586 854 2656 ad
872 2583 1138 2680 Ziegelbaueri
1157 2609 1255 2679 opus
1274 2588 1581 2680 persequendum
1601 2588 1881 2682 complendum-

143 2783 218 2852 que
247 2757 374 2829 studia
402 2781 472 2828 sua
499 2758 730 2851 laboresque
758 2755 985 2830 conferrent.

276 2933 418 3005 Verum
446 2946 573 3003 tamen
601 2931 709 3003 huius
738 2930 791 3003 rei
821 2929 1063 3002 difficultates
1091 2956 1231 3027 magno
1252 2955 1371 3026 opere
1392 2933 1634 3027 augebantur
1661 2949 1879 3028 propterea,

144 3110 250 3203 quod
277 3123 407 3179 nostra
432 3105 613 3178 memoria
632 3104 896 3201 religiosorum
918 3105 1089 3176 ordinum
1109 3107 1276 3192 sodales
1307 3130 1390 3177 cum
1410 3105 1632 3200 praesertim
1653 3106 1882 3178 monasteria

144 3283 224 3354 fere
253 3280 377 3352 omnia
406 3281 638 3352 alumnorum
667 3277 824 3373 penuria
851 3291 1080 3373 premantur,
1110 3277 1145 3348 in
1174 3303 1265 3350 cura
1293 3277 1498 3350 animarum
1527 3293 1565 3351 et
1593 3281 1880 3353 adolescentum

144 3456 356 3531 eruditione
384 3455 436 3527 ita
463 3469 550 3526 sunt
577 3451 766 3548 occupati,
797 3467 837 3524 ut
862 3477 948 3524 raro
970 3451 1053 3546 quis
1072 3452 1293 3539 inveniatur,
1323 3451 1382 3524 cui
1402 3455 1452 3525 ad
1472 3452 1591 3524 maius
1610 3452 1765 3547 aliquod
1784 3478 1881 3548 opus

143 3630 425 3726 suscipiendum
453 3627 553 3699 vires
583 3642 621 3700 et
649 3627 812 3722 spatium
841 3629 1056 3720 subpetant.
1099 3625 1346 3698 Nihilominus
1366 3641 1504 3714 tamen,
1524 3652 1655 3699 amore
1676 3627 1816 3700 ordinis
1836 3653 1881 3701 ac

144 3831 194 3878 ss.
215 3804 338 3877 Patris
367 3803 423 3875 sui
451 3801 616 3887 honoris,
647 3800 709 3895 qui
738 3800 773 3872 in
801 3799 962 3897 gloriam
980 3798 1056 3871 Dei
1085 3800 1209 3885 cedat,
1240 3799 1408 3894 augendi
1428 3800 1554 3873 studio
1576 3800 1678 3872 ducti
1696 3801 1769 3873 hoc
1788 3826 1881 3896 quo-

144 4005 219 4075 que
249 3979 514 4051 contexendae
543 3977 751 4048 litterarum
777 3974 956 4047 historiae
990 3973 1184 4046 consilium
1220 3999 1289 4069 pro
1322 3974 1414 4046 virili
1451 3989 1561 4070 parte
1595 3977 1881 4069 exsequendum

144 4157 280 4229 fratres
295 4152 527 4226 Benedictini
548 4165 809 4246 susceperunt,
831 4163 870 4221 et
883 4149 993 4221 huius
1012 4148 1208 4221 moliminis
1227 4148 1374 4221 ratione
1394 4148 1429 4220 in
1444 4147 1722 4221 commentariis
1743 4147 1882 4220 diurnis

144 4326 518 4411 l⁷indobonensibuS,
549 4327 653 4420 quod
675 4325 1027 4415 „DasVaterland“
1058 4321 1280 4408 inscribitur,
1311 4346 1439 4393 mense
1463 4323 1644 4419 Augusto
1671 4326 1766 4408 1878
1795 4345 1881 4415 pro-

144 4502 271 4598 posita
300 4503 350 4573 ad
377 4501 474 4572 hanc
502 4523 581 4570 rem
610 4497 896 4570 deliberandam
926 4498 1139 4592 complures
1168 4523 1299 4570 eorum
1329 4520 1458 4568 mense
1478 4493 1683 4568 Decembri
1712 4493 1881 4565 eiusdem

144 4674 230 4747 anni
248 4675 519 4746 Vindobonam
548 4686 818 4744 convenerunt.
863 4671 1033 4762 Quorum
1062 4673 1219 4746 decreta
1247 4696 1330 4742 cum
1361 4670 1534 4742 omnibus
1561 4667 1766 4741 abbatibus
1794 4693 1880 4761 pro-

143 4853 237 4922 bata
266 4862 406 4934 essent,
436 4847 635 4918 multorum
664 4846 795 4916 labore
825 4842 1029 4937 studioque
1049 4844 1168 4916 hocce
1189 4868 1287 4939 opus
1307 4856 1503 4914 exaratum
1524 4856 1592 4927 est,
1622 4866 1698 4936 quo
1719 4840 1881 4913 omnium

143 5022 331 5097 sodalium
361 5021 452 5092 fines
482 5017 951 5114 Austriaco-Hungaricos
979 5017 1230 5103 incolentium,
1260 5015 1323 5111 qui
1352 5020 1401 5088 ab
1426 5040 1524 5087 anno
1551 5035 1649 5108 1750
1675 5015 1881 5087 litterarum

141 5199 377 5294 reliquerunt
405 5208 656 5279 monumenta,
678 5194 837 5266 vitarum
857 5192 1063 5288 descriptio
1093 5217 1327 5288 operumque
1357 5206 1396 5263 et
1423 5189 1691 5283 impressorum
1713 5202 1751 5261 et
1770 5213 1881 5260 manu

141 5375 369 5469 scriptorum
399 5368 632 5442 enumeratio
662 5367 886 5440 continetur.
930 5366 1001 5439 His
1029 5365 1240 5461 praemissa
1259 5379 1318 5437 est
1338 5367 1386 5436 de
1407 5364 1547 5437 ordinis
1566 5364 1601 5435 in
1621 5363 1753 5436 iisdem
1774 5361 1880 5433 terris

1642 5483 1674 5531 a*
