4178 6196
821 386 1188 499 ¹-oo-

190 636 360 696 tuendum
397 633 606 716 magnisque
646 634 845 714 sumptibus
887 634 1017 715 publici
1056 635 1060 707 Ι
1098 633 1240 695 vissime
1257 633 1468 715 introducta,
1493 654 1599 714 quam
1623 635 1700 714 pari
1724 635 1871 698 consilio
1894 646 1930 699 et

189 757 274 818 iuris
301 757 500 818 faciendum
527 756 770 837 demandavit,
802 757 896 836 quod
925 775 1019 818 anno
1057 774 1060 841 ζ
1097 755 1218 816 labore
1234 755 1391 817 iuvabat.
1420 755 1538 816 Variis
1561 756 1597 817 in
1622 755 1807 819 itineribus
1828 759 1930 821 annis

194 883 273 940 1866
291 878 449 960 contigit.
473 878 608 940 Eodem
629 897 731 959 ann0,
750 878 843 939 bello
866 877 1018 940 initalia
1057 844 1060 971 Ι
1102 881 1268 940 1855—06
1292 878 1457 959 peractis,
1481 878 1603 940 Dudlk
1628 879 1745 942 omnia
1768 880 1843 943 fere
1867 882 1929 943 im-

189 1012 376 1081 commot0,
397 1001 458 1062 Dr.
475 1001 596 1062 Dudik
618 1020 663 1062 ex
684 1000 830 1081 speciali
850 1002 1017 1062 mandato
1057 976 1059 993 ¹
1098 999 1189 1079 perii
1210 998 1603 1083 Austriacohungafici
1624 1001 1769 1063 archiva
1789 1022 1852 1064 seu
1876 1014 1929 1065 ta-

188 1122 410 1204 imperatoris
434 1123 602 1184 Austriae
626 1123 660 1184 in
685 1123 859 1203 principia
885 1133 1017 1185 castro·
1096 1121 1242 1202 bularia,
1274 1097 1381 1183 unum
1409 1122 1605 1184 alterumve
1634 1124 1714 1205 plus
1742 1145 1812 1186 una
1839 1125 1928 1207 vice,

187 1266 263 1307 rum
285 1248 330 1307 ad
352 1256 474 1326 partes
492 1247 575 1308 belli
597 1247 697 1308 ducis
717 1247 900 1308 celsissimi
923 1247 1017 1327 prin·
1096 1243 1335 1323 perlustravit,
1354 1252 1427 1305 tum
1441 1264 1533 1306 anno
1551 1249 1630 1307 1863
1647 1246 1793 1328 longum
1810 1247 1877 1309 iter
1893 1248 1928 1309 in

188 1368 276 1448 cipis
300 1369 484 1431 Albrechti
510 1379 669 1432 vocatur.
704 1369 760 1430 Ex
787 1370 1016 1431 relationibus
1096 1373 1217 1446 partes
1234 1365 1425 1426 orientales
1450 1367 1618 1448 suscepit,
1645 1387 1716 1448 qua
1740 1370 1928 1432 occasione

186 1491 232 1552 ab
253 1510 296 1552 eo
319 1501 402 1553 tunc
425 1492 575 1572 emissis,
600 1501 639 1553 ut
662 1511 709 1553 ex
728 1490 827 1553 fonte
850 1491 1015 1573 genuino,
1096 1487 1442 1568 Constantinopolin,
1475 1488 1638 1551 Athenas
1672 1500 1706 1553 et
1739 1477 1928 1573 Smyrnam

187 1632 308 1674 omnes
335 1613 408 1675 fere
433 1613 678 1695 ephemerides
706 1614 882 1675 scribendi
906 1624 1016 1677 mate·
1097 1609 1265 1690 visitavit,
1290 1619 1398 1690 atque
1423 1611 1536 1671 tribus
1560 1611 1662 1673 annis
1686 1627 1769 1694 post
1786 1615 1928 1694 exposi-

186 1734 272 1797 riam
288 1736 508 1798 hauriebant.
538 1736 627 1797 Belli
648 1736 750 1798 huius
771 1735 884 1798 Italici
907 1735 1016 1797 histo·
1055 1714 1058 1807 Ι
1095 1730 1183 1792 tioni
1217 1732 1407 1794 universali
1443 1732 1593 1794 Lutetiis
1629 1733 1845 1797 Parisiorum
1880 1738 1927 1799 ad

184 1856 273 1918 riam
300 1857 493 1919 celsissimo
520 1858 670 1938 principi
698 1857 912 1919 hereditario
939 1857 1015 1919 Ru·
1055 1851 1058 1939 Ι
1095 1853 1221 1914 artium
1254 1854 1567 1935 inventionumque
1600 1856 1782 1918 historiam
1810 1859 1928 1939 perlu-

186 1979 281 2041 dolfo
313 1980 513 2041 dedicatam
544 1982 610 2041 sub
642 1980 761 2042 titulo:
803 1979 1015 2063 ,Memoriae
1095 1976 1276 2036 strandam
1300 1975 1468 2038 interfuit.
1502 1978 1590 2039 Inde
1614 1999 1679 2059 per
1703 1979 1926 2062 Lugdunum,

184 2101 268 2163 belli
283 2102 397 2163 Italici
418 2102 462 2163 de
479 2122 572 2163 anno
593 2102 692 2164 180<st
717 2101 848 2183 publici
865 2101 948 2163 iuris
964 2101 1015 2163 fe·
1095 2097 1289 2160 Massiliam
1302 2108 1338 2160 et
1352 2098 1613 2162 Centumcellas
1625 2101 1779 2165 Romam
1793 2122 1831 2165 se
1843 2123 1926 2165 con-

185 2223 241 2285 cit.
270 2224 400 2286 Paucis
423 2225 548 2285 diebus
568 2233 652 2286 ante
673 2244 831 2305 pugnam
852 2225 1014 2286 navalem
1094 2220 1173 2281 tulit
1186 2221 1231 2282 ad
1243 2219 1336 2282 festa
1349 2221 1534 2283 sollemnia
1542 2223 1737 2287 millenarii.
1748 2224 1849 2305 Quae
1863 2228 1925 2287 du-

184 2345 386 2408 Lissensem
411 2347 472 2408 Dr.
501 2347 622 2408 Dudik
650 2366 697 2408 ex
728 2347 896 2408 mandato
928 2366 1013 2408 suae
1093 2353 1194 2404 rante
1214 2336 1325 2404 hocce
1346 2343 1470 2406 itinere
1487 2345 1576 2408 vidit
1594 2356 1630 2408 et
1646 2347 1792 2428 audivit,
1817 2367 1926 2428 quae·

185 2488 372 2531 caesareae
396 2469 591 2531 maiestatis
620 2479 658 2532 ut
684 2470 892 2551 archivalia,
922 2489 1013 2551 quae
1052 2520 1055 2583 ,
1094 2485 1162 2546 que
1190 2476 1361 2547 expertus
1385 2476 1448 2547 est,
1476 2468 1662 2547 permultis
1690 2469 1860 2551 epistolis,
1888 2471 1923 2532 in

183 2592 229 2652 ad
251 2591 472 2653 conditiones
496 2591 580 2652 iuris
597 2592 776 2653 Austriaci
798 2601 1011 2672 spectarent,
1093 2588 1340 2668 ephemerides
1356 2589 1581 2651 Viennenses
1598 2592 1764 2674 receptis,
1790 2594 1924 2674 publici

183 2714 228 2774 de
254 2713 397 2774 archivo
422 2713 568 2774 centrali
590 2712 752 2775 Venetiis
779 2714 955 2795 seligeret,
981 2713 1012 2775 ei
1092 2710 1177 2772 iuris
1197 2708 1292 2771 fecit.
1317 2709 1433 2790 Quum
1450 2722 1640 2774 auctumno
1658 2713 1739 2774 anni
1760 2719 1841 2793 1809
1859 2735 1924 2777 sua

182 2833 300 2896 officio
323 2836 427 2897 valde
451 2835 628 2897 laborioso
653 2835 743 2897 intra
766 2845 917 2916 quatuor
940 2835 1012 2896 die·
1092 2832 1288 2912 apostolica
1300 2833 1469 2894 maiestas
1482 2833 1510 2894 F
1513 2835 1695 2898 ranciseus
1709 2838 1882 2917 Iosephus
1895 2837 1922 2900 Ι.

183 2977 258 3018 rum
271 2957 425 3037 spatium
439 2956 636 3038 sagacitate
649 2976 714 3017 sua
726 2955 898 3018 satisfecit
912 2958 1012 3038 adeo,
1092 2955 1138 3015 ad
1154 2953 1222 3016 iter
1237 2954 1408 3017 orientale
1432 2975 1470 3017 se
1488 2958 1704 3041 accingeret,
1728 2961 1859 3040 Dudik,
1885 2970 1924 3023 ut

183 3088 221 3141 ut
249 3100 286 3156 19
311 3079 418 3140 cistas
443 3075 632 3140 Graecium
655 3080 890 3158 reportandas
914 3098 1013 3139 cura·
1093 3073 1209 3137 officio
1226 3077 1402 3156 capellani
1415 3087 1451 3139 et
1464 3078 1741 3162 historiographi
1757 3082 1923 3163 fungere-

183 3211 245 3280 ret,
271 3220 362 3281 quae
384 3201 533 3280 demum,
558 3218 648 3279 pace
669 3218 715 3260 ex
739 3208 888 3279 utraque
908 3209 1012 3279 parte
1092 3208 1157 3280 tur,
1189 3199 1377 3262 comitibus
1407 3201 1540 3262 itineris
1572 3205 1824 3268 adnumeratus
1856 3215 1921 3268 est.

182 3323 277 3402 inita,
302 3323 348 3383 ad
369 3331 519 3402 penates
543 3331 753 3382 remearunt.
786 3320 890 3383 Hunc
914 3322 1012 3384 labo·
1091 3319 1398 3384 Sollemnitatibus
1418 3323 1678 3407 Hierosolymis
1702 3347 1863 3391 necnon
1887 3330 1920 3391 in

181 3464 254 3506 rem
271 3443 421 3506 feliciter
437 3454 621 3524 peractum
642 3442 732 3504 alius
748 3442 871 3505 similis
889 3446 1011 3506 subse·
1091 3444 1309 3524 auspicando
1335 3446 1448 3507 canali
1465 3444 1634 3509 Suezensi
1657 3450 1845 3513 celebratis
1870 3452 1921 3514 in-

181 3688 310 3749 sarium
335 3688 551 3768 existimans
581 3698 620 3750 ut
644 3688 688 3749 de
713 3688 909 3750 rationibus
937 3689 1010 3769 epi·
1091 3691 1170 3749 dam
1203 3689 1350 3770 curavit,
1383 3709 1474 3770 quae
1503 3690 1537 3752 in
1566 3711 1628 3752 200
1655 3695 1921 3774 exemplaribus

180 3820 349 3891 scopatus
382 3809 647 3891 CracoviensiS,
683 3811 860 3880 seminarii
893 3820 929 3873 et
960 3813 1010 3873 in·
1090 3811 1290 3891 sumptibus
1318 3812 1540 3892 imperatoris
1567 3833 1659 3875 anno
1686 3827 1860 3895 sequente
1885 3818 1919 3879 in

179 3933 380 3994 stitutorum
407 3932 738 4013 ecclesiasticorum,
769 3952 834 3994 nec
866 3953 936 3995 non
965 3935 1009 3996 de
1088 3935 1202 3994 lucem
1215 3934 1355 4013 prodiit.
1380 3935 1532 3996 Aestate
1550 3940 1631 4014 1870
1642 3937 1765 3999 Dudik
1778 3941 1824 4000 ad
1838 3959 1920 4001 con-

179 4075 341 4118 connexu
358 4075 478 4117 eorum
495 4075 573 4116 cum
589 4055 725 4117 Russia
749 4066 936 4137 computus
956 4056 1007 4118 in·
1088 4056 1259 4117 tinuanda
1272 4057 1389 4118 studia
1402 4059 1447 4118 de
1460 4057 1503 4118 A.
1516 4056 1694 4141 Comenio,
1710 4061 1837 4140 quibus
1850 4062 1919 4124 iam

178 4177 392 4258 stitueretur,
417 4179 479 4239 Dr.
501 4177 623 4239 Bedae
647 4179 713 4239 hoc
739 4176 892 4240 officium
918 4198 1008 4240 com·
1089 4177 1123 4238 in
1145 4176 1274 4240 Suecia
1294 4197 1333 4239 se
1358 4179 1573 4260 accinxerat,
1600 4181 1749 4263 Belgiae
1774 4192 1810 4244 et
1833 4184 1919 4245 Hol-

177 4301 279 4382 misit,
305 4300 365 4381 qui
385 4301 541 4381 quinque
562 4301 845 4362 hebdomadibus
870 4300 1008 4362 deside·
1087 4299 1226 4361 landiae
1254 4312 1375 4380 partes
1406 4303 1627 4384 peragravit,
1658 4304 1803 4385 insuper
1833 4327 1920 4370 vero

176 4433 291 4485 ratum
319 4422 521 4505 complevit,
549 4423 653 4484 basin
681 4423 816 4483 scilicet
844 4442 1007 4485 necessa·
1087 4424 1131 4483 ad
1149 4423 1464 4506 determinandum,
1483 4410 1659 4505 quatenus
1675 4428 1919 4507 „respublicae

176 4545 262 4607 riam
279 4547 324 4607 ad
349 4554 535 4625 compacta
559 4564 652 4606 anno
681 4549 759 4624 1875
783 4546 924 4606 demum
944 4546 1006 4607 ab·
1086 4544 1291 4626 generales“
1318 4555 1402 4607 tunc
1424 4546 1593 4626 temporis
1613 4548 1823 4610 seditionem
1848 4549 1918 4611 Bo-

176 4668 301 4731 soluta.
334 4668 373 4729 In
398 4668 582 4750 praeclaro
607 4667 664 4729 illo
692 4687 800 4748 opere
824 4667 1005 4748 litterari0,

176 4791 270 4871 quod
298 4791 343 4852 ab
375 4810 468 4852 anno
500 4793 578 4851 1863
608 4791 654 4851 ad
685 4793 762 4868 1867
792 4791 858 4851 sub
888 4791 1005 4852 titulo:

175 4910 520 4994 „Oesterreichische
535 4911 686 4974 Revue“
713 4911 875 4974 Viennae
890 4912 926 4974 in
942 4933 1005 4993 pu-

1085 4667 1257 4728 hemicam
1274 4688 1367 4729 anno
1388 4672 1467 4730 1618
1494 4677 1530 4730 et
1545 4671 1708 4750 sequenti
1733 4671 1915 4753 iuvissent,

1086 4790 1144 4850 vel
1160 4801 1336 4870 quatenus
1348 4792 1415 4852 hac
1433 4790 1465 4851 in
1483 4810 1521 4852 re
1534 4792 1748 4853 nocuissent.
1769 4792 1857 4854 Inde
1870 4795 1916 4854 ab

1086 4921 1225 4973 aestate
1246 4916 1324 4991 1872
1351 4922 1387 4974 et
1407 4931 1473 4993 per
1490 4915 1678 4975 decursum
1699 4918 1778 4993 1873
1796 4915 1917 4976 Dudik

173 5034 302 5095 blicum
330 5034 471 5116 prodiit,
502 5033 624 5096 Dudik
651 5034 823 5116 singulari
850 5043 1005 5097 tractatu
1085 5053 1224 5096 omnem
1246 5054 1390 5114 operam
1412 5037 1621 5115 praestabat
1645 5037 1680 5097 in
1701 5037 1917 5098 constituen-

173 5157 217 5218 de
249 5156 285 5218 vi
315 5176 356 5218 ac
385 5157 564 5239 gravitate
597 5157 762 5237 completi
794 5177 859 5219 suo
886 5156 1004 5219 studio
1085 5156 1139 5217 dis
1157 5156 1307 5238 circulis,
1333 5157 1542 5219 industriam
1559 5158 1774 5220 nationalem
1797 5159 1916 5219 dome-

172 5278 291 5358 operis
321 5298 434 5359 aeque
467 5279 707 5341 testimonium
739 5279 853 5361 dedit,
885 5299 927 5341 ac
960 5280 1004 5340 de
1085 5278 1209 5340 sticam
1227 5297 1379 5340 necnon
1396 5299 1511 5341 rerum
1529 5279 1711 5360 Moraviae
1727 5280 1914 5361 pretiosio·

1051 2914 1055 2971 Ι

182 3566 309 3646 quitur.
334 3565 568 3626 Ministerium
586 3565 751 3626 Beleredi
775 3565 867 3627 enim
889 3585 1011 3627 neces·
1091 3564 1222 3646 terfuit,
1235 3576 1271 3628 et
1284 3586 1402 3628 earum
1415 3568 1691 3649 descriptionem
1704 3571 1801 3653 typis
1814 3575 1921 3635 eden-

171 5399 279 5481 plena
304 5398 552 5462 reformatione
578 5401 711 5463 ordinis
732 5401 918 5464 Teutonici
943 5421 1004 5464 no·
1084 5420 1160 5462 rum
1191 5401 1434 5463 collectionem
1467 5421 1532 5482 pro
1561 5402 1785 5482 expositione
1807 5403 1915 5464 Vien-
