4178 6196
887 437 1142 504 -93-

140 623 227 680 sulat.
253 621 355 697 Gyujt.
376 621 531 697 Ferenczy
550 621 648 698 Jakab
669 640 683 677 s
704 621 970 698 Danielidezsef.
1056 640 1152 703 1777,
1184 621 1273 702 prof.
1311 641 1358 699 14.
1391 622 1465 685 Iun.
1504 580 1798 705 1798,‘sacerdos
1831 628 1881 688 25.

140 728 221 784 Pest.
238 726 353 783 Emich.
375 723 465 799 1856.
483 724 525 783 8⁰.
544 742 560 782 2
579 740 599 782 t.
617 724 675 799 641
693 732 723 792 ÷
741 727 769 781 Χ
785 745 815 801 p.

227 837 330 910 Fiall
354 848 562 913 Antonius
585 848 839 932 (Scotensis),
866 859 971 913 natus

141 976 196 1029 est
211 966 373 1029 Viennae
394 968 429 1030 in
450 968 597 1031 Austria
618 969 675 1030 die
700 973 748 1032 13.
764 969 854 1033 Nov.
880 974 970 1034 1801.

141 1089 392 1152 Adcitus1822
416 1089 473 1152 die
499 1096 545 1154 13.
563 1089 643 1154 Oct.
665 1090 699 1173 in
720 1091 971 1153 monasterium

142 1212 183 1275 B.
199 1211 247 1275 M.
264 1211 307 1276 V.
325 1212 370 1274 ad
387 1209 515 1275 Scotos
532 1212 705 1294 Viennae,
727 1232 806 1275 cum
827 1217 873 1276 18.
892 1212 971 1277 Oct.

147 1339 225 1398 1825
247 1333 406 1397 sollemni
423 1343 585 1397 votorum
607 1334 798 1417 sponsione
819 1355 899 1398 sese
919 1347 972 1399 to-

141 1468 215 1520 tum
232 1456 434 1519 dedicasset
450 1456 538 1538 De0,
556 1457 613 1519 die
631 1478 681 1536 ²4·
698 1458 793 1540 Aug.
814 1462 892 1537 1827
910 1459 972 1519 ab·

142 1579 265 1642 solutis
289 1599 316 1642 s.
339 1578 541 1661 theologiae
563 1580 689 1641 studiis
710 1580 745 1642 in
765 1580 858 1642 alma
878 1580 972 1644 univ.

141 1702 295 1764 Vindob.
317 1705 508 1784 presbyter
528 1713 583 1765 est
606 1703 788 1766 ordinatus
812 1723 878 1766 nec
902 1723 973 1766 non

143 1826 200 1888 die
232 1829 260 1889 8.
287 1823 388 1905 Sept.
420 1825 579 1888 eiusdem
607 1825 689 1889 anni
718 1827 867 1907 primam
893 1826 972 1888 Deo

143 1948 271 2010 obtulit
292 1948 511 2011 incruentam
534 1949 697 2011 hostiam.
722 1949 972 2030 Cooperatoris

143 2072 271 2134 deinde
283 2069 401 2133 officio
413 2071 557 2134 functus
567 2082 622 2135 est
635 2076 802 2134 1828—30
812 2072 847 2134 in
857 2069 972 2135 Stam-

143 2193 331 2274 mersdorf,
360 2197 442 2255 1830
465 2213 551 2256 vero
575 2205 611 2256 et
639 2198 713 2256 1881
744 2193 778 2256 in
802 2194 972 2256 suburbio

143 2316 337 2378 Viennensi
351 2314 602 2397 Gumpendorf
612 2316 717 2379 dict0.
735 2316 840 2379 Unde
852 2315 888 2379 in
901 2335 972 2378 mo-

143 2439 336 2501 nasterium
348 2439 461 2500 redux
471 2447 630 2500 curatum
644 2439 972 2501 etconcionatorem

142 2561 217 2642 egit
233 2569 423 2640 strenuum,
448 2563 596 2622 obtento
618 2580 768 2623 unacum
791 2561 973 2624 sacristiae

143 2682 328 2744 directoris
344 2701 497 2745 munere.
523 2682 628 2744 Anno
640 2701 726 2744 vero
744 2687 825 2761 1840
840 2703 899 2745 rus
912 2685 973 2746 1111-

142 2803 261 2886 gravit
273 2805 318 2865 ad
331 2804 537 2884 parochiam
550 2803 585 2865 in
594 2803 831 2867 Martinsdorf
840 2814 876 2867 et
893 2810 968 2883 1841

143 2927 176 2989 111
196 2925 530 3007 Kleinengersdorf‚
555 2927 649 2987 unde
670 2946 781 3007 parvo
803 2927 973 3009 temporis

143 3048 259 3130 spatio
272 3047 456 3110 interiecto
466 3048 594 3110 missus
607 3049 716 3110 estad
727 3048 973 3111 administran-

144 3173 223 3233 dam
244 3171 426 3232 abbatiam
450 3172 494 3232 de
518 3170 633 3254 Telky
653 3171 688 3233 in
704 3171 890 3253 Hungaria
911 3191 975 3252 per

144 3302 216 3356 tres
239 3312 361 3374 annos,
387 3293 515 3374 quibus
538 3293 669 3375 elapsis
696 3299 776 3372 1844
801 3295 846 3355 ad
871 3313 975 3374 paro-

144 3417 257 3478 chiam
274 3416 308 3478 in
325 3415 650 3498 Kleinengersdorf
661 3436 826 3479 reversus
844 3416 975 3478 ibidem

145 3538 338 3600 animarum
359 3558 477 3599 curam
494 3537 617 3619 gessit,
641 3539 753 3600 donec
776 3543 856 3617 1849
873 3557 975 3618 paro-

145 3661 230 3722 chus
251 3660 414 3740 idemque
436 3659 701 3722 administrator
721 3660 757 3721 in
773 3659 975 3722 Breitenlee

146 3782 353 3864 designatus
366 3792 430 3844 est.
455 3783 561 3843 Anno
580 3786 657 3844 1855
671 3802 757 3844 vero
770 3783 883 3844 abbas
896 3802 975 3844 eum

145 3903 333 3986 parochiae
342 3905 388 3966 ad
398 3923 424 3967 s.
434 3904 675 3986 Aegidium‘in
688 3904 858 3966 suburbio
868 3902 976 3966 Gum-

149 4024 305 4106 pendorf
323 4025 506 4106 praefecit,
531 4046 636 4106 quam
665 4031 742 4088 1862
769 4043 848 4088 cum
872 4045 975 4106 paro-

145 4149 223 4211 chia
239 4148 443 4210 monasterii
461 4147 668 4210 immutavit.
686 4147 748 4212 Cui
762 4150 897 4212 muneri
914 4149 975 4211 1111-

146 4281 305 4333 mortuus
322 4280 377 4332 est
392 4274 421 4333 6.
440 4270 528 4351 Apr.
550 4275 641 4350 1807.

231 4392 344 4476 Typis
362 4392 488 4454 edidit:

231 4517 354 4592 Predigt
379 4517 427 4574 bei
452 4517 518 4573 dem
542 4516 706 4591 jahrlichen
732 4517 897 4574 Daukfeste
922 4517 976 4573 des

145 4621 653 4696 Handlungs·Kranken-lnstitutes
668 4623 697 4677 in
714 4622 766 4677 der
779 4621 905 4697 Kapelle
922 4621 976 4677 des

144 4727 213 4783 heil.
247 4725 485 4801 Schutzpatrons
519 4725 643 4801 Joseph.
678 4726 891 4799 Vorgetragen
928 4743 975 4780 am

144 4832 402 4905 Pstngstmontage
423 4831 480 4886 den
502 4845 549 4904 19.
567 4831 636 4905 May
657 4828 747 4902 1834.
770 4827 799 4907 (i.
817 4848 843 4885 e.
860 4829 976 4885 Concio

146 4939 175 4991 in
190 4954 288 4991 annua
304 4935 504 4991 sollemnitate
527 4936 660 4991 instituti·
674 4934 858 4990 infirmorum
878 4935 977 4990 socie·

144 5043 215 5096 tatis
239 5052 440 5096 mercatorum
465 5041 494 5095 in
519 5039 634 5116 capella
654 5041 815 5115 patronis.
833 5033 976 5114 losephi.)

144 5145 288 5212 Viennae,
310 5143 400 5216 1834,
418 5146 497 5219 typis
513 5144 625 5218 Congr.
643 5143 783 5201 Mechith.

1050 741 1155 807 Mart.
1183 747 1273 824 1800,
1293 742 1396 806 simul
1419 764 1498 806 cum
1517 743 1644 807 Mauro
1664 744 1798 808 Berndl
1821 765 1882 808 vo·

1051 874 1153 927 catus
1169 874 1233 945 est,
1254 874 1293 928 ut
1309 865 1459 946 primam
1475 867 1777 949 grammaticalem
1794 869 1882 930 0100-

1051 1004 1125 1046 sem
1153 987 1332 1068 gymnasii
1360 985 1644 1071 Salisburgensis
1672 989 1881 1071 susciperet.

1051 1108 1158 1170 Anno
1186 1112 1276 1191 1807,
1299 1120 1381 1191 post
1404 1110 1599 1174 discessum
1623 1111 1883 1175 concionatoris

1051 1230 1245 1292 academici
1270 1242 1307 1294 et
1328 1232 1541 1312 professoris
1564 1233 1604 1297 P.
1620 1233 1776 1296 Romani
1797 1233 1883 1296 Zan-

1051 1352 1160 1434 gerle,
1183 1353 1243 1434 qui
1267 1352 1457 1436 episcopus
1478 1353 1726 1418 Seccoviensis
1748 1355 1883 1418 electus

1051 1472 1177 1554 fuerat,
1196 1475 1228 1536 ei
1245 1476 1511 1538 exhortationes
1524 1477 1712 1559 religiosae
1725 1497 1789 1558 pro
1802 1497 1883 1540 aca-

1053 1595 1199 1658 demicis
1214 1597 1401 1659 habendae
1418 1608 1528 1678 erant,
1546 1599 1658 1661 donec
1673 1600 1741 1661 hoc
1756 1619 1883 1662 munus

1052 1717 1087 1778 vi
1111 1718 1245 1780 decreti
1272 1718 1362 1801 regii
1388 1719 1582 1801 professori
1609 1720 1779 1784 scientiae
1804 1721 1884 1783 reli-

1052 1838 1170 1920 gionis
1190 1859 1256 1920 pro
1273 1850 1422 1923 utroque
1439 1862 1543 1904 cursu
1560 1843 1806 1925 philosophico
1823 1846 1883 1906 de·

1053 1962 1297 2024 mandabatur.
1330 1964 1436 2025 Anno
1468 1969 1550 2027 1810
1576 1966 1738 2029 ascendit
1764 1967 1884 2028 cathe-

1054 2084 1153 2146 dram
1172 2085 1324 2165 poeseos
1346 2087 1404 2148 vel
1423 2087 1560 2168 primae
1581 2088 1705 2150 classis
1725 2087 1884 2151 humani-

1053 2205 1147 2286 tatis,
1165 2227 1280 2288 quam,
1298 2228 1376 2270 cum
1389 2210 1614 2292 gymnasium
1630 2220 1743 2273 totum
1759 2231 1883 2273 secun-

1054 2329 1136 2390 dum
1168 2330 1325 2392 ordinem
1357 2331 1392 2393 in
1420 2332 1575 2395 Bavaria
1602 2344 1687 2396 tunc
1714 2333 1883 2415 temporis

1053 2451 1222 2514 usitatum
1246 2454 1291 2515 ad
1317 2454 1484 2517 amussim
1505 2456 1753 2537 instrueretur,
1778 2456 1884 2519 0110111

1053 2573 1214 2637 obtinuit.
1239 2575 1345 2637 Anno
1367 2580 1445 2639 1815
1469 2577 1585 2639 iussus
1607 2588 1671 2659 est,
1695 2579 1729 2640 vi
1751 2578 1885 2641 decreti

1053 2695 1143 2777 regii
1155 2696 1322 2778 bavarici,
1335 2698 1413 2760 loco
1426 2699 1470 2762 D.
1481 2699 1592 2762 Iudae
1601 2700 1785 2763 Thaddaei
1798 2701 1884 2763 Zau·

1053 2835 1125 2898 1101,
1148 2817 1336 2880 consiliarii
1358 2817 1641 2903 Salisburgensis
1661 2822 1781 2903 aulici,
1805 2823 1886 2885 doc·

1053 2939 1139 3002 toris
1160 2948 1196 3002 et
1213 2939 1425 3020 professoris
1443 2962 1557 3023 nuper
1573 2943 1730 3006 defuncti
1748 2944 1884 3024 profes-

1054 3081 1171 3123 suram
1180 3062 1478 3126 historiaemundi
1487 3064 1697 3127 universalis
1707 3066 1884 3148 supplere,

1055 3203 1199 3247 munere
1215 3205 1279 3247 suo
1295 3185 1412 3266 priore
1429 3196 1577 3250 retento
1603 3187 1710 3250 Anno
1736 3191 1826 3268 1817,
1849 3187 1885 3249 vi

1056 3307 1331 3390 caesareo-regii
1352 3309 1486 3370 decreti
1513 3312 1554 3391 (8.
1571 3309 1687 3390 Febr.)
1713 3309 1745 3371 ei
1768 3309 1886 3391 provi·

1056 3427 1149 3490 sorio
1169 3430 1274 3491 modo
1298 3429 1556 3493 administratio
1580 3429 1827 3513 praefecturae
1851 3431 1886 3493 in

1056 3569 1085 3613 c.
1106 3570 1132 3614 r.
1156 3551 1343 3633 gymnasio
1369 3552 1501 3614 tradita
1526 3563 1590 3616 est.
1620 3551 1693 3616 Sed
1720 3573 1799 3616 cum
1826 3555 1886 3615 de·

1055 3669 1192 3734 finitivo
1213 3675 1318 3735 modo
1338 3674 1563 3756 gymnasium
1584 3677 1778 3738 secundum
1794 3677 1886 3739 ordi·

1056 3813 1135 3855 nem
1152 3795 1473 3878 caesareo-regium
1490 3797 1719 3860 Austriacum
1736 3799 1886 3861 instrue-

1055 3927 1161 3997 retur,
1177 3916 1418 3997 professuram
1434 3919 1576 4002 linguae
1591 3918 1751 3982 Graecae
1767 3939 1886 3982 susce·

1055 4039 1125 4119 pit;
1157 4041 1221 4102 sed
1246 4041 1312 4102 hac
1344 4041 1561 4123 conditione,
1589 4053 1628 4104 ut
1655 4042 1689 4104 in
1718 4044 1819 4124 lyceo
1848 4053 1886 4104 ut

1056 4170 1162 4224 antea
1177 4161 1436 4243 praelectiones
1449 4163 1636 4226 historicas
1653 4164 1884 4227 continuaret.

1056 4284 1225 4366 Tandem,
1249 4306 1280 4363 4.
1303 4285 1407 4349 Mart.
1436 4291 1531 4368 1819,
1555 4287 1719 4349 examine
1743 4287 1887 4367 publico

1056 4425 1120 4487 pro
1142 4407 1311 4469 cathedra
1333 4407 1502 4470 historiae
1523 4407 1732 4471 universalis
1753 4408 1887 4489 optime

1055 4539 1216 4609 peracto,
1242 4529 1393 4611 contigit
1415 4530 1496 4592 huic
1519 4529 1595 4591 viro
1621 4530 1783 4614 egregio,
1808 4530 1887 4592 Deo

1056 4649 1216 4732 favente,
1234 4651 1418 4733 gaudium,
1439 4660 1478 4713 ut
1500 4651 1595 4713 illam
1616 4650 1761 4715 definito
1782 4654 1888 4715 modo

1056 4772 1245 4853 acciperet.
1281 4772 1355 4837 Sed
1379 4773 1639 4855 praelectiones
1664 4775 1744 4838 illae
1771 4795 1888 4838 amoe-

1056 4913 1133 4973 nae,
1144 4894 1272 4976 quibus
1285 4904 1405 4958 noster
1417 4894 1724 4977 historiographus
1738 4897 1887 4959 clarissi-

1057 5035 1133 5077 mus
1160 5016 1341 5081 auditores
1369 5036 1452 5080 suos
1480 5018 1739 5102 delectaverat,
1766 5018 1888 5083 finien-

1058 5140 1125 5201 dae
1149 5149 1261 5220 erant,
1285 5160 1364 5203 cum
1390 5141 1639 5205 benevolentia
1665 5143 1889 5225 imperatoris

172 5298 179 5309 ·
230 5253 315 5326 Filz
334 5264 977 5348 MichaelFidelis(Michaelbu
1057 5260 1273 5324 Ferdinandi
1289 5262 1315 5324 I.
1337 5276 1373 5325 et
1397 5263 1650 5327 intercessione
1667 5264 1889 5329 reverendis-

147 5380 297 5468 ranus),
317 5383 489 5464 Bavarus,
510 5384 672 5448 Passavii
694 5393 797 5447 natus
823 5406 870 5447 12.
887 5385 976 5466 Apr.
1057 5383 1134 5444 simi
1145 5382 1316 5465 principis
1327 5394 1362 5447 et
1372 5385 1630 5467 archiepiscopi
1640 5384 1889 5471 Salisburgen-
