4178 6196
909 405 1189 473 -244-

178 596 341 650 votorum
365 608 403 651 se
427 590 620 653 obstrinxit
647 590 705 652 die
731 593 781 653 16.
802 589 891 671 Apr.
917 591 1008 667 1767.

178 709 251 772 Vix
267 710 325 773 die
342 732 393 775 22.
411 710 511 793 Sept.
533 732 614 792 1770
631 714 800 775 sacerdos
820 712 1009 794 inaugura-

178 841 235 894 tus
263 833 334 914 jam
362 834 408 895 ad
436 835 563 897 altiora
589 855 736 898 munera
762 845 913 898 vocatus
942 845 1007 898 est.

178 953 354 1035 Tempore
372 954 532 1020 Gallicae
549 958 743 1021 invasionis
763 978 833 1040 qua
850 958 1008 1020 decanus

182 1083 262 1158 1798
286 1078 321 1141 in
343 1078 570 1144 Germaniam
595 1084 806 1167 deportatus
826 1090 891 1144 est.
920 1080 1009 1143 Post

176 1199 357 1264 biennium
381 1202 416 1263 in
435 1202 640 1265 Helvetiam
663 1222 828 1265 reversus
852 1203 949 1285 prius
973 1201 1008 1263 in

177 1323 347 1403 parochia
362 1323 551 1406 Homburg
567 1325 717 1387 salutem
739 1324 934 1387 animarum
951 1343 1008 1385 co·

177 1443 251 1527 luit,
269 1446 381 1507 donec
403 1450 481 1508 1802
501 1448 546 1508 ad
562 1447 684 1509 Muros
705 1445 919 1528 perveniens
934 1466 1009 1508 rur·

178 1585 255 1627 surn
273 1566 400 1629 decani
417 1566 571 1630 officium
587 1569 702 1651 gessit
722 1588 835 1650 usque
852 1568 898 1630 ad
915 1567 1008 1629 diem

179 1707 229 1771 27.
243 1686 348 1752 Febr.
370 1693 462 1771 1810,
480 1710 551 1772 qua
567 1711 588 1752 a
605 1690 760 1771 capitulo
776 1692 890 1752 abbas
907 1689 1007 1772 eligi-

177 1817 243 1872 tur.
278 1810 367 1873 Post
393 1831 459 1873 sex
486 1832 597 1874 annos
625 1812 807 1895 regiminis
835 1811 923 1874 obiit
951 1811 1008 1873 die

177 1938 206 1996 3.
224 1931 303 1996 Oct.
326 1937 417 1995 1816.

264 2053 465 2136 Supersunt
481 2075 528 2118 ex
546 2056 621 2138 ejus
638 2056 794 2139 scriptis:

264 2182 286 2237 Ι.
312 2180 580 2238 Considerationes
604 2185 673 2258 piae
694 2200 750 2258 pro
771 2179 1008 2239 deliberantibus

176 2285 213 2342 de
227 2298 311 2341 certo
324 2288 405 2341 vitae
416 2299 506 2353 statu,
520 2298 563 2342 et:
578 2284 717 2342 Gewisse
730 2285 941 2361 Grundregeln
954 2286 1008 2344 des

176 2390 355 2464 geistlichen
367 2389 499 2447 Lebens.
517 2398 559 2463 4⁰.
576 2406 618 2464 40
631 2410 660 2467 p.
674 2392 703 2446 in
714 2390 787 2447 bibl.
802 2390 1007 2448 Muto-Grics.

176 2494 252 2551 Cod.
271 2511 300 2551 2.
318 2509 368 2566 23.

262 2599 299 2655 II.
323 2600 436 2655 Monita
456 2601 485 2654 in
507 2599 639 2675 capitulo
655 2597 771 2666 1116111,
797 2617 953 2656 sermones
978 2612 1008 2655 11

175 2703 402 2760 exhortationes
418 2705 530 2772 variae,
547 2703 619 2761 ibid.
637 2704 711 2761 Cod.
734 2720 758 2760 1.
781 2719 850 2760 111.

262 2808 315 2864 III.
326 2809 440 2877 Diana,
454 2808 755 2884 Correspondenzen,
769 2811 798 2864 in
811 2809 894 2864 arch.
905 2808 1007 2864 Muro-

179 2912 279 2969 Gries.
295 2912 332 2970 A.
350 2912 401 2968 III.
420 2912 470 2969 IV.
488 2913 568 2970 VIII.

264 3058 536 3132 Kodermann
576 3069 841 3132 Coelestinus
885 3069 1006 3153 (Lam-

177 3188 391 3270 bertinus)‚
416 3198 520 3250 natus
542 3198 597 3251 est
620 3189 655 3250 in
676 3189 834 3251 Laibach
857 3189 1007 3252 Carniae

179 3315 229 3374 25.
239 3311 344 3374 Febr.
359 3316 449 3373 1816.
466 3312 680 3374 Monachum
689 3311 804 3374 induit
812 3313 858 3373 ad
868 3333 894 3374 s.
904 3313 1007 3375 Lam·

178 3435 317 3496 bertum
339 3434 373 3495 in
390 3431 511 3516 Styria
532 3438 560 3496 8.
579 3431 678 3515 Sept.
704 3438 794 3496 1838.
819 3434 1007 3498 Absolutis

179 3556 305 3618 studiis
321 3556 532 3638 theologicis
543 3556 679 3619 Labaci
691 3566 728 3619 et
744 3557 779 3619 in
793 3558 1008 3620 monasterio

178 3677 416 3739 Admontensi
438 3677 620 3758 professus
642 3687 697 3741 est
718 3689 802 3741 vota
824 3679 1008 3742 sollemnia

183 3805 230 3864 16.
251 3801 314 3863 Iul.
341 3803 422 3877 1840
447 3810 482 3862 et
506 3810 693 3882 neomysta
717 3801 817 3863 stetit
840 3803 885 3863 ad
910 3822 1007 3864 aram

178 3926 206 3984 8.
221 3922 316 4003 Aug.
333 3921 491 3983 eiusdem
504 3921 596 3984 anni.
621 3922 749 3984 Tribus
762 3922 939 4003 prioribus
952 3942 1006 3984 sa-

177 4043 326 4108 cerdotii
360 4044 462 4105 annis
498 4043 532 4104 in
564 4044 779 4106 monasterio
813 4046 1004 4108 transactis

176 4177 443 4248 cooperatorem
460 4166 531 4244 egit
547 4167 582 4228 in
598 4165 713 4228 Maria
730 4165 806 4229 Hof
822 4172 1001 4250 1843-51,

177 4292 291 4352 donec
307 4298 496 4351 revocatus
513 4299 567 4351 est
585 4289 735 4370 domum,
761 4298 799 4352 ut
819 4290 1004 4353 bibliothe-

176 4433 253 4476 cam
275 4412 481 4475 monasterii
503 4412 539 4474 in
562 4411 741 4475 meliorem
768 4413 926 4475 ordinem
951 4434 1004 4476 re·

176 4535 333 4616 digeret,
361 4534 534 4615 simulque
559 4553 718 4596 museum
745 4554 876 4597 novum
901 4544 1002 4597 natu-

174 4656 247 4717 rale
264 4666 501 4736 componeret.
527 4656 663 4738 Quibus
683 4658 888 4720 muneribus
908 4659 1002 4720 omni

174 4798 254 4841 cum
283 4778 389 4839 laude
425 4779 598 4841 absolutis
630 4783 735 4843 rebus
765 4780 1002 4843 oeconomicis

172 4899 377 4984 praefectus
410 4912 479 4983 est,
508 4901 622 4984 iisque
643 4904 826 4984 hucusque
847 4913 1000 4983 praeest.

173 5023 309 5086 Edidit:

260 5151 282 5206 Ι.
307 5150 364 5206 Die
386 5151 479 5208 Kafer
500 5151 554 5208 der
573 5150 617 5208 St.
634 5150 854 5209 Lambrechter
874 5151 1002 5226 Gegend

172 5256 201 5310 111
215 5252 490 5313 Obersteiermark.
508 5253 537 5332 (i.
551 5274 577 5312 e.
591 5254 754 5312 Scarabaei
768 5259 902 5331 regionis
912 5257 1002 5313 Lam·

172 5357 309 5416 bertinae
321 5362 350 5415 in
363 5359 464 5434 Styria
477 5356 647 5438 superiori.)
664 5360 696 5416 In
710 5361 937 5436 Mittbeilungen
949 5361 1003 5418 des

1088 590 1489 650 naturwissenschaitlichen
1500 594 1649 651 Vercines
1663 594 1710 652 hir
1721 592 1923 661 Steiermark,

1088 710 1118 767 3.
1135 695 1209 753 Hest
1224 693 1317 775 (Graz
1337 696 1438 776 1865),
1456 718 1485 775 p.
1499 698 1664 773 89-123;
1681 698 1796 757 ebenso
1811 716 1841 773 4.
1851 699 1925 757 Helt

1088 797 1179 879 (Graz
1201 799 1291 880 1867)
1308 820 1337 877 p.
1354 800 1482 876 52-67
1500 803 1560 859 und
1576 819 1606 877 5.
1620 804 1694 861 Hest
1709 800 1802 881 (Graz
1820 802 1923 884 1868),

1087 924 1117 981 p.
1136 903 1275 979 56-60,

1175 1011 1212 1067 11.
1230 1011 1287 1067 Die
1304 1009 1558 1087 Schmetterlinge
1574 1014 1629 1070 der
1644 1011 1689 1070 St.
1703 1011 1923 1072 Lambrechter

1088 1113 1217 1189 Gegend
1234 1117 1263 1170 111
1279 1113 1553 1174 Obersteiermark.
1577 1115 1607 1197 (i.
1630 1137 1657 1174 e.
1679 1118 1854 1194 Papiliones
1874 1139 1923 1177 11·

1087 1221 1187 1293 gionis
1204 1219 1417 1277 Lambertinae
1440 1223 1469 1277 in
1485 1220 1587 1297 Styria
1608 1218 1781 1302 superiori.)
1803 1222 1839 1279 In
1853 1224 1922 1280 Mit-

1089 1323 1262 1399 theilungen
1274 1345 1302 1380 u.
1313 1344 1338 1381 s.
1347 1345 1385 1381 w.
1400 1341 1429 1398 5.
1440 1324 1513 1382 Heit
1525 1321 1617 1403 (Graz
1631 1323 1732 1406 1868),
1743 1346 1773 1403 p.
1782 1324 1922 1402 61-75.

1175 1442 1336 1525 Uterque
1361 1453 1536 1507 tractatus
1562 1445 1755 1528 separatim
1780 1464 1922 1529 quoque

1090 1565 1283 1646 Impressus
1299 1575 1364 1630 est.

1175 1688 1326 1770 Insuper
1339 1710 1444 1771 quarn
1457 1691 1626 1773 plurimos
1642 1692 1686 1754 de
1698 1693 1807 1755 rebus
1819 1710 1922 1754 oeco-

1089 1812 1236 1874 nomicis
1259 1822 1434 1875 tractatus
1458 1813 1746 1895 ephemeridibus
1769 1832 1921 1877 oecono-

1088 1933 1187 1995 micis
1204 1933 1360 2016 inseruit,
1378 1936 1587 2016 praesertim
1603 1935 1680 2017 illis,
1695 1936 1826 2017 quibus
1837 1936 1921 1999 titu-

1088 2057 1159 2118 lus:
1190 2055 1499 2138 ,Wochenschrist
1529 2060 1593 2120 der
1619 2057 1774 2122 steierm.
1802 2058 1920 2121 Land-

1087 2177 1579 2261 wirthschaftsgesellschaft“
1618 2189 1654 2242 et
1686 2178 1921 2262 ,Steirischer

1087 2300 1306 2365 Landbote“.

1175 2415 1485 2511 Konigsberger
1520 2428 1762 2491 Fridericus
1798 2430 1918 2510 Joan-

1087 2545 1797 2630 nesBaptista(Michaelburanus),
1812 2559 1917 2612 natus

1088 2665 1302 2750 Salisburgi,
1333 2689 1382 2747 19.
1406 2669 1511 2731 Mart.
1545 2674 1635 2751 1823,
1665 2669 1754 2751 prof.
1784 2692 1810 2735 1.
1836 2671 1916 2737 Oct.

1092 2793 1182 2869 1848,
1199 2809 1270 2852 sac.
1288 2811 1313 2852 1.
1327 2791 1421 2874 Aug.
1440 2796 1530 2871 1849.
1552 2792 1688 2856 Studiis
1704 2794 1916 2876 theologicis

1087 2911 1260 2974 absolutis
1277 2924 1426 2975 vocatus
1443 2925 1497 2977 est
1513 2915 1548 2977 in
1564 2916 1790 2998 gymnasium
1807 2914 1915 2981 Salis·

1087 3033 1192 3115 burgi
1204 3035 1250 3096 ad
1267 3036 1464 3098 docendam
1481 3038 1665 3120 mathesin,
1682 3059 1753 3121 quo
1769 3059 1914 3103 munere

1086 3155 1303 3238 fungebatur
1318 3160 1364 3219 ab
1381 3178 1473 3220 anno
1495 3163 1571 3221 1851
1592 3164 1766 3242 usquead
1783 3183 1913 3226 annum

1092 3282 1181 3358 1876.
1210 3278 1280 3341 Per
1298 3282 1553 3364 annosviginti
1569 3283 1772 3346 aedificavit
1790 3285 1826 3347 in
1842 3286 1913 3348 die·

1087 3403 1155 3464 bus
1179 3401 1363 3464 dominicis
1388 3403 1524 3466 animos
1548 3405 1715 3468 iuvenum
1738 3408 1913 3471 studioso·

1088 3543 1163 3585 rum
1177 3524 1494 3590 exhortationibus.
1510 3527 1667 3608 Tempus
1682 3529 1912 3594 recreationis

1088 3645 1261 3727 impendit
1288 3646 1355 3708 arti
1382 3648 1554 3731 apiariae,
1583 3650 1618 3712 in
1645 3670 1715 3731 qua
1738 3670 1810 3715 non
1832 3673 1911 3716 raro

1087 3770 1246 3831 alumnos
1267 3771 1468 3853 theologiae
1489 3772 1666 3836 instruxit.
1691 3774 1798 3838 Anno
1819 3782 1908 3860 1876,

1087 3892 1144 3954 (111
1174 3896 1220 3955 16.
1246 3889 1345 3972 Sept.
1374 3894 1487 3956 abbas
1516 3896 1719 3958 monasterii
1742 3897 1911 3963 Michael-

1086 4015 1211 4076 burani
1239 4016 1387 4096 electuS,
1428 4038 1453 4078 1.
1483 4015 1561 4080 Oct.
1592 4017 1833 4103 confirmatuS,
1876 4033 1911 4086 et

1087 4158 1136 4214 29.
1169 4137 1326 4199 eiusdem
1359 4139 1490 4201 mensis
1523 4140 1739 4203 sollemniter
1765 4142 1912 4208 investi·

1084 4266 1141 4319 tus
1158 4269 1222 4321 est.

1171 4380 1466 4461 Ephemeridibus
1497 4382 1830 4467 Salisburgensibus
1861 4388 1913 4451 in·

1084 4502 1211 4566 seruit:

1169 4629 1702 4705 Meteorologicasobservationeset
1712 4635 1911 4694 conlationes.

1168 4741 1412 4838 Kdrmendy
1456 4754 1654 4818 Camillus
1699 4758 1913 4825 Antonius

1083 4869 1145 4951 (de
1167 4889 1192 4931 s.
1209 4871 1349 4934 Monte
1372 4873 1634 4955 Pannoniae),
1660 4896 1713 4940 aa.
1730 4878 1764 4939 ll.
1782 4888 1818 4940 et
1833 4879 1913 4961 phi-

1082 4991 1266 5072 losophiae
1295 4995 1419 5057 doctor
1449 4995 1629 5060 facultatis
1659 4999 1785 5080 philos.
1819 5000 1855 5063 in
1883 5022 1911 5063 r.

1083 5112 1175 5174 univ.
1201 5114 1403 5178 Pestinensi
1428 5119 1646 5202 collegiatus,
1675 5120 1799 5203 Papae
1820 5141 1912 5188 com.

1083 5235 1287 5316 Veszprem.
1310 5238 1344 5300 in
1363 5239 1549 5323 Hungaria
1570 5242 1626 5305 die
1647 5249 1699 5306 31.
1716 5243 1803 5306 Maii
1828 5249 1910 5307 1803

1039 5414 1043 5438 ,
1082 5369 1197 5442 natus,
1219 5383 1246 5424 s.
1263 5362 1387 5425 habitu
1409 5363 1465 5424 die
1487 5368 1533 5426 15.
1553 5364 1630 5428 Oct.
1654 5370 1733 5444 1819
1753 5365 1911 5449 indutuS,
