4178 6196
895 458 1176 530 „225...

162 642 245 708 Suis
270 644 414 707 talentis
435 642 469 706 in
489 642 704 707 monasterio
721 662 759 705 se
777 642 951 724 distinxit,
972 663 994 705 a

162 764 388 847 parochianis
411 784 496 827 vero
523 775 563 827 ut
586 764 741 847 optimus
764 776 869 846 pater
892 765 993 847 spiri-

163 888 269 951 tualis
285 889 493 951 aestimatus
510 899 575 952 est.
599 888 734 951 Edidit:

250 1034 272 1090 I.
290 1032 511 1090 Bischoflicher
527 1033 739 1089 Katechismus
756 1032 802 1089 fur
818 1032 867 1088 die
879 1032 993 1089 Kinder

163 1139 217 1196 der
233 1153 333 1197 ersten
350 1139 469 1196 Klasse.
492 1134 521 1216 (i.
540 1157 565 1194 e.
583 1137 793 1194 Catechismus
810 1137 993 1213 episcopalis

162 1262 219 1319 pro
236 1241 369 1320 parvulis
385 1245 499 1319 primae
518 1238 647 1320 classis)
669 1240 767 1318 Typis
779 1243 911 1298 Murcus.
932 1248 992 1300 12⁰.

164 1364 204 1420 24
220 1367 250 1424 p.

250 1471 287 1527 ΙΙ.
304 1470 396 1526 Varia
417 1481 559 1546 poemata
574 1470 685 1525 Latina
706 1483 736 1525 et
753 1467 934 1526 Germanica
954 1467 992 1526 ab

162 1577 232 1650 ipso
248 1575 418 1649 composita
432 1586 649 1629 conservantur
663 1575 690 1628 in
703 1571 777 1630 bibl.
786 1573 992 1631 Muto-Gries.

161 1678 236 1736 Cod.
255 1694 283 1736 2.
306 1694 373 1751 114.

251 1843 992 1938 KellerVictor(San-Blasianus),na·

163 1984 220 2034 tus
237 1984 292 2035 est
305 1973 340 2035 in
353 1972 577 2057 Eneatingen
590 1974 625 2036 in
638 1994 768 2058 magno
781 1976 912 2038 ducatu
924 1975 993 2037 Ba·

164 2095 265 2157 densi
282 2095 339 2157 die
360 2116 407 2174 14.
424 2095 511 2158 Maii
532 2100 627 2176 17oo;
651 2115 678 2158 s
700 2097 823 2159 habitu
849 2097 993 2160 indutus

162 2216 197 2279 in
221 2216 304 2280 divo
328 2217 465 2292 Blasio;
490 2218 708 2281 sollemniter
727 2218 912 2300 professus
935 2219 993 2282 die

168 2344 215 2404 16.
236 2340 322 2403 Maii
351 2346 446 2421 1781;
475 2343 643 2405 sacerdos
670 2342 853 2405 ordinatus
881 2342 939 2405 die
963 2347 992 2405 3.

163 2460 264 2546 Sept.
278 2467 368 2543 1785.
385 2464 637 2547 Philosophiae
651 2475 686 2528 et
701 2465 904 2550 theologiae
921 2438 994 2528 stuss

83 2564 88 2573 ⁸
164 2585 231 2647 diis
251 2585 285 2647 in
309 2586 404 2648 univ.
416 2587 572 2649 Vindob.
594 2597 631 2649 et
652 2588 734 2650 divo
750 2587 872 2650 Blasio
889 2589 993 2649 abso-

162 2707 256 2788 lutis,
274 2729 300 2770 s.
318 2708 442 2771 habitu
458 2729 485 2772 s.
502 2709 690 2772 Benedicti
707 2709 860 2792 indutus,
878 2711 993 2773 adhuc

163 2830 317 2893 novitius
342 2833 496 2893 docebat
520 2831 673 2894 iuniores
698 2831 894 2896 confratres
917 2833 994 2916 phi-

163 2953 370 3034 losophiam,
396 2956 441 3015 ab
466 2973 558 3016 anno
588 2958 665 3033 1785
693 2956 861 3017 sacerdos
884 2955 994 3018 histo·

164 3076 250 3138 riam
272 3074 551 3140 ecclesiasticam
568 3075 675 3138 etius
692 3077 909 3139 canonicum.
933 3077 994 3140 Ad

163 3199 300 3261 litteras
309 3199 403 3262 omni
413 3200 530 3261 studio
540 3199 709 3282 incubuit,
719 3210 830 3262 totam
839 3199 995 3263 lustrans

164 3321 431 3394 bibliothecam;
446 3321 481 3383 in
493 3321 705 3404 „Germania
714 3323 835 3385 sacra“
846 3342 995 3385 exaran-

165 3446 210 3507 da
222 3445 389 3526 princeps
403 3446 516 3507 abbas
524 3445 699 3509 Martinus
709 3444 863 3510 Gerbert
872 3445 993 3526 voluit,

165 3578 203 3629 ut
226 3567 472 3650 episcopatum
493 3567 725 3650 Verdensem,
749 3567 995 3631 Eistadianum

164 3700 200 3752 et
213 3689 464 3773 Augustanum
477 3689 702 3752 scribendum
718 3689 926 3769 susciperet.
944 3689 995 3752 At

165 3813 328 3876 coenobii
344 3832 371 3876 s.
387 3811 500 3874 Blasii
516 3812 723 3894 suppressio
740 3811 994 3892 impedimento

165 3945 250 4017 erat,
269 3936 456 4017 quominus
472 3936 572 3998 labor
588 3945 737 4019 coeptus
754 3933 993 4019 perficeretur.

56 4043 61 4049 ’
165 4056 251 4120 Cum
275 4068 358 4138 post
383 4058 518 4120 obitum
542 4058 652 4140 princ.
675 4057 817 4120 abbatis
837 4058 994 4123 Mauritii

165 4181 222 4243 die
240 4202 268 4242 2.
285 4181 372 4244 Maii
393 4186 470 4244 1802
490 4181 704 4245 Bertholdus
719 4181 866 4246 Rottler
881 4185 995 4246 abbas

165 4302 367 4384 eligeretur,
389 4323 460 4365 non
480 4303 586 4385 pauci
603 4304 799 4367 confratres
819 4306 859 4369 P.
873 4305 995 4368 Victo-

165 4444 239 4486 rem
255 4421 435 4507 suffragiis
456 4425 529 4487 suis
545 4427 713 4488 abbatem
736 4445 857 4490 creare
874 4427 995 4490 volue-

164 4557 254 4612 runt.
279 4548 368 4611 Tum
393 4548 570 4631 parochus
591 4548 626 4611 in
647 4547 830 4631 Gurtweil,
857 4551 939 4613 dein
960 4549 995 4613 in

165 4669 382 4735 Schluchsee
398 4671 514 4733 laetus
527 4692 569 4734 ac
583 4681 771 4735 contentus
783 4673 919 4736 muneri
932 4693 996 4736 suo

165 4795 270 4869 vixit:
298 4806 518 4879 quapropter
538 4795 573 4857 in
597 4796 801 4877 parochiam
818 4796 996 4859 Wislikon

166 4920 201 4982 in
217 4919 384 4983 Helvetia
406 4918 562 4981 directus
583 4938 690 5001 aegre
710 4918 809 4982 abiit.
833 4917 869 4983 S.
886 4917 997 4980 Blasii

167 5041 398 5104 dissolutione
422 5040 491 5103 iarn
515 5041 737 5122 imminente,
761 5042 938 5122 parochus
962 5040 996 5102 in

167 5164 363 5246 Araugiam
376 5175 525 5226 vocatus
538 5163 595 5226 die
614 5164 773 5242 14.Febr.
792 5168 887 5236 1806;
906 5184 997 5245 quae

1032 2800 1035 2813 l

1036 5235 1038 5271 Ι

165 5287 307 5350 vocatio
325 5286 400 5349 eius
413 5287 532 5368 vitam,
549 5287 732 5370 cogitandi
748 5297 784 5351 et
797 5286 928 5370 agendi
944 5307 997 5349 ra·
1036 5288 1039 5395 !¹
1077 5307 1157 5350 nem
1175 5287 1209 5350 in
1226 5307 1265 5349 se
1282 5284 1483 5349 concitavit.
1507 5284 1659 5347 Demum
1675 5283 1787 5366 anniS,
1805 5294 1840 5346 et
1855 5284 1905 5345 la-

1073 642 1201 707 Libere
1214 643 1371 707 sentiens
1386 642 1503 706 multis
1513 641 1657 722 placuit,
1671 662 1755 705 mox
1768 642 1901 704 sodalis

1074 765 1329 828 commissionis
1346 764 1595 844 bibliothecae,
1616 774 1652 826 et
1672 763 1827 845 supremi
1848 783 1901 826 se-

1073 896 1178 950 natus
1202 888 1401 950 scholarum
1421 887 1508 969 pagi
1529 884 1787 968 Aargaviensis
1811 887 1902 949 elec·

1073 1018 1140 1090 tus,
1159 1008 1357 1089 potentium
1372 1008 1528 1071 virorum
1544 1006 1690 1070 Henrici
1707 1007 1901 1087 Zschokke,

1073 1130 1274 1213 philosophi
1290 1131 1454 1212 Traxler,
1476 1128 1728 1211 Sauerliinder,
1749 1128 1901 1211 Herzog,

1073 1255 1173 1335 Feer,
1191 1254 1219 1317 F
1222 1264 1318 1318 etzer
1333 1253 1524 1317 amicitiam
1541 1251 1627 1333 iniit,
1649 1272 1798 1333 quorum
1820 1271 1901 1313 con·

1073 1376 1261 1439 suetudine
1277 1376 1498 1458 pedetentim
1520 1375 1556 1438 in
1579 1375 1728 1438 liberum
1745 1384 1781 1437 et
1796 1373 1902 1436 ratio·

1073 1499 1273 1562 nalisticum
1296 1519 1439 1562 sensum
1464 1498 1666 1563 declinavit.
1690 1499 1796 1561 Anno
1822 1501 1899 1559 1812

1073 1621 1310 1684 ordinariatus
1331 1620 1614 1684 Constantiensis
1634 1640 1714 1683 eum
1738 1619 1902 1702 designa·

1073 1742 1125 1805 vit
1147 1743 1388 1824 episcopalem
1410 1743 1697 1824 commissarium,
1723 1743 1824 1824 isque
1847 1761 1901 1803 se·

1073 1864 1196 1946 quenti
1212 1886 1305 1928 anno
1321 1865 1437 1928 factus
1454 1877 1508 1928 est
1521 1885 1667 1948 praeses
1680 1864 1820 1948 collegii
1837 1884 1901 1945 pro

1073 1988 1237 2049 examine
1265 1989 1489 2051 sacerdotum
1520 1988 1605 2071 pagi
1633 1986 1901 2070 Aargaviensis.

1072 2109 1256 2192 Araugiae
1286 2110 1430 2191 (Aarau)
1459 2108 1647 2173 adornavit
1674 2111 1901 2191 opusculum:

1076 2232 1215 2314 ,Ideale
1231 2232 1286 2294 fiir
1299 2233 1366 2295 alle
1380 2230 1547 2314 stimet
1562 2244 1598 2295 et
1610 2232 1779 2313 plurimas
1792 2231 1901 2314 scrip-

1074 2354 1120 2417 sit
1136 2355 1462 2435 commentationes,
1482 2374 1544 2417 seu
1564 2355 1684 2437 potius
1701 2353 1901 2429 considera-

1073 2477 1189 2540 tiones
1201 2497 1266 2558 pro
1278 2477 1337 2538 illo
1350 2477 1534 2540 notissimo
1548 2496 1667 2559 opere,
1678 2477 1773 2558 quod
1782 2478 1827 2538 ab
1840 2497 1900 2538 an·

1074 2619 1119 2662 no
1135 2603 1214 2679 1809
1228 2602 1294 2662 sub
1307 2599 1427 2662 titulo:
1443 2598 1626 2682 ,Stunden
1639 2601 1702 2661 der
1714 2599 1901 2661 Andacht“

1073 2723 1192 2787 multis
1205 2722 1420 2807 editionibus
1432 2722 1529 2804 typis
1545 2722 1754 2804 impressum
1772 2731 1837 2802 est,
1854 2720 1904 2783 ita

1074 2858 1112 2909 ut
1139 2864 1229 2926 opus
1256 2846 1323 2908 hoc
1351 2843 1572 2927 potissimum
1599 2864 1645 2906 ex
1672 2842 1902 2906 concionibus

1074 2968 1348 3032 sacrisVictoris
1357 2967 1483 3030 Keller
1495 2976 1610 3029 ortum
1624 2977 1660 3029 et
1668 2965 1901 3046 compositum

1074 3091 1190 3154 fuerit.
1211 3091 1344 3154 Verum
1356 3089 1476 3153 multis
1489 3088 1557 3151 sibi
1574 3088 1724 3171 ingratis
1737 3086 1904 3168 offensus,

1075 3213 1280 3296 parochiam
1293 3213 1328 3275 in
1342 3213 1496 3275 Zurzach
1507 3212 1714 3295 appetebat,
1728 3209 1789 3271 ubi
1802 3207 1903 3270 simul

1076 3336 1232 3397 decanus
1256 3333 1401 3415 capituli
1425 3333 1674 3396 canonicorum
1695 3351 1722 3394 s.
1738 3331 1903 3393 Verenae

1076 3456 1210 3518 electus
1223 3464 1288 3518 est.
1306 3454 1393 3518 Cum
1406 3467 1523 3518 autem
1536 3453 1700 3536 sequenti
1716 3472 1808 3516 anno
1818 3451 1903 3514 Hel·

1075 3578 1171 3641 vetia
1184 3599 1203 3641 e
1217 3578 1373 3658 dioecesi
1385 3575 1649 3641 Constantiensi
1663 3576 1785 3639 excisa
1798 3584 1903 3656 esset,

1074 3700 1243 3764 Helvetia
1271 3700 1492 3762 discessurus
1515 3674 1776 3781 permutatione
1801 3716 1903 3779 paro·

1074 3822 1189 3885 chiam
1207 3821 1513 3886 Grafenhusanam
1530 3820 1732 3884 Badensem
1752 3819 1904 3882 obtinuit

1076 3955 1111 4008 et
1140 3946 1196 4008 die
1226 3950 1275 4008 26.
1296 3944 1386 4007 Nov.
1415 3947 1496 4006 1816
1521 3942 1618 4007 adiit.
1652 3940 1725 4006 Sed
1753 3939 1903 4005 Grafen-

1074 4067 1219 4131 husanis
1247 4066 1428 4149 displicuit
1456 4067 1531 4130 eius
1558 4065 1713 4128 novandi
1740 4063 1902 4142 studium,

1075 4202 1267 4274 propterea
1292 4191 1417 4254 iterum
1441 4191 1597 4272 migrans
1619 4186 1779 4249 consedit
1800 4204 1902 4266 paro·

1076 4315 1163 4378 chus
1191 4304 1226 4376 in
1253 4311 1533 4392 Pfaffenweiler,
1561 4308 1713 4372 maxime
1739 4310 1785 4370 ob
1813 4306 1902 4370 caeli

1076 4436 1283 4517 temperiem
1311 4444 1347 4496 et
1369 4433 1533 4496 viciniam
1558 4430 1724 4514 Friburgi
1747 4449 1826 4492 curn
1852 4429 1902 4490 bi-

1075 4557 1265 4620 bliotheca.
1289 4554 1405 4617 Etiam
1425 4555 1506 4616 huic
1527 4552 1717 4635 parochiae
1738 4559 1903 4632 praeerat

1076 4683 1190 4742 bonus
1207 4687 1339 4759 pastor,
1364 4676 1518 4738 muneris
1538 4674 1592 4736 sui
1613 4684 1735 4755 partes
1758 4692 1773 4753 7
1792 4690 1903 4735 annos

1076 4803 1170 4864 laete
1187 4810 1223 4862 et
1240 4799 1403 4881 alacriter
1419 4797 1579 4880 implenS,
1596 4795 1766 4876 frequens
1782 4793 1903 4857 visita·

1076 4925 1135 4984 tus'
1158 4941 1178 4983 a
1202 4921 1515 5002 Friburgensibus,
1531 4919 1571 5012 ¹in
1592 4917 1714 4998 primis
1736 4915 1903 4980 studiosis

1077 5042 1288 5125 theologiae,
1301 5042 1357 5105 hic
1371 5042 1477 5104 etiam
1489 5041 1632 5122 scripsit
1643 5037 1903 5122 „Catholicon“,

1078 5184 1147 5246 quo
1164 5165 1274 5228 multa
1291 5164 1512 5227 incommoda
1534 5173 1569 5225 et
1590 5163 1718 5224 malam
1734 5161 1904 5244 suspicio·

165 5408 296 5471 tionem
314 5409 418 5471 valde
440 5409 650 5473 immutabat
671 5419 706 5473 et
727 5410 997 5473 determinabat.
1037 5416 1040 5464 l
1077 5409 1224 5472 boribus
1251 5407 1433 5471 confectus
1457 5408 1544 5470 obiit
1569 5407 1626 5470 die
1651 5427 1679 5486 7.
1700 5409 1787 5470 Dec.
1814 5411 1904 5486 1827.

1649 5525 1680 5572 29
