4208 6194
835 493 877 501 -
924 456 1101 517 XXXIX
1149 494 1188 502 -

140 680 283 742 fortuna
299 680 525 743 Uhercicium
541 681 792 763 praepositura
816 703 880 744 usa
904 692 968 746 est.
1004 681 1143 762 PetruS,
1167 682 1311 745 ultimus
1335 684 1459 761 abbas,
1483 682 1719 764 Raigradium
1741 701 1780 745 se
1797 703 1878 745 con·

137 820 218 881 tulit
241 819 363 899 ibique
392 822 468 897 1541
504 829 663 882 mortuus
694 830 749 883 est
765 826 797 902 ¹).
844 821 1056 884 Presticium
1087 841 1191 903 vero,
1224 822 1319 902 quod
1351 821 1482 884 virtute
1513 823 1765 883 monachorum
1798 821 1876 884 Cla-

138 958 381 1021 drubiensium
413 979 484 1021 una
515 979 594 1021 cum
627 960 761 1041 oppido
796 962 954 1024 eiusdem
986 961 1137 1023 nominis
1169 981 1215 1023 ex
1246 961 1365 1022 cinere
1400 970 1662 1040 resurrexerat,
1702 965 1781 1039 1578
1812 981 1878 1043 per

134 1098 370 1178 Rudolphum
387 1097 430 1159 II.
455 1097 707 1177 imperatorem
730 1098 941 1161 dissolutum
965 1111 1029 1161 est.
1063 1096 1230 1161 Orlaviae
1247 1098 1411 1178 denique,
1436 1097 1587 1160 Silesiae
1610 1100 1749 1180 potenti
1767 1101 1876 1160 abba-

135 1237 219 1316 tiae,
242 1238 295 1298 ira
316 1236 522 1298 Wenzeslai
542 1237 672 1299 Adami
688 1237 896 1300 Teschenae
921 1238 1030 1318 ducis,
1057 1258 1161 1318 quam
1179 1238 1343 1299 Andreas
1368 1235 1576 1299 Burczinski
1601 1238 1715 1298 abbas
1738 1238 1875 1300 excita·

136 1384 237 1437 verat
254 1393 297 1436 ea
320 1394 368 1454 re,
393 1375 488 1455 quod
511 1375 656 1437 iniurias
679 1376 915 1439 multitudinis
938 1376 1117 1439 fanaticae
1142 1376 1357 1438 monasteria
1381 1375 1603 1438 devastantis
1629 1375 1673 1436 de
1697 1386 1875 1457 suggestu

136 1532 238 1574 sacro
263 1514 511 1594 adcusaverat,
540 1519 621 1576 1500
651 1514 761 1577 exitio
790 1526 867 1577 erat
882 1515 915 1595 ²).
961 1515 1109 1575 Frustra
1140 1514 1302 1576 monachi
1326 1514 1554 1576 Tiniczenses
1589 1514 1875 1577 intercesserunt.

136 1651 253 1732 lpsius
277 1652 502 1732 imperatoris
525 1654 719 1716 auctoritas
748 1674 817 1716 non
846 1664 983 1717 tantum
1007 1653 1135 1733 valuit,
1168 1663 1206 1715 ut
1237 1653 1489 1715 monasterium
1520 1651 1680 1715 funditus
1712 1673 1875 1716 eversum

136 1801 398 1852 restauraretur
410 1791 445 1872 ³).

267 1929 436 1992 Ordinem
459 1951 545 1992 vero
574 1951 644 1993 non
673 1932 890 1993 exstinctum
922 1952 1017 2012 esse,
1048 1931 1252 1993 Braunavia
1284 1933 1496 1992 documento
1525 1942 1597 2011 est,
1632 1931 1731 1992 cuius
1763 1933 1876 1993 abbas

135 2069 288 2130 Ioannes
319 2069 380 2133 ΠΙ.
417 2071 671 2150 (1553-1557)
695 2070 879 2132 -Policium
912 2071 1197 2152 praeposituram
1232 2070 1458 2150 recuperavit
1489 2080 1525 2132 et
1555 2070 1793 2152 Raigradium
1830 2073 1873 2133 de

136 2208 300 2270 Moravia
323 2211 414 2270 adeo
439 2210 611 2290 meritum,
642 2211 738 2291 quod
762 2220 923 2271 extremo
947 2211 1089 2271 saeculo
1114 2209 1251 2271 decimo
1276 2209 1399 2289 quinto
1423 2209 1666 2289 praepositum
1691 2209 1767 2271 sine
1792 2211 1874 2271 sub·

135 2347 219 2408 ditis
243 2349 417 2411 habuerat
440 2359 476 2410 et
504 2352 583 2426 1572
609 2346 759 2409 flammis
783 2349 948 2410 haustum
973 2358 1064 2428 erat,
1096 2347 1260 2410 restituit.
1308 2347 1430 2408 Aedes
1462 2367 1563 2408 sacra
1591 2346 1796 2409 monasterii
1828 2350 1873 2408 ad

135 2485 319 2550 Sazawam
343 2488 412 2549 iam
435 2507 501 2569 per
524 2486 723 2568 Matthiam,
746 2488 890 2549 Ioannis
913 2507 1190 2568 praecessorem,
1223 2486 1333 2549 cultui
1362 2486 1481 2548 divino
1512 2486 1669 2566 reddita,
1699 2486 1874 2566 simulque

135 2646 265 2688 novum
290 2626 541 2688 monasterium
564 2624 682 2686 missis
707 2625 948 2705 compluribus
971 2625 1148 2706 religiosis
1173 2625 1353 2688 conditum
1378 2635 1432 2688 est
1447 2627 1481 2706 ⁴).

265 2764 391 2844 Neque
415 2765 508 2826 bello
532 2764 601 2844 illo,
627 2784 696 2845 quo
721 2785 785 2845 per
807 2764 956 2846 triginta
978 2783 1090 2825 annos
1107 2762 1320 2826 Germaniae
1337 2773 1453 2825 terrae
1470 2764 1760 2843 devastabantur,
1778 2763 1872 2825 vires

133 2904 238 2964 huius
266 2903 471 2965 monasterii
500 2903 634 2966 fractae
666 2914 757 2965 sunt.
804 2904 878 2964 lam
907 2907 982 2964 1611
1012 2902 1252 2984 Wolfgangus
1280 2904 1393 2963 abbas
1422 2904 1659 2983 (moa—1619)
1685 2921 1767 2962 acer
1791 2900 1873 2961 fidei

133 3040 304 3103 defensor
325 3043 496 3123 templum
520 3045 566 3103 ab
589 3043 779 3104 haereticis
802 3040 1028 3104 aedificatum
1052 3042 1237 3103 clauserat.
1276 3040 1440 3122 Capitula
1457 3040 1638 3122 generalia
1659 3041 1765 3102 certis
1786 3051 1873 3101 tem·

134 3180 283 3260 poribus
306 3190 380 3242 turn
403 3182 643 3262 habebantur,
669 3201 784 3261 neque
809 3180 914 3242 inrita
937 3192 1038 3242 erant
1062 3199 1181 3242 eorum
1206 3181 1369 3253 decreta;
1398 3179 1490 3241 idem
1515 3179 1608 3241 enim
1630 3179 1873 3261 Wolfgangus

134 3320 268 3381 bullam
295 3320 570 3401 „Benedictina“
595 3330 739 3382 secutus
768 3327 848 3398 1004
872 3322 1039 3381 abbatem
1061 3318 1351 3381 Cladrubiensem
1373 3330 1408 3381 et
1429 3319 1464 3381 in
1485 3319 1647 3400 proxima
1670 3318 1873 3381 visitatione

134 3459 294 3536 generali
317 3461 467 3521 abbates
491 3479 517 3523 s
541 3460 707 3540 Procopii
731 3461 777 3520 ad
801 3458 994 3538 Sazawam,
1019 3457 1185 3538 Emausii,
1209 3457 1367 3520 Ostrovii
1390 3458 1468 3518 loco
1492 3456 1611 3518 movit.

267 3597 388 3677 Atque
412 3598 519 3659 etiam
536 3597 829 3679 Raigradienses,
855 3598 948 3678 quod
965 3617 1071 3659 unum
1089 3596 1302 3658 domicilium
1320 3595 1452 3657 ordinis
1469 3595 1504 3656 in
1520 3595 1683 3657 Moravia
1699 3595 1870 3676 reliquum

136 3746 227 3815 erat,
257 3736 382 3796 eodem
407 3736 524 3797 animo
547 3735 672 3815 fuisse,
704 3735 879 3797 seditione
911 3735 1032 3817 primis
1064 3733 1197 3796 saeculi
1228 3733 1371 3814 septimi
1402 3732 1528 3794 decimi
1560 3732 1662 3793 annis
1695 3733 1873 3794 concitata

136 3876 406 3954 comprobatum
431 3884 495 3955 est,
520 3893 734 3955 quamquam
759 3877 854 3954 (1024
880 3874 1031 3953 circiter)
1056 3893 1126 3935 non
1149 3875 1230 3954 plus
1253 3883 1326 3934 tres
1352 3872 1485 3933 incolas
1508 3872 1675 3934 habebat.

268 4010 356 4072 Cum
380 4031 465 4074 vero
488 4013 605 4074 medio
629 4014 772 4074 saeculo
796 4013 933 4074 decimo
958 4012 1110 4093 septimo
1128 4012 1234 4074 etiarn
1251 4010 1444 4072 Bohemiae
1461 4020 1497 4071 et
1512 4011 1696 4072 Moraviae
1719 4031 1793 4091 pax
1816 4011 1875 4071 diu

141 4150 348 4212 desiderata
379 4150 598 4234 adfulgeret,
630 4152 736 4213 etiam
767 4153 853 4213 ordo
884 4151 973 4213 fines
1004 4150 1200 4213 officiorum
1232 4151 1374 4233 longius
1404 4147 1564 4229 proferre
1596 4159 1632 4210 et
1662 4149 1808 4210 liberius
1840 4149 1875 4210 in

137 4310 257 4351 curam
283 4290 477 4352 animarum
501 4290 704 4352 incumbere
728 4291 855 4371 potuit.
897 4291 1024 4370 Itaque
1053 4290 1250 4371 disciplina,
1282 4311 1361 4352 cum
1389 4289 1601 4371 praeprimis
1624 4288 1756 4350 ordinis
1780 4288 1876 4367 capi-

139 4429 213 4490 tula
238 4439 274 4490 et
297 4428 520 4491 visitationes
544 4430 769 4508 haberentur,
794 4429 917 4511 vigere
941 4429 1068 4510 coepit.

270 4565 462 4629 Othmarus
479 4570 592 4629 abbas
608 4568 885 4629 Braunaviensis
903 4570 1141 4649 (1700—1738)
1159 4569 1266 4629 etiarn
1280 4569 1568 4647 Wahlstadtium,
1586 4586 1677 4647 quae
1694 4565 1876 4646 praeposi·

136 4717 217 4767 tura
236 4704 439 4786 Opatovicii
463 4704 590 4787 fuerat,
615 4707 699 4769 emit
716 4718 751 4769 et
767 4728 897 4770 novum
915 4707 1165 4770 monasterium
1183 4708 1361 4770 exstruxit
1382 4713 1460 4786 1738
1477 4707 1646 4769 fratribus
1663 4706 1877 4786 traditurus).

272 4948 292 5027 Ι)
318 4951 418 5006 lludik
442 4951 460 5008 l.
485 4973 511 5009 c.
536 4953 573 5008 ll.

272 5061 295 5140 ²)
319 5064 410 5120 Frind
433 5065 452 5121 Ι.
477 5086 503 5121 e.
528 5067 578 5122 IV.

270 5175 294 5255 ³)
318 5179 424 5252 Heyne
448 5179 466 5235 1,
492 5198 517 5235 c.

271 5290 295 5369 ⁴)
319 5291 493 5347 Chronicon
517 5293 743 5349 Biernoviense
767 5305 797 5348 et
820 5293 922 5348 Dudik
945 5293 963 5348 l.
989 5313 1015 5349 c.
1041 5294 1077 5349 Il.

272 5401 295 5480 ⁵)
319 5404 493 5460 Chronicon
518 5405 744 5460 Blevnoviense
768 5418 798 5460 et
823 5405 922 5460 Dudik
947 5405 964 5461 l.
991 5424 1016 5461 c.
1041 5405 1077 5460 ΙΙ.
