4178 6196
936 422 1192 490 ..(58--

192 622 405 705 Carinthiae,
437 621 632 705 Carniolae‚
665 623 953 687 Transsilvaniae
985 635 1022 688 et

190 745 441 808 Vratislaviae.

277 868 441 949 Excepta
461 867 639 949 Hispania
661 867 871 951 Portugalia
893 879 930 932 et
946 870 1020 932 An·

189 990 264 1073 glia
278 993 374 1053 haud
390 991 497 1062 ullam
513 990 675 1053 invenias
695 990 877 1072 regionem
893 992 951 1054 vel
966 1011 1020 1054 re·

189 1133 339 1196 gnorum
371 1113 591 1194 provinciam
616 1113 795 1195 Europae,
829 1133 935 1195 quam
965 1113 1020 1175 vir

190 1236 246 1297 ille
271 1235 524 1318 sagacissimus
551 1237 596 1297 ad
621 1237 778 1297 eruenda
805 1235 1019 1299 documenta

189 1358 382 1421 archivalia
412 1359 470 1420 ve]
501 1357 771 1440 archaeologica
801 1376 872 1420 non
901 1359 1018 1439 perlu-

189 1481 365 1544 straverit.
405 1479 485 1562 Qua
514 1479 650 1543 ratione
678 1478 806 1562 effecit,
838 1490 877 1543 ut
908 1500 1018 1562 opera

189 1604 264 1666 eius
284 1602 360 1665 fere
377 1622 500 1664 omnes
516 1603 690 1665 humanae
707 1601 879 1664 scientiae
895 1613 1017 1684 partes

189 1726 379 1808 attingant,
397 1744 545 1806 quorum
561 1723 671 1786 series
686 1725 776 1787 haec
792 1733 860 1787 est:

352 1921 390 1980 Α.
415 1917 693 1980 Dissertationes
717 1918 848 1981 variae.

187 2067 219 2138 a)
240 2066 272 2120 ln
293 2063 486 2140 ephemeride
507 2062 587 2119 edita
607 2081 626 2117 a
647 2063 700 2119 Dr.
722 2038 863 2139 Adolplio
885 2060 1017 2119 Schmidl

188 2169 244 2226 sub
261 2169 361 2224 titulo:
384 2167 686 2239 „Oesterreichische
703 2167 816 2223 Blatter
836 2165 882 2222 fiir
899 2167 1017 2223 Litera·

188 2288 236 2331 tur
252 2272 310 2329 und
329 2274 445 2328 Kunst“
465 2268 562 2347 (Folia
578 2271 678 2327 studio
695 2271 881 2327 litteraturae
898 2285 928 2328 et
943 2274 1017 2328 artis

295 2396 350 2454 per
365 2377 518 2432 Austriam
535 2374 749 2454 inservientia.)
765 2376 913 2433 Viennae:

275 2519 296 2573 l.
307 2517 529 2573 Kunstschatze
541 2534 595 2571 aus
609 2516 675 2572 dem
686 2515 815 2573 Gebiete
828 2515 881 2572 der
894 2516 1016 2572 Malerei

186 2625 215 2678 in
230 2623 365 2678 Mahren.
387 2617 416 2698 (i.
434 2639 460 2676 e.
478 2620 628 2676 Thesauri
650 2622 723 2676 artis
745 2623 892 2696 pictoriae
907 2622 936 2676 in
952 2621 1017 2677 Mo·

185 2724 290 2803 121111.)
307 2725 394 2781 Anno
416 2723 507 2796 1844.
524 2725 581 2780 Νο.
600 2723 737 2798 75-78.

272 2849 310 2905 11.
328 2849 385 2905 Die
401 2848 510 2903 letzten
520 2847 609 2921 Tage
621 2847 675 2903 des
688 2847 1015 2904 Panduren·Obersten

186 2954 281 3009 Franz
305 2954 446 3009 Freiherr
468 2971 527 3008 von
552 2951 606 3009 der
627 2952 733 3008 Trenk
755 2951 809 3007 aus
828 2951 895 3007 dem
917 2950 1016 3028 Spiel·

185 3058 280 3133 bcrge
300 3058 359 3114 und
380 3060 443 3115 sein
461 3058 648 3114 Testament.
673 3053 703 3134 (1.
725 3076 751 3113 e.
776 3057 911 3113 Extremi
935 3059 1015 3114 vitae

184 3163 248 3219 dies
264 3162 388 3219 baronis
404 3163 454 3218 Fr.
472 3162 577 3218 'l‘renk
593 3163 621 3216 in
638 3175 741 3217 castro
758 3159 920 3236 Spielberg
935 3164 1015 3218 eius·

183 3287 242 3342 que
260 3264 489 3344 testamentum.)
506 3265 595 3321 Anno
616 3263 706 3337 1845.
722 3266 779 3321 No.
802 3279 849 3337 13.

270 3390 321 3446 lIl.
343 3388 518 3462 Huldigung
541 3387 595 3443 des
620 3387 811 3461 Erzherzogs
832 3389 961 3445 Mathias
985 3391 1014 3444 in

183 3496 281 3550 Briinn
294 3493 339 3549 als
349 3491 543 3568 Markgralen
555 3510 616 3548 von
625 3491 750 3547 Mahren
764 3493 802 3548 im
815 3493 905 3568 Jahre
923 3491 1013 3550 1608.

182 3597 211 3677 (1.
225 3618 252 3656 e.
270 3597 495 3655 Sacramentum
513 3598 623 3654 dictum
641 3597 796 3654 archiduci
809 3598 940 3654 Mathiae
958 3618 1013 3654 ceu

182 3704 345 3760 marchioni
361 3705 526 3759 Morauiae.
551 3703 667 3758 Brunae
692 3721 770 3758 anno
798 3699 901 3781 1608.)
924 3703 1012 3760 Anno

186 3807 275 3881 1845.
292 3809 349 3864 Νο.
370 3807 440 3864 118.

266 3914 316 3970 IV.
348 3911 526 3969 Schicksale
552 3912 607 3968 der
634 3912 843 3970 katholischen
870 3912 1011 3987 Religion

179 4019 238 4075 und
259 4019 340 4075 ihrer
361 4017 519 4074 Bekenner
538 4019 567 4073 in
587 4017 641 4073 der
662 4018 691 4074 k.
713 4017 936 4093 Grenzsestung
957 4018 1010 4074 Ol·

179 4130 257 4179 miitz
278 4122 421 4179 wahrend
443 4121 498 4178 der
518 4121 747 4177 schwedischen
768 4121 948 4179 Herrschast
971 4123 1009 4178 im

176 4228 267 4305 Jahre
287 4224 507 4300 1642-1650.
525 4223 591 4304 (ie.
604 4227 690 4293 Fata,
704 4245 782 4301 quae
799 4246 947 4302 perpessa
963 4240 1010 4284 est

178 4333 285 4407 religio
302 4331 450 4389 catholica
463 4333 588 4406 eiusque
601 4329 738 4386 asseclae
751 4333 781 4386 in
793 4331 920 4388 castello
934 4330 1008 4388 Olo-

177 4439 310 4494 mucensi
323 4432 503 4515 [Eburensi]
518 4434 643 4491 durante
658 4437 859 4511 occupatione
868 4433 1007 4504 Suecica,

175 4546 261 4599 annis
282 4538 574 4618 1642-50.)Α1111ο
596 4536 686 4612 1846.
702 4540 759 4595 No.
776 4554 826 4612 ²4·
845 4553 896 4612 27.

262 4665 298 4722 V.
315 4665 372 4721 Ein
385 4662 618 4737 Mordanschlag
630 4660 684 4717 aul
694 4663 803 4717 Kaiser
815 4661 974 4737 Napoleon
984 4663 1006 4718 l.

176 4772 204 4825 in
220 4771 319 4825 Briinn
341 4768 430 4842 1805.
447 4765 476 4846 (1.
490 4787 517 4825 e.
535 4768 581 4823 De
595 4765 722 4823 consilio
739 4767 871 4823 scelesto
887 4768 961 4823 inito
978 4769 1007 4823 in

175 4876 386 4951 imperatorem
403 4874 608 4950 Napoleonem
621 4873 644 4929 I.
660 4873 789 4941 Brunae,
811 4869 914 4951 1805.)
930 4871 1006 4929 lbid.

174 4979 230 5035 Νο.
248 4978 300 5036 82.

260 5084 310 5140 VI.
321 5084 572 5160 Correspondenz
582 5082 759 5138 Wladislaw
768 5082 819 5139 lV.
831 5101 893 5138 von
901 5082 1004 5138 Polen.

173 5184 202 5264 (1.
220 5207 246 5244 e.
263 5187 482 5245 Commercium
505 5187 699 5264 epistolarum
716 5187 861 5244 Vladislai
878 5188 929 5245 IV.
946 5187 1004 5242 Po·

171 5293 270 5349 loniae
297 5295 378 5367 regis
406 5291 445 5349 ab
472 5311 551 5348 anno
580 5289 769 5369 1632-48.)
796 5291 884 5348 Anno
912 5291 1002 5365 1847.

171 5397 228 5452 No.
247 5395 318 5469 285.

1188 629 1253 687 Vll.
1268 630 1372 687 Etwas
1385 630 1461 687 iiber
1474 631 1522 687 die
1535 630 1723 708 Einlfihrung
1735 634 1789 690 des
1802 634 1932 691 Triden-

1102 736 1210 791 tinums
1223 737 1252 790 in
1265 734 1379 791 Betreff
1387 735 1441 791 der
1454 736 1539 791 Ehen
1553 739 1581 792 in
1595 737 1728 794 Mahren.
1746 735 1774 816 (i.
1789 757 1815 797 e.
1829 740 1932 808 Quae·

1101 838 1169 895 dam
1190 838 1228 895 de
1244 839 1466 897 introductione
1487 841 1704 898 resolutionum
1726 844 1843 899 concilii
1860 843 1931 899 Tri·

1101 943 1212 999 dentini
1237 963 1299 1001 rem
1328 947 1504 1001 matrimonii
1530 947 1558 1001 in
1581 947 1718 1002 Moravia
1741 945 1931 1026 spectantia.)

1100 1048 1176 1106 lbid.
1193 1050 1248 1106 No.
1268 1065 1340 1123 ²93·
1634 1040 1640 1050 ”

1185 1154 1266 1210 VllI.
1295 1153 1359 1209 Das
1387 1152 1459 1210 Stilt
1486 1154 1619 1229 Raigern
1646 1174 1702 1210 vor
1733 1156 1931 1212 achthundert

1097 1258 1218 1334 Jahren.
1240 1255 1269 1336 (1.
1287 1277 1313 1315 e.
1335 1259 1382 1315 De
1399 1262 1584 1315 monasterio
1602 1260 1820 1335 Raigradiensi‚
1841 1262 1929 1336 quale

1098 1377 1167 1419 ante
1180 1377 1251 1419 octo
1265 1364 1387 1420 saecula
1400 1363 1509 1442 luerit.)
1522 1364 1610 1421 Anno
1625 1364 1714 1438 1848.
1724 1367 1780 1422 Νο.
1791 1365 1929 1438 83-85.

1184 1467 1929 1542 lX.DieGegenrelormationinBohmen.Wider·

1097 1573 1209 1647 legung
1231 1572 1285 1630 des
1306 1573 1548 1648 gleichnamigen
1565 1575 1683 1630 Buches
1705 1593 1765 1629 uon
1787 1575 1826 1630 lvl.
1844 1575 1929 1631 Chri·

1097 1679 1174 1732 stian
1191 1676 1247 1733 Ad.
1265 1677 1411 1733 Peschek.
1434 1678 1583 1741 Dresrlen,
1610 1677 1700 1750 1844.
1724 1675 1752 1754 (1.
1770 1697 1796 1734 e.
1819 1678 1928 1734 Refor-

1097 1782 1188 1837 matio
1211 1780 1341 1838 adversa
1361 1784 1389 1837 in
1410 1783 1561 1846 Bohemia,
1582 1781 1723 1838 refutatio
1742 1782 1832 1838 libelli
1854 1783 1928 1839 tituli

1097 1886 1231 1942 eiusdem
1245 1886 1314 1942 editi
1328 1906 1345 1941 a
1358 1888 1397 1942 M.
1412 1887 1481 1943 Chr.
1496 1887 1643 1943 Peschek.
1661 1887 1807 1953 Dresdae‚
1826 1885 1929 1964 1844.)

1098 1989 1172 2047 lbid.
1189 1991 1246 2047 No.
1268 1990 1445 2063 138—144.

1123 2148 1155 2223 b)
1173 2149 1206 2204 In
1225 2148 1419 2223 „Zeitschrilt
1438 2149 1492 2205 des
1513 2146 1710 2205 bdhmischen
1726 2149 1899 2206 Museums“

1200 2260 1213 2283 *
1234 2251 1461 2332 (Commentarii
1479 2256 1592 2309 musaei
1608 2251 1789 2331 Bohemicil:

1184 2386 1221 2442 X.
1238 2385 1373 2459 Vertrag
1389 2386 1539 2441 zwischen
1557 2386 1665 2441 Kaiser
1681 2385 1795 2442 Rudoll
1809 2387 1846 2442 lI.
1867 2386 1927 2442 und

1098 2490 1271 2564 Erzherzog
1297 2489 1427 2545 Mathias
1455 2491 1492 2545 im
1518 2490 1608 2565 Jahrc
1641 2487 1731 2546 1608.
1763 2486 1792 2567 (1.
1821 2509 1847 2546 e.
1880 2491 1927 2545 De

1097 2596 1238 2669 pactione
1266 2596 1345 2650 inter
1373 2592 1564 2669 Rudolphum
1594 2594 1630 2649 ll.
1659 2595 1869 2669 imperatorem
1897 2607 1928 2650 et

1096 2698 1286 2755 archiducem
1303 2699 1444 2754 Mathiam
1461 2717 1540 2754 anno
1562 2696 1652 2754 1608.
1669 2698 1816 2754 ldiomate
1829 2700 1928 2755 Bohe·

1096 2799 1196 2881 mic0.)
1213 2804 1339 2877 Pragae.
1357 2821 1436 2858 anno
1457 2801 1548 2874 1845.

1170 2962 1199 3035 c)
1218 2961 1277 3016 Per
1297 2961 1482 3036 „sectionem
1500 2961 1848 3016 historico-statisticam

1402 3067 1617 3122 Brunensem“.

1181 3197 1233 3253 XI.
1258 3198 1393 3254 Chronik
1415 3197 1470 3253 der
1493 3196 1581 3252 Stadt
1603 3197 1722 3254 Olmfitz
1746 3215 1814 3253 vom
1833 3196 1925 3270 Jahre

1099 3299 1178 3375 1619
1196 3301 1255 3358 und
1272 3300 1362 3359 1620.
1380 3298 1409 3380 (1.
1423 3321 1449 3359 e.
1467 3302 1639 3359 Chronicon
1656 3304 1786 3358 civitatis
1799 3301 1924 3358 Olomu·

1095 3409 1194 3463 censis
1207 3405 1245 3463 ab
1258 3426 1336 3463 anno
1355 3405 1544 3483 1619-20.)
1560 3408 1687 3475 Brunae,
1705 3406 1795 3480 1851.
1810 3407 1852 3464 8⁰.
1865 3408 1924 3462 lm·

1094 3513 1196 3587 pensis
1213 3511 1345 3568 eiusdem
1363 3513 1518 3568 societatis
1535 3512 1706 3569 historicae.

1179 3618 1246 3672 Xll.
1257 3615 1538 3673 Sammel·Chronilt
1549 3636 1608 3673 von
1621 3617 1749 3673 Olmiitz.
1760 3615 1789 3696 (i.
1797 3636 1823 3674 e.
1834 3615 1922 3673 Sum-

1092 3721 1189 3776 mulae
1203 3722 1362 3778 chronicae
1371 3718 1606 3799 Olomucensis.)
1616 3721 1779 3778 Extractus
1789 3721 1827 3778 de
1837 3721 1922 3779 libel·

1091 3826 1127 3882 lis
1144 3826 1231 3882 editis
1247 3825 1286 3883 ab
1304 3824 1408 3882 eadem
1425 3827 1573 3882 societate
1590 3824 1646 3881 sub
1663 3826 1764 3882 titulo:
1787 3827 1922 3900 „Fontes

1091 3930 1128 3986 ad
1157 3931 1311 3987 historiam
1335 3932 1491 3987 llloraviae
1518 3949 1554 3986 ac
1577 3928 1704 3987 Silesiae
1728 3945 1821 3990 ausu.
1845 3931 1918 3988 dit.“

1090 4032 1376 4113 (Quellenschrilten
1403 4056 1456 4092 zur
1480 4034 1664 4093 Geschichte
1692 4036 1833 4092 Mahrens
1862 4036 1921 4092 und

1090 4140 1266 4196 osterreich.
1284 4137 1479 4218 Schlesiens.)
1496 4141 1623 4206 Brunae,
1644 4139 1733 4213 1858.
1751 4142 1807 4197 Νο.
1825 4139 1875 4198 61.

1175 4246 1257 4301 Xlll.
1275 4246 1335 4300 Zur
1350 4243 1754 4302 Wiedertauler-Literatur.
1771 4242 1801 4323 (1.
1814 4265 1841 4302 e.
1860 4247 1921 4302 Res

1088 4351 1233 4406 litteraria
1245 4347 1524 4428 anabaptistarum.)
1540 4350 1573 4404 ln
1587 4363 1669 4405 tomo
1682 4350 1761 4406 XIV.
1776 4351 1921 4426 plagella-

1088 4475 1152 4511 rum
1169 4455 1363 4531 supradictae
1376 4457 1532 4511 societatis
1544 4457 1662 4510 Brunae
1679 4453 1757 4528 1865
1772 4455 1918 4512 editarum

1087 4580 1117 4637 p.
1133 4573 1211 4632 372:
1228 4560 1288 4616 duo
1305 4561 1508 4636 manuscripta
1524 4561 1618 4615 musei
1634 4559 1920 4617 Bruckenthalensis

1088 4665 1195 4722 Cibinii
1220 4661 1306 4742 (iiber
1332 4666 1405 4721 zwei
1430 4664 1664 4721 Handschristen
1686 4665 1740 4720 des
1763 4665 1918 4721 Briicken·

1088 4769 1253 4826 thal’schen
1274 4771 1427 4825 Museums
1452 4770 1480 4824 in
1505 4766 1762 4846 Hermannstadt);
1788 4788 1817 4845 p.
1838 4769 1917 4842 5821

1087 4872 1146 4930 duo
1164 4875 1368 4950 manuscripta
1383 4872 1586 4930 bibliothecae
1603 4875 1807 4930 universitatis
1820 4872 1918 4930 Grac·
1951 4927 1954 4932 ,

1086 4982 1199 5046 censis;
1225 4999 1253 5055 p.
1270 4978 1349 5052 389:
1374 4977 1434 5033 duo
1456 4980 1660 5054 manuscripta
1679 4977 1774 5034 fidelis
1795 4977 1918 5054 capituli

1085 5083 1308 5159 metropolitani
1327 5083 1548 5139 Olomucensis

1172 5188 1251 5245 XIV.
1273 5188 1375 5246 Ueber
1398 5187 1451 5243 das
1472 5188 1720 5263 Capitel·Archiv
1743 5189 1771 5243 in
1797 5187 1917 5243 Olmiitz

1085 5293 1143 5348 und
1160 5291 1236 5349 iiber
1255 5294 1311 5350 Ms.
1332 5293 1386 5349 des
1406 5293 1605 5366 ungarischen
1626 5291 1919 5348 Nationalmuseums

1085 5399 1113 5452 in
1128 5398 1207 5454 Pest.
1225 5396 1254 5474 (i.
1272 5417 1298 5455 e.
1317 5400 1363 5455 De
1380 5398 1503 5455 archivo
1520 5397 1641 5473 capituli
1659 5397 1871 5453 Olomucensis
1888 5410 1918 5453 et
