4178 6196
909 445 1192 516 ..144-

267 635 333 693 VII.
350 634 574 692 Verschiedene
590 633 753 709 Predigten
769 632 822 690 aui
834 632 934 690 Sonn·
949 628 1009 690 und

180 741 324 815 Festtage
340 737 429 796 nebst
444 741 541 796 einem
553 738 743 814 Vorschlage
759 738 813 795 das
825 737 1010 814 Predigtamt

180 827 215 900 zu
239 844 418 901 erleichtern
441 843 501 899 und
525 845 620 901 einem
644 842 801 900 Entwurle
827 845 910 900 einer
933 843 1009 899 voll-

180 950 339 1024 standigen
354 949 578 1006 Christenlehre
600 947 648 1004 fiir
667 949 721 1005 das
741 947 910 1005 Landvollc.
935 944 964 1026 (i.
982 966 1009 1005 e.

181 1054 345 1110 Orationes
361 1071 467 1110 sacrae
487 1052 597 1109 additis
618 1053 789 1129 praeceptis
810 1051 1009 1109 concionandi

180 1172 211 1214 et
225 1156 368 1215 brevibus
388 1159 628 1215 exhortationum
648 1175 706 1232 pro
729 1157 850 1214 rusticis
873 1156 1009 1233 descrip-

180 1260 332 1342 tionibus.)
344 1262 518 1338 Augsburg‚
536 1259 626 1336 1776.
639 1267 682 1335 4⁰.
695 1261 799 1318 Altera
811 1260 904 1318 editio
917 1275 1007 1335 1777.

179 1366 242 1441 498
260 1387 289 1444 o·

265 1472 346 1529 VIII.
363 1473 395 1530 P.
412 1470 721 1533 ZachariasLaselve
738 1470 923 1528 sammtliche
935 1471 1007 1528 Pre-

179 1576 281 1652 digten
297 1574 350 1632 aui
362 1576 420 1632 alle
436 1574 534 1632 Sonn·
550 1575 609 1631 und
625 1576 780 1650 Festtage,
797 1577 854 1632 wie
869 1575 945 1632 auch
962 1573 1008 1631 iilr

179 1681 237 1738 den
249 1680 369 1737 Advent
385 1680 443 1736 und
456 1680 504 1736 die
516 1681 540 1736 F
542 1693 638 1737 asten.
655 1676 684 1757 (i.
695 1699 722 1737 e.
731 1680 863 1737 P.Zach.
877 1680 1008 1737 Laselve

179 1787 333 1842 orationes
357 1802 463 1841 sacrae
479 1783 662 1841 Germanico
686 1783 827 1841 idiomate
851 1782 1008 1864 redditae.)

179 1890 366 1955 Uebersetzt‚
387 1887 583 1965 abgeandert‚
605 1889 681 1945 nach
704 1889 770 1946 dem
787 1888 929 1964 heutigen
945 1887 1007 1946 Ge·

179 1995 549 2069 schmacbeingerichtet.
570 1994 598 2049 II
615 1995 697 2050 torni.
719 1992 893 2069 Augsburg‚
916 1991 1006 2068 1778.

177 2099 219 2157 8⁰.
241 2099 330 2156 I‘om.
347 2100 370 2156 I.
387 2115 449 2172 414
467 2118 507 2175 p.‚
526 2113 596 2156 tom.
614 2099 652 2155 II.
668 2113 729 2171 432
749 2117 778 2174 p.

263 2205 315 2260 IX.
341 2204 501 2261 Poetische
522 2202 688 2260 Bittschriit
711 2222 748 2260 an
772 2202 825 2260 der
846 2205 1006 2260 Kaiserinn

177 2310 328 2384 Koniginn
344 2308 484 2384 Majestat
504 2327 552 2364 um
573 2307 809 2384 allergnadigste
829 2307 1005 2382 Ertheilung

176 2414 259 2470 einer
275 2413 443 2487 jahrlichen
464 2414 594 2470 Pension
615 2412 662 2469 flir
682 2415 765 2470 seine
781 2414 892 2469 Mutter
908 2412 1005 2468 Elisa·

175 2514 247 2573 beth
275 2532 332 2574 etc.
364 2513 393 2596 (i.
421 2537 448 2574 e.
476 2517 612 2575 Libellus
641 2517 768 2594 supplex
799 2519 937 2593 poeticus
967 2516 1005 2573 ad

175 2623 417 2696 augustissimam
438 2624 658 2698 imperatricem
679 2624 803 2678 Mariam
825 2622 1005 2678 Theresiam

175 2745 232 2802 pro
249 2724 412 2783 obtinenda
428 2729 513 2783 matri
536 2729 682 2802 pensione
704 2724 823 2806 annua.)
848 2725 1006 2783 Gedruckt

176 2833 228 2888 mit
243 2828 457 2888 Schulz’schen
473 2829 634 2889 Schriften.
657 2829 746 2904 1756.
764 2827 807 2888 8⁰.
824 2847 843 2903 4
860 2850 889 2906 p.

261 2936 298 2993 X.
307 2933 558 2992 Toleranz·Bibel
568 2933 815 2992 oderHausbuch
826 2934 873 2991 stir
884 2934 932 2990 die
941 2933 1004 2990 drei

175 3039 367 3097 christlichen
384 3040 563 3115 Religionen
579 3039 657 3096 ohne
674 3038 883 3105 Unterschied,
905 3040 934 3094 in
951 3037 1004 3094 der

175 3143 401 3221 Volkssprache
417 3142 626 3220 geschrieben.
644 3141 673 3222 (i.
687 3163 713 3201 e.
728 3143 823 3201 Biblia
839 3161 895 3219 pro
909 3141 1004 3200 tribus

175 3250 345 3307 christianis
361 3247 559 3325 religionibus
577 3253 773 3332 communiter
786 3247 958 3324 usurpanda
974 3260 1005 3304 et

175 3374 314 3412 sermone
330 3356 447 3429 vulgari
463 3351 599 3433 scripta.)

261 3461 422 3517 Praeterea
442 3460 675 3535 manuscriptam
696 3459 817 3534 reliquit
837 3459 914 3515 hanc
934 3477 1003 3514 ora·

175 3565 300 3620 tionem:
322 3564 397 3620 Eine
418 3563 601 3639 vollstandig
617 3562 860 3638 ausgearbeitete
877 3563 1008 3620 Kanzel··

175 3667 246 3725 rede
268 3668 343 3726 iiber
363 3668 418 3725 das
439 3687 515 3737 neue
536 3668 681 3725 deutsche
697 3667 902 3725 Schulwesen.
925 3665 954 3746 (i.
976 3686 1002 3724 e.

175 3772 281 3829 Oratio
295 3773 332 3830 de
342 3775 461 3830 noviter
473 3775 635 3830 constituta
647 3792 680 3829 re
693 3770 898 3850 scholastica.)
912 3771 1002 3846 1780.

261 3918 440 3993 Gretsch
456 3931 668 3994 Adrianus
686 3929 943 4013 (Scotensis),
966 3931 1002 3993 in

174 4049 254 4111 aula
276 4046 462 4112 Scotorum
482 4048 718 4112 Vindobonae
741 4058 846 4113 natus
871 4049 928 4111 die
954 4071 1000 4112 11.

174 4170 253 4236 Oct.
285 4174 363 4252 1753
393 4171 556 4233 minimus
582 4182 669 4235 natu
696 4172 788 4234 Inter
815 4191 898 4235 suos
925 4182 1001 4235 erat

173 4294 311 4376 fratreS,
333 4314 481 4376 quorum
498 4304 649 4376 quatuor
669 4295 926 4357 sacerdotalem
948 4315 1002 4358 or-

173 4418 290 4481 dinem
303 4417 409 4501 idque
422 4428 495 4480 tres
508 4417 544 4480 in
561 4417 774 4481 monasterio
788 4419 828 4482 B.
841 4417 888 4480 M.
899 4418 942 4483 V.
957 4420 1002 4481 ad

174 4540 302 4605 Scotos
312 4541 816 4623 amplectebantur.Adrianus
825 4560 908 4603 mox
917 4543 1003 4604 adu·

174 4665 312 4727 lescens
329 4664 583 4746 septemdecim
595 4684 774 4746 annorum,
792 4684 871 4727 cum
883 4665 1003 4727 excul-

174 4796 231 4848 tus
244 4797 340 4849 esset
353 4807 374 4849 a
386 4786 426 4848 P.
438 4786 591 4869 Iesuitis,
603 4785 854 4850 monasterium
866 4786 1002 4869 ingres·

174 4929 234 4971 sus
255 4910 312 4971 die
338 4915 384 4972 13.
405 4908 495 4972 Nov.
523 4928 612 4990 1770,
637 4928 716 4971 curn
737 4919 822 4972 vota
842 4908 1002 4971 sollemni

173 5030 242 5094 ritu
259 5032 316 5093 die
337 5053 384 5095 12.
400 5031 505 5096 Mart.
530 5049 608 5110 1772
631 5041 881 5112 nuncupasset,
902 5040 1003 5093 tanta

174 5153 311 5237 egregii
323 5154 457 5237 ingenii
469 5165 505 5216 et
517 5152 717 5216 indefessae
726 5152 921 5215 industriae
930 5153 1002 5215 edi·

174 5276 226 5338 dit
238 5275 443 5356 specimina,
461 5287 499 5337 ut
515 5276 716 5357 paulopost
732 5275 928 5338 sacerdotis
945 5275 1001 5337 die

174 5419 224 5475 29.
232 5393 331 5476 Sept.
343 5396 536 5475 1776etiam
543 5397 700 5479 theologi
709 5417 880 5459 summam
889 5396 1002 5479 digni-

1088 637 1199 692 tatem
1216 627 1480 692 nancisceretur
1495 639 1532 691 et
1547 628 1704 690 doctoris
1724 629 1845 691 laurea
1867 628 1919 691 in-

1088 749 1187 833 genti
1200 769 1279 815 cum
1292 751 1468 832 applausu
1481 751 1709 813 decoraretur
1719 759 1919 832 posteaque

1088 873 1144 935 bis
1163 872 1344 936 facultatis
1360 873 1583 956 theologicae
1599 873 1635 935 in
1651 873 1746 936 univ.
1762 873 1918 935 Vindob.

1089 996 1245 1058 decanus
1266 995 1467 1078 eligeretur.
1489 994 1623 1057 Verum
1644 995 1680 1057 in
1700 1013 1793 1058 vano
1814 994 1919 1057 titulo

1087 1116 1229 1180 minime
1245 1117 1546 1199 adquiescendum
1562 1117 1702 1199 putavit
1715 1117 1770 1179 vir
1781 1127 1919 1180 strenu-

1087 1237 1241 1321 issimus,
1267 1240 1331 1301 sed
1358 1238 1471 1321 qualis
1496 1239 1743 1303 nominabatur
1768 1251 1805 1303 et
1831 1248 1919 1322 erat,

1087 1362 1193 1425 talem
1210 1361 1369 1425 oratione
1382 1361 1488 1425 etiam
1501 1373 1537 1425 et
1549 1381 1658 1443 opere
1671 1360 1919 1425 efficacissime

1087 1503 1125 1546 se
1152 1485 1408 1566 comprobavit.
1440 1486 1619 1548 Admotus
1648 1485 1782 1567 quippe
1810 1503 1918 1548 curae

1086 1606 1280 1669 animarum
1307 1606 1344 1668 in
1366 1607 1535 1688 parochia
1558 1606 1763 1670 monasterii
1793 1611 1920 1686 1786-

1091 1732 1172 1791 1800
1192 1728 1491 1791 ferventissimum
1511 1729 1612 1791 verbi
1635 1728 1745 1790 divini
1771 1747 1919 1809 praeco·

1086 1870 1167 1913 nem
1184 1850 1268 1934 egit.
1290 1850 1415 1933 Neque
1428 1850 1570 1932 publice
1583 1860 1720 1914 tanturn
1735 1849 1919 1913 doctrinae

1086 1954 1494 2035 christianaeveritatem
1503 1983 1627 2036 contra
1635 1973 1786 2034 rebelles
1796 1992 1920 2035 eorum

1085 2103 1284 2176 temporum
1301 2095 1446 2178 spiritus
1462 2094 1547 2158 novi
1567 2095 1750 2158 cuiusdam
1766 2095 1918 2157 Demos-

1085 2217 1202 2281 thenis
1222 2228 1258 2280 et
1280 2217 1352 2280 divi
1369 2217 1612 2301 Chrysostomi
1628 2237 1717 2280 voce
1742 2227 1778 2279 et
1799 2216 1834 2279 vi
1857 2219 1919 2280 de-

1083 2339 1208 2422 fendit,
1230 2342 1294 2403 sed
1315 2340 1350 2402 in
1367 2340 1561 2403 domestico
1578 2341 1694 2421 etiam,
1716 2341 1821 2421 quale
1841 2351 1919 2404 tum

1085 2472 1171 2544 erat,
1181 2462 1446 2544 disciplinarum
1460 2463 1740 2545 theologicarum
1754 2462 1919 2525 instituto

1085 2603 1264 2647 sacrorum
1296 2585 1501 2667 dogmatum
1533 2594 1569 2647 et
1596 2584 1729 2647 veteris
1760 2584 1918 2649 foederis
1984 2620 1985 2623 ¹

1084 2705 1266 2788 professor
1286 2707 1467 2769 auditores
1488 2706 1717 2769 saluberrime
1738 2706 1917 2770 instruxit.

1084 2827 1267 2890 Eiusmodi
1283 2827 1357 2890 vita
1374 2846 1492 2911 opere,
1514 2827 1658 2909 script0,
1675 2837 1711 2890 et
1727 2828 1810 2889 viva
1826 2847 1918 2891 voce

1085 2950 1243 3033 insignia,
1257 2959 1297 3014 ut
1314 2949 1495 3032 ingentem
1507 2949 1583 3012 viro
1595 2948 1726 3011 famam
1743 2961 1779 3013 et
1794 2959 1917 3014 aucto-

1083 3073 1224 3136 ritatem
1255 3081 1540 3155 comparaverat,
1574 3072 1623 3135 ita
1655 3074 1803 3156 dignum
1830 3094 1917 3155 quo-

1084 3214 1153 3276 que
1180 3196 1402 3277 ostenderat,
1434 3194 1494 3275 qui
1526 3199 1606 3272 1804
1637 3195 1733 3277 prior
1763 3205 1799 3257 et
1833 3215 1918 3258 mox

1083 3318 1259 3400 parochus
1281 3316 1455 3379 ecclesiae
1478 3317 1697 3398 monasterii,
1719 3319 1764 3378 ad
1785 3319 1916 3400 guber-

1083 3441 1210 3503 nacula
1247 3439 1413 3502 interiora
1449 3439 1612 3501 asceterii
1648 3440 1915 3519 proveheretur.

1083 3562 1152 3625 Hic
1174 3562 1209 3624 in
1224 3561 1340 3624 Deum
1362 3561 1507 3642 pietate,
1532 3561 1567 3622 in
1589 3580 1673 3623 suos
1692 3561 1913 3624 humanitate

1084 3696 1120 3747 et
1147 3683 1322 3747 modestia
1344 3683 1478 3747 facturn
1506 3693 1570 3765 est,
1599 3694 1637 3745 ut
1664 3693 1747 3763 post
1775 3682 1913 3745 obitum

1087 3811 1165 3885 1807
1184 3805 1364 3869 Bennonis
1380 3805 1522 3867 abbatis
1543 3816 1673 3886 essent,
1696 3804 1754 3886 qui
1776 3804 1810 3866 in
1833 3824 1915 3868 eurn

1082 3930 1204 3992 oculos
1215 3941 1251 3991 et
1259 3928 1395 3990 animos
1408 3939 1666 3992 converterent.
1684 3927 1815 3989 Postea
1827 3946 1915 3991 vero

1081 4050 1285 4133 parochiam
1295 4049 1329 4112 in
1339 4048 1796 4129 suburbioVindobonensi‚
1806 4048 1915 4112 Gum-

1081 4171 1236 4254 pendorf
1257 4171 1362 4253 dicte,
1391 4176 1470 4248 1807
1497 4170 1617 4253 elegit,
1644 4191 1749 4252 quam
1774 4191 1840 4252 per
1862 4173 1915 4235 vi-

1081 4293 1173 4377 ginti
1187 4294 1445 4375 propemodum
1462 4292 1646 4355 continuos
1663 4313 1774 4356 annos
1791 4314 1861 4356 uno
1878 4304 1915 4358 et

1082 4415 1260 4496 aequabili
1281 4414 1523 4496 praestantiae
1545 4424 1668 4477 tenore
1690 4414 1911 4478 administra-

1082 4538 1144 4600 vit.
1165 4537 1388 4601 Documento
1402 4557 1481 4599 esse
1494 4546 1654 4618 possunt,
1672 4557 1762 4618 quae
1777 4538 1810 4599 in
1823 4539 1914 4600 aede

1083 4682 1184 4727 sacra
1201 4662 1308 4744 digne
1325 4662 1536 4742 decoranda,
1559 4680 1650 4742 quae
1671 4661 1705 4723 in
1722 4680 1759 4723 re
1776 4671 1812 4723 et
1829 4680 1914 4724 cura

1083 4804 1286 4869 egenorum,
1304 4803 1395 4865 quae
1412 4783 1447 4845 in
1463 4784 1584 4846 schola
1596 4782 1802 4864 parochiali,
1819 4781 1915 4845 aliis·

1083 4928 1152 4992 que
1178 4906 1330 4989 publicis
1357 4917 1393 4968 et
1420 4906 1569 4987 privatis
1597 4905 1725 4968 scholis
1753 4905 1832 4985 ipso
1855 4905 1914 4968 vel

1082 5041 1227 5094 auctore
1236 5031 1295 5091 vel
1303 5028 1464 5113 adiutore
1479 5027 1624 5110 egregie
1635 5039 1671 5088 et
1681 5026 1913 5090 saluberrime

1082 5151 1244 5216 instituta
1259 5151 1512 5232 perdurabant.
1534 5150 1589 5212 Ita
1601 5149 1712 5228 lapsis
1725 5149 1834 5212 tacite
1851 5168 1913 5211 an·

1082 5275 1137 5336 nis
1153 5272 1455 5354 adpropinquavit
1470 5283 1622 5352 tempus,
1644 5290 1713 5352 quo
1735 5271 1804 5334 iam
1819 5290 1913 5334 anno

1086 5400 1164 5459 1822
1182 5394 1366 5477 professus
1382 5394 1566 5475 iubilaeuS,
1581 5393 1914 5476 quinquagesimum
