4178 6196
917 407 1198 478 -352-

180 592 247 654 mis
263 592 413 674 gemmis
437 603 571 674 omata‚
597 613 702 675 quam
725 593 943 675 pectoralem
961 592 1011 656 di·
1049 622 1052 683 5
1090 592 1258 673 habuero,
1276 591 1517 656 obedientiam
1534 614 1575 656 ac
1589 594 1827 658 reverentiam
1840 613 1930 678 erga

181 725 275 796 cunt,
300 716 561 779 condecoravit.
593 716 682 778 Tam
706 717 839 798 optime
864 737 943 779 cum
967 718 1011 778 de
1050 688 1053 795 i
1091 714 1330 776 venerabilem
1355 713 1510 795 priorem
1531 726 1689 777 vestrum
1714 716 1929 797 (Adrianum

179 837 295 919 patria
316 848 391 901 tum
414 840 459 900 de
476 838 650 901 asceterio
666 838 793 901 meruit
809 839 934 901 Benno
950 841 1012 900 ab·
1050 798 1053 879 i
1093 833 1257 918 Gretsch)
1291 846 1327 899 et
1357 857 1401 899 ne
1433 858 1454 900 a
1486 857 1665 920 quoquam
1696 839 1929 903 contristetur

179 961 254 1035 baS,
276 970 313 1022 ut
330 960 365 1023 in
381 960 508 1023 litteris
525 962 570 1023 de
586 968 698 1023 morte
716 961 791 1023 eius
808 961 854 1023 ad
870 960 1012 1023 confoe·
1093 968 1237 1039 exopto.
1266 957 1355 1021 Cum
1371 978 1456 1022 vero
1474 961 1518 1022 de
1537 980 1745 1024 successore
1766 961 1853 1026 mihi
1870 983 1928 1026 ca·

179 1083 324 1145 deratos
341 1084 433 1145 datis
444 1093 542 1146 recte
555 1083 726 1165 scriptum
739 1084 797 1146 sit:
813 1071 875 1168 „ld
885 1084 1012 1147 saltem
1050 1096 1052 1189 Ξ
1091 1081 1217 1177 nonice
1248 1081 1499 1145 substituendo
1527 1094 1664 1166 agetur,
1696 1085 1784 1148 nihil
1810 1086 1927 1169 magis

179 1204 348 1266 adlaudis
358 1206 536 1268 cumulum
549 1205 1011 1287 adiecissesufficiat;quod
1050 1194 1052 1299 ξ
1091 1201 1265 1284 desidero,
1291 1223 1396 1285 quam
1421 1215 1460 1267 ut
1484 1205 1518 1267 in
1545 1207 1694 1270 caritate
1719 1210 1927 1291 concordes,

178 1326 306 1389 seriem
322 1328 493 1390 abbatum
510 1339 708 1391 nostrorum
721 1328 756 1391 in
770 1328 960 1410 septimum
972 1348 1011 1391 se
1050 1306 1052 1329 γ
1091 1326 1285 1387 secundum
1309 1328 1564 1391 conscientiam
1583 1339 1738 1393 vestram
1759 1329 1925 1412 dignissi-

178 1451 451 1530 protendentem
469 1451 648 1513 saeculum
674 1452 896 1533 percurrenti
911 1451 1011 1514 multi
1049 1460 1052 1469 '
1091 1467 1186 1510 mum
1203 1467 1249 1510 ex
1261 1449 1365 1510 vobis
1378 1449 1534 1532 eligatis;
1551 1470 1596 1513 ne
1609 1471 1673 1514 vos
1685 1452 1833 1534 propria
1845 1472 1926 1517 con·

179 1571 322 1652 quidem
338 1591 483 1654 prorsus
499 1572 668 1656 insignes,
685 1586 722 1635 et
739 1575 783 1636 de
796 1574 1011 1637 monasterio
1091 1569 1241 1632 scientia
1257 1582 1387 1654 vestra,
1404 1584 1552 1655 propter
1567 1583 1689 1636 votum
1705 1573 1849 1638 sinistre
1865 1577 1925 1638 da·

178 1694 310 1775 optime
327 1695 511 1776 promeriti
527 1697 713 1776 praesules
729 1708 926 1778 occurrant,
950 1716 1010 1759 ne·
1050 1670 1053 1769 i
1091 1701 1165 1754 tum
1179 1692 1214 1754 in
1227 1702 1410 1774 posterum
1423 1695 1576 1777 damnet,
1594 1706 1632 1759 et
1644 1716 1753 1759 causa
1766 1699 1924 1761 destruc·

178 1836 235 1879 mo
253 1826 372 1880 autem
389 1837 489 1899 unuS,
508 1818 567 1899 qui
580 1818 854 1881 munificentiam
867 1819 902 1881 in
915 1838 1010 1900 suos,
1050 1844 1052 1891 ς
1092 1824 1198 1876 tronis
1216 1825 1251 1878 et
1268 1815 1390 1878 ruinae
1403 1817 1513 1880 vestri
1529 1819 1735 1882 monasterii
1749 1819 1821 1902 ipsi
1837 1821 1923 1885 sitis.

179 1950 214 2001 et
231 1939 356 2002 merita
372 1939 555 2002 Bennonis
572 1941 780 2021 adaequet.“
813 1941 899 2004 Vita
914 1961 1010 2023 vero,
1050 1923 1053 1977 i
1090 1973 1133 1981 —
1149 1936 1237 1998 Eum
1254 1957 1341 2020 ergo
1359 1940 1530 2002 canonica
1543 1941 1717 2005 electione
1729 1944 1923 2007 substitua-

177 2081 313 2123 morum
326 2064 480 2125 candore
490 2075 526 2125 et
538 2083 708 2126 annorum
722 2065 861 2127 cumulo
873 2065 919 2127 ad
932 2083 1011 2127 nor·
1049 2120 1052 2155 ι
1091 2058 1146 2140 tiS,
1175 2060 1235 2141 qui
1259 2061 1438 2124 intervos
1462 2072 1517 2125 est
1541 2064 1779 2147 dignissimus,
1804 2066 1923 2148 quiet

177 2204 269 2245 mam
286 2184 568 2276 patriarcharum
580 2185 754 2268 instituta,
771 2197 884 2249 morte
901 2187 1010 2268 patri.
1049 2178 1051 2295 l
1090 2180 1313 2263 disciplinam
1328 2184 1528 2277 regularem
1542 2198 1641 2250 curet
1655 2197 1693 2251 et
1704 2201 1922 2272 promoveat,

178 2306 294 2368 archis
310 2306 443 2369 usitata
457 2309 655 2370 claudenda
668 2320 754 2371 erat.
779 2308 935 2371 Vulnere
947 2329 1009 2391 pe·

178 2428 233 2490 dis
243 2439 380 2510 sanate,
394 2431 541 2492 materia
554 2430 711 2513 maligna
722 2432 861 2512 corpori
873 2432 1009 2494 inclusa

178 2552 362 2632 pulmones
372 2551 493 2614 affecit
502 2562 538 2615 et
546 2572 754 2636 gangraena
763 2554 917 2635 denique
927 2573 1009 2617 con-

177 2673 312 2736 sumsit.
334 2672 521 2757 Susceptis
535 2675 643 2758 igitur
655 2677 880 2740 morientium
893 2697 1010 2739 sacra-

176 2796 305 2858 mentis
321 2816 427 2859 manu
443 2797 591 2860 fratrum
605 2818 756 2861 coronae
770 2799 945 2862 silentium
959 2799 1009 2861 in-

177 2916 278 2999 dixit,
302 2938 381 2981 cum
398 2939 459 2982 eos
480 2919 658 2983 dimittere
674 2940 745 2983 non
767 2934 900 3004 posset,
925 2922 1009 3003 quin

175 3040 431 3105 benedixisset.
456 3040 696 3123 Loquebatur,
717 3043 879 3123 quamvis
895 3043 1010 3106 fracta

177 3182 293 3245 paene
309 3182 398 3226 voce
415 3174 523 3244 atque
539 3164 711 3226 moriente
724 3184 796 3246 ore,
813 3175 848 3227 et
865 3165 1008 3246 quidem

1049 2306 1051 2371 i
1090 2312 1126 2364 et
1143 2304 1372 2367 oeconomiae
1384 2325 1503 2368 curam
1520 2328 1590 2370 non
1606 2311 1777 2393 negligat.
1789 2349 1833 2358 —
1846 2312 1923 2376 Non

1090 2425 1170 2508 sint,
1195 2425 1271 2488 filii!
1296 2427 1470 2490 intervos
1493 2431 1745 2496 altercationes
1769 2444 1806 2498 et
1823 2435 1922 2499 dissi·

1089 2547 1157 2629 dia,
1181 2547 1311 2611 fratres
1328 2549 1420 2612 enim
1436 2552 1533 2615 estis,
1562 2553 1675 2617 Nemo
1694 2567 1853 2620 vestrum
1869 2557 1919 2619 di·

1089 2679 1162 2732 cat:
1194 2670 1272 2752 Ego
1301 2691 1377 2733 sum
1402 2671 1561 2757 Cephae,
1586 2696 1655 2759 ego
1679 2678 1829 2760 Apollo,
1851 2698 1919 2762 ego

1089 2792 1207 2865 Pauli;
1239 2812 1304 2855 vos
1332 2795 1424 2856 enim
1449 2815 1570 2859 omnes
1594 2799 1681 2861 estis
1703 2799 1767 2863 filii
1792 2800 1921 2865 Christi

1091 2915 1132 2996 (1.
1143 2913 1299 2979 Corinth.
1317 2937 1342 2997 1,
1362 2919 1421 2997 12).
1445 2917 1500 2980 De
1516 2928 1635 2983 cetero
1648 2923 1776 3005 valete,
1788 2922 1853 2987 filii
1865 2944 1921 2988 ca·

1089 3037 1228 3119 tissimi,
1246 3050 1281 3101 et
1298 3048 1414 3102 estote
1430 3060 1605 3103 memores
1621 3044 1745 3126 patris,
1762 3047 1823 3127 qui
1837 3048 1920 3110 mul-

1089 3171 1164 3222 tum
1180 3180 1246 3223 vos
1259 3160 1386 3243 diligit,
1399 3165 1617 3244 multumque
1630 3185 1695 3247 pro
1707 3168 1812 3230 vobis
1825 3169 1920 3232 labo·

176 3305 219 3348 eo
236 3286 368 3367 ordine,
387 3305 429 3347 ea
444 3287 599 3369 energia,
617 3307 659 3349 ea
671 3288 812 3367 paterni
826 3290 943 3350 cordis
957 3299 1009 3352 te·
1047 3300 1050 3375 g
1089 3282 1191 3365 ravit,
1209 3293 1244 3346 et
1261 3304 1352 3346 nunc
1370 3284 1456 3346 nihil
1472 3286 1587 3369 magis
1604 3289 1794 3372 desiderat,
1815 3312 1919 3373 quam

176 3408 386 3489 neritudine,
410 3419 448 3472 ut
468 3409 562 3472 vires
583 3410 755 3472 humanas
775 3412 882 3494 longe
903 3432 1008 3494 supe·
1047 3392 1050 3447 ῗ
1089 3414 1127 3467 ut
1143 3424 1188 3466 ex
1205 3405 1308 3467 vobis
1325 3407 1499 3469 neminem
1512 3409 1649 3490 perdat,
1667 3412 1731 3472 sed
1747 3431 1873 3476 omnes
1884 3414 1917 3477 in

176 3550 275 3593 rasse
285 3531 447 3593 omnibus
459 3532 622 3595 visussit.
644 3533 759 3595 Huius
769 3534 912 3597 ultimae
922 3536 1007 3597 allo·
1046 3566 1049 3633 Ι
1087 3528 1204 3608 patria
1215 3527 1341 3591 iterum
1355 3530 1476 3592 videre
1490 3533 1618 3596 valeat.
1640 3532 1735 3596 Nihil
1747 3535 1834 3598 mihi
1846 3536 1914 3599 iam

175 3653 327 3715 cutionis
351 3654 554 3717 memoriam
572 3656 668 3718 nulla
685 3655 801 3719 Scotis
817 3657 894 3719 dies
912 3659 1007 3720 dele·
1046 3662 1049 3719 i
1086 3651 1260 3732 reliquum
1281 3663 1345 3732 est,
1371 3673 1475 3734 quam
1497 3664 1535 3716 ut
1555 3655 1715 3718 ultimam
1731 3668 1918 3737 paternam

174 3775 241 3837 bit:
268 3774 547 3858 „Transiturus“,
564 3777 687 3859 inquit,
712 3780 776 3857 „de
792 3780 859 3842 hoc
875 3780 1006 3842 mundo
1045 3728 1049 3869 i
1087 3774 1371 3837 benedictionem
1399 3775 1502 3838 vobis
1535 3777 1748 3858 impertiar.“
1785 3780 1918 3845 Ultima

175 3899 222 3959 ad
230 3898 384 3979 Patrem,
398 3908 437 3960 ut
449 3899 508 3979 pie
520 3918 636 3981 spero,
654 3899 776 3962 ultima
790 3900 858 3962 iam
872 3902 919 3962 ad
932 3920 1006 3982 vos,
1046 3882 1049 4011 i
1088 3896 1240 3978 denique
1268 3898 1425 3979 piissime
1454 3898 1636 3961 morientis
1660 3903 1773 3981 patris
1797 3907 1917 3989 verba,

175 4018 265 4082 filios
282 4019 493 4100 carissimos,
510 4021 622 4083 verba
637 4020 739 4084 facio
769 4021 856 4085 Cum
873 4023 1007 4085 dilexe-
1045 4016 1049 4111 Ι
1087 4040 1178 4101 quae
1195 4020 1339 4083 auribus
1356 4022 1558 4086 assistentis
1579 4027 1779 4090 sacerdotis
1801 4028 1917 4114 inges-

174 4141 239 4205 rim
252 4162 317 4205 vos
330 4162 480 4225 semper,
495 4163 607 4225 usque
621 4145 666 4206 ad
678 4143 784 4207 finem
797 4145 893 4208 vitae
906 4165 1006 4208 meae
1045 4152 1048 4199 Ι
1087 4142 1147 4222 sit,
1180 4153 1281 4205 erant
1307 4144 1366 4204 illa
1397 4145 1621 4224 psalmistae:
1656 4147 1827 4214 Paratum
1860 4171 1917 4215 cor

175 4285 240 4328 vos
253 4265 402 4349 diligere
416 4286 539 4349 pergo,
558 4278 593 4329 et
604 4267 690 4329 nihil
703 4268 817 4351 magis
831 4268 1005 4349 desidem,
1087 4284 1202 4325 meum
1211 4265 1324 4327 Deus:
1346 4278 1508 4347 paratum
1523 4275 1725 4336 cormeum!
1744 4274 1801 4338 his
1814 4275 1917 4338 dictis

175 4409 281 4469 quam
297 4400 336 4453 ut
351 4408 416 4452 vos
433 4410 556 4452 omnes
576 4388 667 4453 filios
684 4410 783 4453 meos
805 4391 1006 4454 carissimos
1044 4376 1048 4517 h
1086 4387 1178 4449 inter
1192 4388 1442 4450 ardentissima
1456 4391 1572 4453 cordis
1582 4404 1666 4456 vota
1679 4397 1914 4461 rebushuma·

173 4511 299 4575 iterum
327 4512 362 4575 in
390 4513 507 4594 patria
531 4513 699 4595 amplecti
727 4513 878 4596 possim:
910 4517 1005 4596 quod
1044 4522 1047 4549 ¹
1085 4510 1139 4572 nis
1155 4512 1395 4593 placidissime
1418 4527 1681 4578 consummatus
1698 4527 1846 4600 ereptus
1861 4527 1914 4583 est

173 4654 259 4697 vero
275 4634 345 4697 alia
360 4634 498 4697 ratione
513 4633 590 4698 fieri
613 4656 683 4699 non
699 4638 841 4719 poterit,
866 4638 935 4700 nisi
951 4657 1005 4700 se·
1044 4620 1047 4693 l
1086 4634 1207 4697 die15.
1221 4634 1418 4714 Febr.1807
1432 4638 1519 4698 hora
1532 4638 1639 4700 tertia
1650 4658 1765 4721 mane,
1783 4660 1855 4721 qua
1866 4648 1915 4703 tot

173 4758 327 4819 cundum
342 4756 543 4821 institutum
556 4768 714 4820 vestrum
732 4769 767 4822 et
782 4769 878 4841 vota,
896 4760 1005 4822 vitam
1085 4758 1187 4819 annis
1210 4759 1255 4820 ad
1271 4756 1340 4819 Dei
1363 4759 1486 4820 laudes
1510 4760 1742 4823 celebrandas
1767 4771 1914 4825 stratum

173 4879 279 4961 piam,
299 4879 505 4963 religiosam
529 4891 565 4943 et
589 4899 746 4945 sanctam
770 4882 1005 4947 institueritis.
1086 4881 1250 4942 deserere
1264 4880 1460 4962 consuevit,
1473 4881 1579 4943 homo
1588 4900 1759 4945 annorum
1773 4888 1826 4965 85,
1839 4904 1914 4966 pro-

173 5001 247 5065 Iam
268 5002 304 5064 in
323 5013 507 5084 posterum
531 5002 635 5065 vobis
657 5005 829 5084 prodesse
850 5024 921 5067 non
942 5024 1004 5086 po·
1043 5008 1046 5111 ἱ
1085 5001 1200 5064 fessus
1218 5008 1269 5084 07,
1293 5004 1460 5066 sacerdos
1484 5008 1535 5085 62,
1561 5006 1674 5067 abbas
1698 5027 1737 5082 4²
1761 5010 1913 5071 nondum

173 5133 259 5206 tero,
277 5134 312 5187 et
328 5144 420 5206 quae
438 5124 532 5187 circa
545 5144 610 5186 vos
622 5125 742 5188 futura
754 5137 846 5208 sunt,
864 5137 1005 5189 contur-
1086 5126 1351 5206 completorum.
1376 5124 1545 5206 Sepultus
1569 5138 1624 5188 est
1644 5127 1680 5189 in
1701 5130 1912 5193 coemeterio

172 5246 259 5307 bant
268 5265 323 5308 me
333 5256 369 5336 et
378 5267 434 5309 me
444 5246 587 5311 anxium
596 5248 1005 5330 tenent-Praeprimis
1043 5271 1047 5355 ι
1086 5244 1250 5308 Scotensi
1260 5248 1450 5328 parochiae
1461 5248 1673 5312 Breitenlee.
1687 5247 1833 5335 Scripta
1842 5252 1914 5316 eius

173 5369 382 5430 commendo
399 5367 511 5450 vobis,
533 5389 645 5451 usque
663 5371 746 5433 dum
763 5388 1004 5433 successorem
1044 5361 1047 5427 Ι
1086 5369 1350 5463 ascetica,quae
1360 5371 1571 5434 novitiorum
1580 5371 1753 5454 magister
1761 5373 1915 5438 usuifra·
