4178 6196
827 456 833 479 '
926 500 968 508 —
1014 463 1146 525 XXIV
1190 499 1232 508 -

209 689 243 750 b.
268 689 403 750 Mariae
432 690 476 751 de
504 689 685 769 Pankota,
718 689 863 751 abbatia
895 690 939 750 de
971 688 1139 770 Magch,
1171 707 1198 749 s.
1223 687 1368 751 Martini
1398 689 1442 750 de
1466 687 1610 767 Vaska,
1642 707 1669 752 s.
1701 689 1816 751 crucis
1849 689 1949 752 iuxta

210 824 378 908 Granum,
402 830 435 888 b.
460 828 595 890 Mariae
619 828 652 889 in
678 827 823 909 Campo,
846 829 880 890 b.
905 826 1041 889 Mariae
1065 827 1110 888 de
1133 826 1256 908 Ivany,
1280 828 1313 890 b.
1338 826 1473 888 Mariae
1498 828 1542 889 de
1567 827 1736 909 Rakony,
1761 830 1794 889 b.
1812 826 1949 890 Mariae

210 967 255 1028 de
279 965 402 1049 Gagy,
434 969 468 1029 b.
492 966 628 1028 Mariae
657 967 700 1028 de
725 966 931 1048 Zebegeny,
965 968 998 1027 b.
1028 965 1164 1027 Mariae
1196 965 1240 1027 de
1263 965 1439 1047 Tereske,
1472 987 1498 1029 s.
1532 965 1678 1047 spiritus
1710 968 1754 1029 de
1787 966 1948 1048 Hrabkd,

209 1126 235 1167 s
261 1105 439 1168 Gabrielis
467 1108 511 1168 de
541 1106 785 1187 Mezdtelegd,
816 1126 842 1167 s.
875 1105 973 1167 Petri
1006 1104 1173 1186 Apostoli
1205 1106 1250 1167 de
1278 1103 1405 1183 Petdr,
1438 1123 1464 1167 s
1489 1104 1741 1186 Margarethae
1773 1105 1818 1166 de
1846 1105 1947 1186 Bela‚

209 1246 242 1306 b.
267 1244 402 1307 Mariae
427 1245 472 1307 de
495 1245 681 1325 Poroscld,
711 1264 737 1307 s
763 1244 909 1325 spiritus
934 1245 978 1306 de
1002 1243 1312 1323 Rath-Monostor,
1344 1252 1450 1305 natae
1483 1241 1629 1324 reginae
1653 1244 1875 1326 Angelorum
1904 1245 1949 1306 de

209 1381 371 1465 Peczoly‚
402 1385 436 1445 b.
461 1382 597 1444 Mariae
623 1383 667 1444 de
691 1381 887 1461 Monostor,
919 1383 953 1444 b.
977 1380 1113 1443 Mariae
1138 1381 1182 1442 de
1208 1380 1284 1461 Bdl,
1317 1401 1343 1443 s.
1367 1380 1510 1443 Ioannis
1534 1381 1725 1462 Baptistae
1750 1382 1794 1444 de
1817 1382 1947 1462 lanosi,

209 1522 355 1583 abbatia
379 1523 423 1583 de
448 1519 580 1601 Graab,
605 1521 752 1583 abbatia
777 1521 821 1582 de
846 1520 918 1582 Zek
934 1521 967 1600 ¹).

339 1659 463 1739 Neque
488 1658 712 1721 Benedictini
735 1659 931 1742 Hungarici
964 1656 1081 1720 officio
1109 1677 1174 1719 suo
1204 1656 1402 1721 defuerunt.
1442 1656 1561 1721 Silvas
1586 1659 1844 1740 exstirpabant,
1869 1661 1949 1722 loca

209 1799 351 1860 deserta
368 1798 542 1880 colebant,
566 1818 675 1880 opera
697 1798 829 1861 rustica
847 1799 1074 1861 exercebant.
1106 1797 1224 1859 Recte
1242 1796 1351 1878 igitur
1367 1796 1619 1878 Hungarorum
1637 1797 1789 1878 scriptor
1805 1817 1947 1860 recens:

208 1936 372 1999 Mindent
396 1958 417 1998 a
440 1938 503 2000 mit
518 1937 658 2016 birunk,
684 1937 807 2018 inquit,
829 1936 1043 1999 szellemben
1065 1937 1102 1998 es
1127 1936 1276 2018 iparban
1301 1955 1322 1997 a
1349 1935 1603 2015 pannonhalmi
1627 1935 1793 1998 iskolatdl
1815 1936 1943 2017 birjuk‚

209 2076 303 2156 mely
327 2077 598 2138 mindkettdnek
621 2075 776 2155 biilcsdje
801 2075 925 2154 v01t2).

301 2232 305 2241 ·
339 2215 536 2297 Propterea
568 2215 673 2277 etiam
704 2233 809 2296 reges
841 2215 1041 2296 exemplum
1074 2234 1101 2276 s,
1128 2212 1302 2295 Stephani
1333 2213 1480 2294 eiusque
1511 2212 1624 2294 patris
1657 2209 1801 2294 Geysae
1834 2213 1950 2274 secuti

209 2354 368 2416 ordinem
397 2352 622 2433 maximeque
646 2354 805 2415 Montem
828 2352 1033 2415 Pannoniae
1066 2352 1279 2415 incunabula
1308 2352 1410 2433 quasi
1439 2352 1515 2414 eius
1544 2352 1662 2414 studio
1686 2361 1722 2413 et
1745 2350 1862 2433 gratia
1888 2348 1948 2412 ad-

211 2492 397 2561 iuvabant;
422 2490 521 2553 cuius
545 2492 658 2552 abbas
682 2491 750 2552 iam
775 2511 839 2572 per
856 2490 1076 2573 Stephanum
1094 2489 1264 2554 Sanctum
1287 2491 1441 2553 omniurn
1463 2491 1731 2574 privilegiorum
1756 2500 1792 2553 et
1815 2490 1947 2572 gratia-

209 2650 285 2692 rum
308 2650 329 2692 a
353 2630 438 2691 sede
462 2630 660 2711 apostolica
683 2630 866 2711 particeps
889 2629 1006 2693 factus
1030 2639 1100 2709 est,
1129 2629 1258 2709 quibus
1282 2628 1506 2692 Cassinensis
1537 2629 1698 2693 florebat.
1746 2630 1786 2691 In
1819 2628 1948 2710 quibus

210 2769 296 2830 illud
320 2768 436 2830 locum
459 2767 658 2849 principem
682 2768 829 2848 obtinet,
855 2786 924 2848 quo
949 2767 1072 2830 abbati
1095 2767 1179 2829 iuris
1204 2767 1313 2834 dictio
1335 2767 1513 2830 ordinaria
1529 2767 1723 2848 spiritualis
1746 2767 1782 2829 in
1806 2786 1948 2849 posses·

210 2906 368 2968 sionibus
392 2907 438 2968 ad
462 2906 714 2968 monasterium
738 2906 999 2987 pertinentibus
1025 2925 1195 2968 concessa
1219 2915 1274 2967 est
1288 2906 1323 2984 ³).

980 3320 1085 3384 CAP.
1110 3322 1172 3385 III.

338 3597 467 3680 Vigor,
501 3616 604 3678 quern
637 3600 725 3660 ordo
756 3609 892 3678 aetate,
925 3599 969 3659 de
998 3617 1067 3679 qua
1099 3617 1206 3679 supra
1235 3597 1455 3680 disputatum
1478 3606 1549 3677 est,
1581 3597 1616 3658 in
1647 3595 1776 3659 finibus
1807 3597 1944 3678 imperii

206 3735 387 3799 Austriaci
410 3736 630 3815 ostenderat,
658 3755 701 3798 ne
729 3737 796 3796 hoc
821 3735 962 3816 quidem
994 3745 1155 3816 ternpore
1187 3736 1391 3817 languerat;
1426 3734 1532 3797 etiam
1563 3746 1637 3797 tum
1660 3735 1696 3796 in
1721 3734 1944 3798 monasteriis

204 3875 329 3957 religio
354 3873 553 3936 Christiana
577 3882 613 3936 et
637 3882 732 3936 artes
755 3874 966 3955 litteraeque
992 3875 1199 3937 colebantur
1221 3886 1330 3954 atque
1352 3873 1432 3936 aliis
1455 3875 1698 3936 tradebantur.
1739 3873 1818 3954 Qua
1842 3874 1876 3936 in
1905 3894 1943 3936 re

204 4032 335 4094 magno
359 4031 468 4092 opere
491 4011 754 4073 adiuvabantur
776 4013 823 4073 ab
847 4011 1030 4074 ordinibus
1053 4012 1165 4092 noviS,
1189 4011 1225 4073 in
1250 4012 1378 4092 quibus
1402 4010 1658 4074 Cistercienses
1682 4032 1702 4073 a
1725 4010 1807 4073 filiis
1831 4032 1857 4076 s.
1875 4012 1944 4073 Be-

203 4150 334 4212 nedicti
359 4149 498 4211 oriundi
521 4160 557 4211 et
579 4150 952 4213 Praemonstratenses
977 4169 997 4211 a
1021 4169 1047 4212 s,
1070 4150 1247 4212 Norberto
1271 4149 1422 4212 instituti
1445 4151 1632 4212 honestum
1657 4160 1836 4212 certamen
1861 4170 1940 4212 curn

204 4289 327 4352 ordine
351 4288 497 4368 antiquo
521 4288 668 4351 inibant.

332 4426 427 4489 Male
451 4445 536 4488 vero
565 4427 599 4487 in
624 4425 726 4489 terris
750 4425 893 4507 Alpinis
921 4426 1060 4508 imperii
1084 4426 1267 4490 Austriaci
1302 4426 1415 4488 ordini
1446 4427 1577 4489 accidit
1606 4437 1814 4508 propterea,
1846 4429 1942 4507 quod

202 4576 275 4630 tum
308 4564 500 4628 certamina
531 4566 622 4627 inter
647 4562 792 4628 Staufos
824 4575 859 4626 et
890 4563 1077 4645 pontifices
1105 4566 1291 4627 Romanos
1324 4574 1450 4627 exorta
1481 4574 1582 4628 erant
1615 4575 1651 4628 et
1682 4565 1717 4626 in
1749 4563 1941 4628 Germania

200 4705 360 4788 legitimo
384 4703 532 4785 imperio
556 4713 700 4766 carente
723 4703 841 4765 omnia
865 4703 985 4766 divina
1009 4705 1233 4785 humanaque
1257 4704 1333 4766 iura
1358 4703 1673 4785 permiscebantur.

332 5053 353 5134 ¹)
377 5057 486 5112 Czinar
509 5055 528 5111 l.
554 5075 579 5111 c.
603 5056 626 5112 1.

328 5178 351 5257 ²)
374 5174 547 5253 Szolldssy:
576 5177 619 5233 Az
644 5177 907 5252 osztrakmagyar
925 5176 1099 5232 Monarchia
1116 5182 1221 5232 dsszes
1245 5176 1575 5233 szcrzetes·rendeinek
1599 5176 1742 5233 torteneti
1768 5176 1800 5233 ἐς
1824 5178 1937 5232 statisz·

198 5291 271 5347 tikai
296 5290 385 5368 rajza,
410 5291 432 5346 I.

327 5400 350 5480 ³)
373 5403 481 5458 Czinar
506 5401 523 5457 l.
549 5419 574 5456 c.
599 5401 621 5456 I.
