4178 6196
952 463 1233 549 ..526-

311 671 347 727 V.
372 668 485 724 Breves
510 669 635 724 notitiae
663 669 836 723 monasterii
861 685 885 722 s.
910 665 1001 721 Blasii
1026 668 1053 721 in
1093 681 1096 720 1
1134 684 1217 721 mero
1234 666 1372 721 XXXIII.
1390 698 1431 706 -
1448 666 1485 723 II.
1504 679 1602 723 tomus
1619 667 1830 742 complectitur
1846 668 1972 724 chartas

225 778 285 848 nig.
303 774 387 841 silva,
405 791 422 827 a
438 773 604 846 Beringero
621 772 644 828 1.
666 769 777 826 abbate
799 789 895 845 usque
915 770 953 826 ad
974 769 1053 842 1736

225 878 381 934 deductae.
407 878 604 951 Manuscript.
627 873 716 948 1736.
741 876 884 930 Continet
907 871 947 952 (in
970 871 1054 951 10110)

226 1001 296 1059 pag.
314 996 387 1055 399,
404 994 434 1036 31
450 980 627 1036 adservatur
644 981 672 1034 in
688 981 810 1035 archivo
828 975 1053 1033 San-Paulauo

225 1089 281 1142 No.
304 1086 373 1158 185.

311 1208 362 1265 VI.
388 1208 523 1262 Historia
547 1224 601 1261 seu
624 1207 807 1260 incrementa
830 1206 1004 1260 monasterii
1029 1222 1053 1259 s,

225 1313 325 1378 Blasii,
349 1313 481 1385 quinque
506 1312 595 1365 tomis
618 1321 768 1364 contenta.
793 1309 958 1363 Historiam
983 1325 1054 1362 con-

225 1415 359 1473 scribere
376 1433 512 1481 exorsus,
531 1413 608 1469 illam
626 1432 685 1469 non
702 1411 808 1468 ordine
824 1411 1053 1483 chronologico,

225 1540 280 1576 nec
297 1523 378 1575 iuxta
399 1521 507 1574 seriem
529 1536 627 1573 rerum
651 1530 702 1571 aut
724 1515 865 1572 abbatum
890 1517 1053 1581 contexuit,

224 1624 278 1680 sed
299 1642 355 1699 per
370 1636 473 1698 partes
495 1619 748 1697 disputationibus
770 1622 861 1676 variis
885 1619 1053 1675 illustravit.

225 1728 276 1784 Sic
298 1730 326 1783 in
348 1728 369 1784 I.
392 1727 525 1783 eiusdem
542 1739 624 1782 tomo
646 1725 874 1780 dissertationes
896 1723 991 1779 dedit:
1016 1723 1054 1778 de

226 1833 415 1888 incrementis
432 1832 606 1886 monasterii
624 1848 660 1884 ex
677 1831 792 1904 optimo
810 1827 952 1884 abbatum
974 1829 1053 1901 regi·

224 1939 311 2004 mine,
329 1936 366 1991 de
382 1935 488 2009 sigillis
505 1932 657 1999 abbatum,
680 1933 717 1988 de
738 1934 891 2008 episcopis
914 1945 944 1987 et
959 1931 1053 1988 abba-

225 2040 305 2097 tibus
329 2039 503 2119 postulatis,
532 2037 568 2092 de
592 2036 747 2092 monachis
774 2054 834 2109 qua
861 2036 966 2091 litteris
994 2054 1054 2109 qua

224 2147 337 2219 pietate
353 2140 528 2197 illustribus.
550 2174 593 2181 —-
615 2140 652 2195 11.
670 2152 752 2195 tomo
776 2142 958 2195 incrementa
983 2157 1053 2194 con·

224 2249 346 2322 scripsit
363 2265 400 2301 ex
417 2247 467 2320 pia
483 2245 672 2300 fundatorum
690 2256 720 2298 31
735 2242 962 2299 benefactorum
979 2241 1053 2299 libe-

224 2350 342 2407 ralitate
368 2351 561 2424 prolluentia;
588 2350 772 2404 incrementa
794 2347 975 2403 vasallorum
1000 2365 1053 2402 seu

225 2457 337 2511 curiam
361 2453 507 2509 feudalem
532 2451 661 2509 nobilem
686 2465 717 2508 et
742 2464 927 2527 equestrem;
956 2453 1053 2507 incre·

225 2573 324 2615 menta
352 2559 562 2624 oeconomiae,
594 2558 732 2612 emtionis
763 2569 793 2611 et
824 2556 1053 2630 permutationis

225 2663 310 2718 titulo
327 2663 482 2736 acquisita.
492 2694 534 2701 —
547 2661 598 2716 III.
613 2673 694 2716 tomo
711 2659 856 2716 describit
871 2661 1054 2714 incrementa

225 2768 471 2840 congregationis
502 2784 539 2820 ex
566 2764 695 2820 diversis
724 2763 820 2829 cellis,
852 2764 1052 2828 monasteriis,

224 2872 445 2946 praeposituris
462 2882 492 2924 et
507 2869 660 2944 parochiis
674 2887 738 2923 cum
754 2867 902 2940 catalogis
918 2870 1052 2942 priorum

225 2987 254 3030 et
271 2975 524 3049 praepositorum.
551 3005 590 3012 —-
612 2972 661 3028 IV.
685 2986 766 3028 tomo
788 2968 932 3027 describit
956 2973 1052 3026 incre-

224 3091 323 3135 menta
346 3077 522 3152 disciplinae
546 3079 744 3141 monasticae,
774 3074 823 3131 ubi
848 3075 885 3130 de
909 3075 999 3131 modo
1024 3077 1053 3130 in

224 3181 423 3256 suscipiendis
439 3183 561 3236 novitiis
577 3195 607 3236 et
623 3198 727 3236 eorum
743 3179 934 3256 professione
947 3179 1052 3234 obser-

224 3299 305 3353 vatu,
323 3285 360 3341 de
378 3286 506 3340 lectione
523 3285 698 3359 quotidiana
721 3283 759 3338 ad
780 3302 921 3350 mensam,
947 3282 984 3338 de
1009 3283 1052 3338 lo-

224 3392 304 3445 tione
321 3389 440 3464 pedum,
463 3389 499 3444 de
516 3388 766 3463 processionibus
787 3384 916 3462 publicis
940 3399 969 3442 et
992 3388 1053 3462 pri·

224 3495 310 3558 vatis,
335 3493 371 3547 de
394 3493 536 3560 candelis,
563 3492 750 3567 lampadibus
774 3504 804 3546 et
828 3492 991 3566 campanis,
1016 3490 1053 3545 de

224 3598 322 3650 missis
346 3595 528 3669 quotidianis
552 3598 679 3651 cantatis
696 3608 726 3650 et
742 3595 881 3661 fundatis,
906 3594 943 3650 de
964 3612 1053 3669 prae·

224 3700 329 3756 bendis
346 3713 375 3754 et
392 3718 495 3754 mensa
512 3699 644 3768 fratrum,
671 3700 707 3755 de
727 3698 869 3755 fratribus
895 3700 1052 3755 exteriori·

223 3803 289 3866 bus,
307 3802 419 3858 scholis
440 3816 469 3857 et
491 3800 679 3858 scholaribus
696 3822 719 3858 s.
737 3803 827 3858 Blasii
845 3805 970 3878 copiose
992 3802 1052 3858 dis·

223 3909 326 3963 seruit.
336 3941 377 3947 —
386 3907 422 3963 V.
432 3919 515 3961 tomo
525 3909 588 3979 egit
600 3906 637 3961 de
650 3905 817 3980 insignibus
830 3904 1052 3982 pontificalibus

223 4010 384 4068 abbatibus
400 4030 424 4067 s.
439 4011 528 4065 Blasii
546 4012 709 4076 concessis,
735 4011 772 4066 de
797 4012 888 4066 titulis
911 4024 942 4066 et
963 4030 1051 4086 prae·

223 4117 368 4189 rogativis
385 4112 536 4181 abbatum,
554 4113 591 4169 de
608 4112 702 4169 libera
718 4133 820 4169 eorum
841 4127 872 4170 et
887 4115 1051 4170 advocato·

223 4239 287 4275 rum
305 4220 462 4284 electione,
477 4219 513 4273 de
526 4218 685 4274 advocatia
697 4220 858 4285 austriaca,
871 4219 908 4274 de
920 4219 1049 4286 33331113,

223 4323 383 4388 altaribus,
412 4323 564 4390 ecclesiis,
593 4322 785 4396 indulgentiis
813 4336 842 4378 et
870 4324 935 4378 aliis
964 4323 1051 4378 huius

223 4427 302 4483 modi
320 4426 420 4482 rebus.
444 4460 487 4467 —
510 4426 560 4482 VI.
580 4439 661 4482 tomo
679 4426 800 4483 exhibet
821 4427 945 4482 indicem
967 4427 1050 4482 locu-

223 4531 428 4606 pletissimum.
454 4531 649 4605 Manuscript.
679 4544 768 4604 1737.
797 4531 893 4587 Folio.
921 4529 1049 4586 Adserv.

223 4637 251 4690 111
267 4634 349 4690 arch.
367 4653 389 4689 s.
408 4634 490 4688 Pauli
507 4634 563 4689 No.
586 4633 654 4699 188.
676 4634 744 4706 189,
767 4649 834 4707 190.

309 4775 374 4832 VII.
392 4774 496 4830 Codex
518 4773 730 4849 probationum
752 4775 790 4830 ad
813 4776 966 4831 historiam
984 4775 1050 4830 Bla-

221 4881 334 4935 sianam
357 4897 410 4933 seu
431 4880 597 4953 copiarium
612 4878 792 4945 chartarum,
817 4898 894 4953 quas
917 4881 1050 4954 quinque

221 4985 309 5039 tomis
325 5000 379 5037 sua
396 5000 484 5036 manu
500 4984 631 5056 scripsit,
653 4995 683 5038 et
704 4982 741 5037 ad
758 5000 835 5058 opus
852 4984 1048 5058 praecedenS,

221 5087 375 5142 historiam
400 5087 512 5160 quippe
534 5105 557 5140 3.
576 5086 666 5141 Blasii
683 5086 793 5142 adiecit
815 5089 844 5142 in
861 5089 919 5143 vim
936 5086 1048 5163 proba·

221 5193 320 5246 tionis.
345 5191 367 5245 Ι.
385 5203 483 5244 tomus
500 5189 522 5244 Ι.
540 5192 673 5245 continet
694 5190 716 5246 1.
733 5204 820 5266 parte
837 5190 933 5247 bullas
950 5193 1048 5267 ponti·

220 5295 304 5350 licias
320 5292 358 5348 ab
375 5311 453 5348 anno
476 5307 552 5366 1093
572 5294 721 5369 usquead
742 5293 822 5367 1736
844 5314 922 5351 num:
940 5296 1046 5352 CXXI.

220 5398 257 5453 11.
280 5409 365 5472 parte
388 5396 547 5472 privilegia
570 5398 671 5473 aliqua
694 5417 838 5455 caesarea
861 5400 970 5455 Latina
993 5419 1046 5455 nu-

1134 772 1366 845 episcoporum,
1397 770 1591 827 cardinalium
1623 771 1792 845 legatorum
1820 769 1861 827 ab
1889 791 1969 829 anno

1139 889 1218 946 1114
1233 892 1329 947 usque
1343 887 1421 946 1725
1436 892 1560 930 numero
1570 875 1732 932 CCXXIX.
1746 909 1787 915 —
1804 877 1858 932 111.
1871 890 1969 933 tomus

1134 977 1226 1034 habet
1248 978 1367 1033 chartas
1390 976 1560 1034 officialium
1582 980 1815 1055 episcopalium,
1836 983 1969 1038 vicario·

1134 1100 1198 1136 rum
1216 1081 1410 1155 generalium,
1428 1081 1582 1151 abbatum,
1600 1102 1732 1139 necnon
1748 1086 1890 1159 antiquas
1906 1104 1969 1141 em-

1135 1186 1247 1240 tionum
1262 1187 1381 1242 chartas
1391 1186 1514 1241 Latinas
1527 1185 1565 1242 ab
1578 1205 1656 1242 anno
1671 1202 1752 1243 1100
1762 1207 1860 1262 usque
1875 1188 1966 1262 1670,

1134 1307 1258 1344 1111111310
1275 1288 1438 1344 CCXXIX.
1458 1289 1563 1346 -1V.
1581 1304 1680 1346 tomus
1701 1290 1862 1349 adumbrat
1878 1293 1965 1349 char·

1134 1404 1180 1447 tas
1197 1390 1412 1458 fundationum,
1431 1393 1623 1449 donationum
1637 1407 1729 1469 atque
1741 1397 1966 1452 anniversario·

1134 1515 1208 1562 rum,
1225 1495 1263 1552 ab
1280 1514 1358 1552 anno
1375 1496 1435 1569 982
1454 1516 1550 1572 usque
1572 1496 1662 1569 1613,
1684 1517 1810 1555 numero
1831 1501 1965 1557 CCLVI.

1133 1633 1176 1642 -
1191 1602 1226 1658 V.
1245 1614 1343 1656 tomus
1364 1600 1493 1676 denique
1513 1601 1631 1658 dicatus
1656 1616 1702 1659 est
1725 1603 1837 1660 chartis
1862 1606 1967 1660 visita·

1133 1706 1255 1771 tionum,
1277 1704 1532 1772 reformationum,
1554 1719 1735 1763 statutorum
1757 1705 1965 1775 abbatialium‚

1133 1821 1164 1864 et
1187 1821 1353 1865 conventus
1376 1809 1476 1882 quoad
1498 1809 1686 1886 disciplinam
1710 1810 1748 1867 ab
1774 1829 1856 1867 anno
1886 1826 1963 1882 1223

1133 1931 1229 1988 usque
1258 1927 1347 1985 1742.
1381 1914 1467 1988 Opus
1491 1914 1549 1970 hoc
1578 1917 1711 1971 continet
1741 1917 1863 1972 circiter
1891 1917 1968 1972 mille

1133 2017 1252 2073 chartas
1269 2017 1438 2092 descriptas
1455 2036 1509 2074 seu
1523 2021 1637 2093 copias.
1656 2019 1853 2095 Manuscript.
1876 2035 1966 2093 1742.

1133 2122 1231 2177 Folio
1249 2122 1287 2179 IV
1306 2124 1377 2178 tomi
1395 2122 1596 2179 adservantur
1612 2126 1641 2178 in
1657 2124 1782 2180 archivo
1799 2122 1967 2181 San-Pau·

1134 2225 1202 2280 lano
1218 2226 1274 2285 No.
1297 2240 1365 2292 191.

1219 2365 1300 2421 VIII.
1318 2364 1463 2421 Analecta
1480 2366 1517 2421 ad
1535 2366 1691 2422 historiam
1705 2365 1963 2424 San-Blasianam.

1134 2468 1166 2523 111
1183 2468 1228 2523 his
1247 2482 1262 2539 7
1281 2469 1485 2524 analectorum
1503 2471 1601 2536 tomis,
1619 2472 1646 2525 in
1662 2469 1735 2526 solio
1752 2483 1785 2526 ut
1796 2473 1889 2540 aiunt,
1902 2472 1966 2548 plu-

1133 2573 1208 2628 rima
1223 2576 1435 2647 comportavit,
1453 2592 1531 2647 quae
1548 2592 1565 2628 a
1581 2575 1728 2630 Blasiauis
1749 2587 1780 2630 et
1802 2578 1916 2631 exteris
1938 2578 1966 2632 in

1134 2676 1288 2731 historiam
1305 2675 1446 2732 coenobii
1463 2696 1487 2731 s.
1505 2678 1595 2733 Blasii
1620 2680 1677 2733 iam
1699 2680 1815 2754 scripta
1836 2678 1964 2745 suerunt,

1132 2792 1184 2834 aut
1206 2779 1325 2835 adeam
1347 2779 1550 2836 illustrandam
1573 2800 1763 2856 quocumque
1788 2783 1879 2838 modo
1903 2802 1966 2839 ser·

1133 2885 1197 2938 vire
1220 2896 1356 2957 possunt,
1382 2883 1507 2939 adiectis
1524 2887 1612 2940 tomis
1629 2884 1747 2942 duobus
1765 2888 1794 2941 in
1810 2900 1920 2960 quarto
1936 2900 1965 2943 et

1133 2986 1198 3041 aliis
1213 2985 1331 3042 duobus
1345 2988 1373 3041 in
1387 2986 1428 3042 8⁰.
1445 2987 1659 3044 Analectorum
1672 3002 1771 3045 tomus
1784 2990 1837 3045 III.
1855 3005 1886 3046 31
1899 2991 1963 3046 Vll.

1133 3090 1332 3146 adservantur
1356 3093 1384 3146 in
1405 3092 1530 3148 archivo
1551 3095 1725 3149 monasterii
1748 3093 1963 3150 Einsiedlensis

1133 3197 1162 3250 in
1186 3194 1339 3263 Helvetia;
1369 3210 1539 3252 ceterorum
1567 3211 1715 3252 tomorum
1744 3196 1914 3272 fragmenta
1936 3200 1965 3253 in

1133 3297 1256 3353 archivo
1273 3296 1484 3355 San-Paulano
1501 3301 1556 3355 N0.
1579 3299 1636 3372 187
1655 3298 1864 3356 adservantur.

1220 3439 1272 3494 IX.
1296 3439 1438 3514 Epitome
1460 3442 1588 3495 omnium
1606 3459 1715 3508 rerum,
1738 3459 1818 3515 quae
1834 3440 1873 3496 ad
1889 3442 1963 3496 noti-

1133 3544 1203 3598 tiam
1220 3541 1415 3597 domesticam
1433 3545 1605 3599 monasterii
1623 3563 1647 3599 s.
1664 3544 1755 3600 Blasii
1773 3543 1875 3601 133313
1893 3563 1961 3620 pos-

1133 3659 1202 3702 sunt
1218 3665 1313 3721 usque
1330 3646 1367 3701 ad
1384 3665 1492 3702 annum
1515 3662 1604 3720 1749,
1622 3648 1727 3703 ordine
1744 3648 1962 3722 chronologico

1133 3750 1260 3824 digesta,
1279 3768 1410 3805 necnon
1427 3750 1548 3817 chartis,
1570 3750 1785 3825 diplomatibus
1802 3764 1833 3808 et
1849 3752 1961 3808 codici·

1132 3852 1189 3910 bus
1213 3856 1414 3929 manuscripta
1434 3854 1558 3910 firmata.
1588 3855 1784 3930 Manuscript.
1816 3869 1907 3929 1753,
1936 3858 1962 3911 in

1132 3958 1215 4014 10110.
1234 3958 1302 4013 1)110
1320 3958 1478 4024 volumina,
1502 3976 1561 4032 qua
1577 3958 1778 4014 adservantur
1793 3961 1822 4014 in
1838 3960 1961 4043 archivo

1131 4060 1341 4118 San-Paulano
1357 4065 1413 4119 No.
1435 4063 1509 4130 186;
1535 4064 1558 4119 1.
1575 4063 1635 4119 vol.
1660 4065 1793 4119 continet
1814 4082 1844 4138 p.
1866 4064 1962 4120 CXIX

1131 4180 1161 4221 31
1182 4168 1325 4241 pertingit
1339 4186 1357 4221 a
1373 4185 1445 4242 pag.
1466 4181 1604 4239 1—479;
1631 4167 1667 4222 ΙΙ.
1691 4166 1751 4223 vol.
1772 4185 1790 4222 a
1811 4185 1883 4242 pag.
1900 4166 1962 4240 480

1130 4269 1269 4341 -1138,

1216 4422 1417 4484 Dolendum
1433 4442 1519 4484 sane
1533 4432 1597 4503 est,
1608 4425 1703 4504 quod
1716 4443 1763 4485 ex
1777 4423 1856 4486 istis
1865 4426 1962 4486 volu·

1130 4543 1283 4606 minibus
1305 4545 1407 4625 plura
1427 4545 1496 4606 iam
1520 4545 1683 4607 incendio
1706 4545 1830 4608 ultimo
1847 4546 1960 4627 perie-

1130 4665 1208 4745 rint,
1236 4673 1298 4727 aut
1322 4675 1428 4728 antea
1452 4667 1623 4728 distracta
1646 4666 1792 4747 fuerint,
1817 4677 1891 4729 tam
1916 4669 1959 4729 de

1129 4786 1276 4849 historia
1292 4808 1399 4868 quam
1419 4790 1463 4850 de
1484 4789 1667 4851 analectis.
1690 4787 1889 4852 Historiam
1908 4799 1960 4851 ta·

1129 4928 1209 4970 men
1225 4908 1400 4989 integram
1417 4918 1453 4972 et
1469 4911 1612 4990 plenam
1635 4911 1679 4972 de
1702 4928 1728 4972 s.
1746 4910 1858 4973 Blasii
1883 4930 1962 4974 coe·

1129 5029 1235 5090 nobio
1260 5031 1524 5093 successoribus
1546 5031 1733 5113 reliquisse
1757 5035 1958 5095 censendus

1130 5160 1195 5232 est,
1221 5154 1363 5233 quando
1390 5153 1522 5216 ultimis
1538 5153 1634 5216 vitae
1656 5154 1758 5217 annis
1781 5154 1960 5236 epitomen

1128 5293 1243 5336 rerum
1260 5274 1505 5336 Blasianarum
1521 5275 1684 5357 superius
1701 5277 1768 5338 sub
1783 5296 1812 5354 9.
1827 5277 1960 5359 allega·

1127 5405 1199 5458 tam
1220 5396 1435 5477 composuit,
1460 5415 1550 5477 opus
1573 5397 1794 5477 praeclaram
1820 5406 1857 5461 et
1881 5398 1960 5460 usui
