4208 6194
914 445 1194 514 ‚401-

184 633 311 691 ducibus
336 616 448 690 'domus
476 630 707 707 Habsburgicae
738 631 874 689 subiecta
905 630 1015 711 luerit.)

185 719 348 802 Carinthia‚
370 735 460 794 1816.
478 738 534 793 No.
554 735 646 809 7-8.

272 843 324 899 ΙΙΙ.
349 843 476 917 Magnus
498 841 595 908 Klein,
619 841 746 897 weiland
762 841 824 898 abt
844 859 904 897 von
925 841 1015 898 Gott-

186 947 262 1004 weih
287 948 315 1003 in
338 946 631 1010 NiederOsterreich‚
656 944 793 1019 geboren
816 966 852 1000 zu
875 946 1014 1002 Wasser·

186 1053 275 1109 holen
291 1055 320 1108 in
338 1054 482 1107 Karnten.
504 1046 603 1127 (Vitae
626 1047 827 1128 curriculum.)
851 1049 1013 1116 Carinthia‚

191 1156 280 1214 1816.
297 1158 353 1213 No.
371 1171 421 1229 27·

272 1262 321 1318 IV.
337 1262 400 1316 Das
413 1260 636 1316 Christenthum
650 1261 687 1315 im
702 1259 849 1315 mittleren
862 1260 1014 1321 Noricum.

185 1366 337 1422 nachmals
351 1365 560 1422 Carantanien.
578 1361 607 1441 (i.
618 1383 644 1420 e.
658 1364 847 1420 Christianae
860 1364 1015 1437 religionis

186 1475 215 1527 in
231 1470 412 1527 Carinthiam
431 1466 635 1547 introductio)
659 1467 859 1542 Abgedruckt
880 1469 909 1522 in
925 1467 1015 1523 Eich-

184 1577 275 1632 horns
285 1576 454 1648 Beitragem
473 1588 497 1629 1.
508 1572 692 1646 Sammlung‚
711 1571 801 1644 1817.
815 1591 845 1648 p.
857 1586 872 1644 7
877 1586 935 1644 5-
946 1586 1014 1628 101.

271 1698 306 1754 V.
344 1695 518 1761 Eberhard,
551 1693 734 1751 Erzbischol
766 1713 825 1750 von
857 1692 1014 1768 Salzburg‚

184 1803 289 1859 Stilter
313 1801 367 1857 des
389 1801 538 1856 Bisthums
560 1800 687 1855 Larant.
713 1796 742 1876 (i.
760 1816 785 1855 e.
804 1800 850 1855 De
867 1799 1015 1875 archiepi-

188 1925 283 1982 scopo
300 1904 477 1962 Eberhardo
494 1901 741 1982 Salisburgensi.)
766 1902 966 1977 Abgedruckt
986 1905 1015 1959 in

184 2012 353 2068 Eichhorns
368 2012 537 2084 Beitraigen,
561 2025 585 2066 1.
599 2009 783 2084 Sammlung,
802 2008 891 2082 1817.
909 2028 938 2085 p.
953 2024 969 2064 2
973 2021 1012 2081 37

182 2114 299 2188 -248

269 2220 319 2276 Vl.
345 2220 402 2275 Die
424 2218 514 2276 Gruft
537 2219 591 2274 der
615 2218 789 2274 erlauchten
814 2215 1015 2291 Habsburger

183 2346 217 2381 zu
235 2322 266 2381 S.
281 2325 352 2380 Paul
371 2327 400 2380 in
417 2326 560 2380 Karnten.
579 2320 609 2400 (i.
623 2341 649 2379 e.
662 2323 885 2379 Monumentum
903 2322 1013 2395 gentile
1042 2362 1047 2370 -

183 2428 428 2503 Habsburgicum
446 2427 483 2484 ad
500 2448 524 2484 s.
537 2424 683 2504 Paulum.)
701 2425 899 2501 Abgedruckt
914 2429 943 2482 iu
959 2425 1013 2482 der

184 2535 440 2590 Karntnerischen
454 2532 634 2599 Zeitschrift,
655 2548 679 2588 1.
693 2531 862 2588 Bandchen.
881 2531 1013 2605 Klagen·

183 2638 251 2705 lurt,
269 2637 317 2694 bei
334 2639 451 2715 Johann
468 2639 565 2694 Leon.
588 2634 677 2694 1818.
695 2657 724 2713 p.
746 2634 879 2710 17—48.
898 2635 939 2692 8⁰.

269 2761 334 2816 VII.
363 2761 591 2817 Dintenllecken
619 2760 672 2816 der
699 2759 902 2834 Langeweile.
931 2756 960 2836 (i.
986 2776 1012 2815 e.

183 2866 348 2921 Atramenti
365 2863 524 2944 maculae.)
541 2865 704 2932 Carinthia,
726 2863 816 2936 1824.
834 2866 888 2920 No.
911 2878 957 2937 19.

270 2988 350 3045 VIII.
373 2987 456 3044 Rede
473 3006 519 3042 am
538 2986 643 3043 Grabe
664 2988 717 3043 des
740 2986 1012 3061 hoilnungsvollen,

182 3113 217 3148 zu
233 3092 299 3149 sriih
308 3092 482 3148 verklarten
491 3093 607 3148 Horers
621 3091 674 3148 der
686 3091 890 3167 Philosophie,
903 3089 1012 3166 loseph

182 3216 242 3254 von
259 3197 447 3271 Aichenegg‚
471 3197 665 3272 gesprochen
685 3216 723 3252 an
744 3196 792 3252 die
812 3194 939 3252 Schiiler
959 3194 1014 3250 der

184 3302 379 3377 Philosophie
403 3320 471 3357 vom
495 3299 576 3357 Prof.
602 3301 698 3376 Leop.
721 3299 1011 3373 Scheichenberger.

183 3404 211 3484 (i.
230 3426 255 3462 e.
276 3409 384 3463 Oratio
402 3404 557 3483 funebris.)
579 3403 668 3462 1818.
687 3410 729 3477 4⁰.

269 3530 320 3584 111.
339 3528 421 3585 Rede
439 3547 477 3583 an
494 3528 541 3584 die
554 3527 781 3583 academischen
795 3526 943 3600 nglinge
960 3525 1014 3582 der

182 3634 375 3709 Philosophie
401 3632 449 3689 bei
474 3633 528 3689 der
548 3631 867 3688 Trauerleierlichkeit
889 3630 935 3685 fiir
956 3629 1013 3685 den

182 3757 228 3794 am
258 3753 304 3794 12.
328 3739 476 3811 Hornung
504 3735 581 3808 1823
608 3735 829 3794 verstorbenen
853 3734 1013 3791 Professor

183 3842 235 3898 der
251 3842 364 3916 Physik
381 3843 413 3898 P.
431 3843 641 3898 Bonaventura
655 3839 790 3908 Haelele‚
807 3852 1013 3913 vorgetragen

182 3945 250 4024 (den
280 3961 328 4003 20.
358 3945 519 4003 desselben
542 3945 690 4023 hlonates)
714 3964 783 4001 vom
808 3944 889 4001 Prot.
915 3943 1012 4019 Leop.

182 4049 474 4125 Scheichenberger.
493 4047 522 4127 (i.
539 4069 565 4106 e.
584 4051 692 4106 Oratio
708 4046 902 4128 academica.)
919 4054 961 4121 4⁰.

268 4176 305 4229 X.
331 4173 414 4229 Rede
439 4191 486 4228 am
508 4173 617 4229 dritten
634 4171 790 4247 Sonntage
807 4172 883 4229 nach
900 4172 1012 4228 Ostern

187 4277 276 4335 1822.
301 4279 513 4352 Vorgetragen
534 4280 562 4333 In
584 4277 637 4334 der
660 4277 883 4334 bischdllichen
903 4276 1012 4333 Cathe-

181 4383 351 4439 dralkirche
375 4403 410 4438 zu
433 4381 612 4457 Klagensurt
635 4401 681 4438 am
703 4382 810 4439 achten
826 4380 915 4455 Tage
936 4380 1011 4436 nach

182 4488 235 4544 der
251 4486 424 4544 Ieierlichen
441 4485 633 4560 Beerdigung
655 4485 782 4541 weiland
803 4483 851 4542 Sr.
869 4485 1011 4541 Eminenz

182 4592 234 4648 des
261 4592 526 4667 hochwiirdigsten
554 4589 800 4648 Flirstbischoles
827 4609 886 4646 von
914 4589 1010 4657 Gurk,

182 4698 276 4753 Franz
294 4699 416 4764 Xarier‚
439 4695 597 4770 Altgralen
614 4714 674 4751 ron
691 4693 1009 4760 Salm·Reiserscheid,

1101 632 1198 707 18463
1223 627 1439 690 sollemniter
1462 626 1645 709 professus
1670 626 1727 688 die
1752 630 1802 688 26.
1828 627 1923 710 Aug.

1100 755 1195 830 1849:
1214 752 1382 813 sacerdos
1399 749 1456 812 die
1475 768 1524 828 27.
1541 750 1605 812 Iul.
1627 752 1717 811 1851.
1747 748 1924 812 Absoluto

1095 875 1130 936 in
1146 874 1248 956 lyceo
1265 871 1550 955 Clagensurtensi
1571 870 1689 934 studio
1710 872 1924 955 theologiae,

1095 1000 1141 1058 ab
1158 1015 1250 1058 anno
1272 999 1347 1057 1851
1373 1013 1485 1075 usque
1507 998 1585 1072 1854
1610 992 1645 1055 in
1670 1015 1696 1056 s.
1713 994 1827 1056 Paulo
1848 1006 1924 1059 erat

1094 1139 1224 1201 regens
1241 1118 1347 1197 chori,
1371 1154 1412 1164 -
1432 1117 1482 1179 rei
1499 1117 1654 1179 musicae
1677 1117 1812 1200 quippe
1832 1108 1924 1200 peri-

1095 1241 1251 1304 tissimus
1269 1278 1307 1286 —
1326 1240 1552 1302 concionator
1573 1240 1766 1303 matutinus
1788 1249 1823 1303 et
1843 1260 1924 1321 pro·

1094 1362 1209 1425 sessor
1225 1363 1396 1444 supplens
1413 1361 1448 1423 in
1464 1361 1651 1443 gymnasio
1668 1361 1840 1442 inferiori,
1863 1364 1924 1426 do-

1096 1505 1179 1548 cens
1210 1485 1366 1568 linguam
1395 1483 1651 1547 Germanicam.
1691 1486 1798 1548 Anno
1833 1491 1923 1570 1854,

1095 1619 1285 1690 postquam
1313 1626 1464 1668 examen
1492 1626 1570 1668 curn
1598 1609 1703 1670 laude
1730 1609 1923 1692 subiverat,

1095 1730 1276 1813 professor
1294 1730 1475 1792 doctrinae
1488 1730 1669 1811 religionis
1685 1731 1719 1792 in
1736 1735 1924 1814 gymnasio

1095 1851 1382 1934 Clagenfurtensi
1419 1851 1592 1933 superiori
1628 1852 1827 1916 nominatus
1859 1866 1923 1938 est,

1095 1974 1198 2037 simul
1215 1976 1347 2037 docens
1367 1975 1505 2037 litteras
1521 1972 1753 2038 Germanicas
1776 1977 1812 2039 in
1836 1984 1865 2041 o.
1888 1989 1924 2042 11

1096 2117 1124 2176 7.
1134 2099 1257 2177 classe,
1267 2107 1303 2160 et
1316 2101 1361 2159 ab
1370 2117 1462 2159 anno
1476 2100 1638 2177 1859-71
1655 2098 1761 2161 etiam
1771 2120 1922 2182 propae-

1095 2220 1271 2282 deuticam
1299 2209 1591 2301 philosophicam.
1622 2220 1682 2281 Ab
1706 2241 1798 2284 anno
1832 2227 1923 2305 1871,

1094 2342 1202 2404 missa
1218 2340 1499 2423 propaedeutica
1520 2342 1776 2424 philosophica,
1794 2344 1923 2408 doctri·

1053 2488 1056 2519 1
1094 2485 1174 2526 nam
1203 2463 1384 2546 religionis
1413 2463 1582 2525 studiosis
1608 2464 1717 2527 totius
1744 2467 1922 2548 gymnasii

1052 2548 1056 2646 l
1094 2587 1289 2669 explicavit
1307 2597 1342 2648 et
1358 2585 1526 2667 explicat,
1550 2606 1619 2648 una
1641 2606 1808 2650 enarrans
1829 2589 1922 2652 litte-

1093 2729 1151 2771 ras
1168 2706 1398 2770 Germanicas
1416 2707 1451 2769 in
1469 2714 1497 2770 o.
1515 2719 1551 2771 et
1569 2728 1596 2787 7.
1614 2711 1727 2772 classe
1747 2731 1860 2792 usque
1876 2713 1922 2774 ad

1094 2851 1223 2894 annum
1246 2835 1335 2911 1875,
1359 2850 1404 2892 ex
1427 2851 1497 2912 quo
1514 2832 1624 2893 solam
1641 2832 1821 2895 doctrinae
1843 2835 1922 2896 reli·

1092 2952 1209 3034 gionis
1233 2953 1438 3014 cathedram
1461 2963 1568 3015 tenet.
1598 2953 1789 3016 Praeterea
1810 2954 1844 3016 in
1867 2976 1921 3017 sa-

1093 3074 1161 3138 cris
1179 3074 1364 3137 dominicis
1381 3083 1416 3136 et
1428 3073 1567 3137 festivis
1580 3075 1661 3137 Inde
1675 3077 1721 3137 ab
1733 3096 1826 3139 anno
1840 3082 1921 3157 1854

1093 3196 1272 3259 studiosos
1296 3197 1443 3259 iuvenes
1468 3197 1674 3278 superioris,
1700 3207 1735 3260 et
1758 3201 1803 3260 ab
1828 3220 1920 3264 anno

1097 3322 1172 3397 1871
1202 3321 1310 3383 totius
1337 3319 1516 3402 gymnasii
1544 3319 1772 3384 concionibus
1800 3343 1920 3386 eorum

1093 3443 1204 3504 aetati
1221 3452 1256 3504 et
1272 3442 1350 3503 usui
1367 3444 1458 3504 bene
1479 3443 1754 3505 accommodatis
1775 3447 1821 3506 ad
1842 3446 1920 3508 reli-

1093 3565 1235 3647 gionem
1260 3574 1296 3627 et
1316 3564 1482 3627 virtutem
1505 3565 1688 3627 colendam
1713 3568 1920 3631 exhortatus

1094 3697 1148 3750 est
1165 3697 1201 3750 et
1217 3689 1434 3750 exhortatur.
1459 3687 1504 3749 Et
1527 3706 1649 3750 omnes
1673 3686 1780 3750 officii
1800 3702 1922 3772 partes

1093 3820 1193 3872 tanta
1217 3809 1362 3871 solertia
1386 3819 1422 3871 et
1446 3809 1621 3872 educandi
1647 3812 1836 3891 prudentia
1859 3814 1922 3876 im-

1093 3932 1216 4013 plebat
1236 3942 1272 3994 et
1295 3932 1428 4013 implet,
1453 3942 1491 3994 ut
1514 3950 1698 4014 supremus
1722 3934 1921 3998 scholarum

1093 4064 1237 4116 senatus
1253 4053 1541 4115 Vindobonensis
1563 4074 1654 4117 anno
1676 4059 1765 4136 1858,
1788 4067 1823 4119 et
1844 4055 1921 4119 Cel·

1093 4175 1251 4238 sissimus
1268 4175 1435 4257 princeps
1448 4176 1637 4258 episcopus
1651 4175 1843 4241 Gureensis
1860 4200 1921 4241 an-

1092 4298 1145 4360 nis
1178 4303 1255 4377 1872
1286 4309 1321 4360 et
1348 4303 1425 4376 1877
1456 4317 1535 4360 eum
1558 4299 1920 4364 honorificentissimis

1091 4419 1217 4482 litteris
1239 4407 1527 4483 collaudaverint.
1553 4421 1703 4504 Insuper
1719 4432 1773 4485 est
1789 4425 1920 4486 sodalis

1091 4542 1301 4604 societatum
1312 4542 1622 4624 historicaeetpro
1632 4544 1728 4606 cultu
1738 4545 1920 4608 hortorum

1091 4664 1303 4746 CarInthiae‚
1321 4684 1385 4726 nec
1402 4685 1470 4727 non
1488 4685 1514 4727 s,
1529 4664 1703 4728 Caeciliae
1720 4668 1766 4729 ad
1782 4687 1920 4749 promo·

181 4801 234 4858 der
265 4802 333 4857 heil.
365 4802 536 4858 romischen
568 4802 679 4858 Kirche
711 4800 1008 4876 Cardinalpriesters.
1048 4772 1052 4873 l
1089 4788 1241 4849 vendam
1259 4786 1429 4849 musicam
1446 4789 1691 4868 qUOadsacra.

181 4902 209 4982 (i.
224 4925 251 4962 e.
269 4907 376 4962 Oratio
395 4903 549 4982 funebris.)
566 4905 756 4979 Klagenfurt,
773 4903 821 4960 bei
837 4904 904 4980 Joh.
922 4905 1008 4960 Leon
1048 4880 1051 5007 l

181 5011 233 5066 sel.
252 5009 363 5067 Erben.
381 5018 423 5083 4⁰.

267 5145 431 5218 Schellz
461 5157 603 5218 Benno
636 5154 1008 5238 (San-Paulanus)‚

180 5285 285 5337 natus
303 5286 357 5337 est
374 5275 409 5336 in
425 5275 602 5337 Ritschka
623 5275 658 5336 in
680 5274 853 5337 Bohemia
878 5275 935 5337 die
959 5296 1008 5354 27.

181 5393 260 5458 Oct.
291 5400 385 5469 1822;
415 5417 440 5460 s.
466 5397 589 5459 habitu
617 5397 761 5460 indutus
789 5397 845 5459 die
872 5420 903 5476 4.
930 5397 1007 5461 Oct.

1174 4935 1283 4997 Prelo
1302 4935 1477 4998 submisit:

1177 5089 1198 5144 l.
1216 5086 1317 5145 Ueber
1332 5087 1380 5144 die
1397 5088 1530 5144 Oualitat
1547 5088 1601 5144 der
1617 5087 1863 5164 Lebensgebiete
1880 5092 1918 5146 im

1089 5193 1261 5249 Menschen.
1280 5189 1350 5270 (1.1.
1369 5193 1415 5248 De
1431 5191 1578 5249 dualismo
1595 5191 1746 5272 humano.)
1771 5195 1804 5250 In
1821 5210 1837 5250 2
1856 5193 1918 5251 Ab·

1090 5299 1270 5373 theilungen.
1288 5300 1463 5373 Programm
1485 5298 1539 5355 des
1561 5300 1590 5356 k.
1607 5299 1637 5355 k.
1654 5299 1866 5374 Gymnasiums
1881 5320 1918 5357 zu

1091 5403 1266 5478 Klagensurt
1291 5424 1337 5460 am
1362 5401 1505 5461 Schlusse
1530 5403 1584 5460 der
1604 5403 1813 5479 Studienjahre
1837 5404 1915 5478 1863

1658 5516 1688 5568 51
