4178 6196
941 430 1224 499 ,300-

215 616 461 698 capitularium
477 614 701 679 Scotensium
716 615 1040 699 peregrinationem
1078 617 1082 679 1
1120 624 1204 677 vota
1220 614 1336 676 emisit
1352 615 1537 677 sollemnia
1554 634 1604 694 27.
1621 615 1706 678 Maii
1728 619 1809 678 1860
1824 625 1860 679 01
1878 615 1952 698 pri-

214 738 394 823 religionis
411 758 519 803 causa
541 740 587 802 ad
604 758 631 801 0.
647 738 783 802 Mariae
799 739 988 821 imaginem
1004 739 1040 803 in

214 861 394 926 Mariazell
410 861 578 944 suscepit,
595 860 748 943 stipatus
764 881 894 944 magna
910 862 1040 926 civium

213 983 543 1048 Vindobonensium
559 983 798 1057 multitudine;
815 987 910 1067 quod
927 1005 1039 1068 usque

213 1109 328 1171 adhuc
350 1107 502 1188 septimo
522 1126 664 1188 quoque
680 1126 773 1170 anno
788 1110 1039 1190 peragebatur.

218 1233 298 1293 1806
314 1248 399 1292 vero
415 1231 528 1291 abbas
545 1227 625 1291 eu'm
640 1229 831 1310 parochiae
853 1229 889 1293 in
906 1229 1040 1312 Campo

213 1349 401 1415 Scotorum
428 1349 611 1432 praefecit.
646 1348 734 1413 Cum
759 1351 887 1413 deinde
915 1355 991 1414 1811
1019 1372 1040 1413 a

214 1493 335 1537 mense
353 1473 469 1554 Aprili
485 1492 596 1555 usque
613 1475 660 1536 ad
681 1494 728 1551 19.
745 1472 823 1537 Oct.
838 1474 1039 1555 parochiam

212 1596 247 1659 in
264 1594 477 1679 Eggendorf
496 1593 789 1676 administrasset,
812 1597 957 1658 tandem
978 1617 1041 1679 pa-

212 1720 340 1782 rochus
351 1717 468 1780 factus
485 1728 540 1781 est
552 1717 587 1780 in
600 1715 885 1799 Stammersdorf,
900 1719 1040 1783 011111111-

212 1841 288 1904 neri
311 1840 540 1905 saluberrime
564 1860 629 1922 per
655 1845 691 1903 18
716 1860 827 1903 annos
850 1850 954 1924 gesto
979 1841 1041 1904 im-

212 1973 371 2026 mortuus
388 1974 443 2026 est
462 1984 489 2043 7.
508 1963 581 2026 Iun.
604 1967 693 2027 1880.

301 2101 414 2184 Typis
431 2101 557 2164 edidit:

299 2247 321 2303 1.
339 2244 597 2303 Unverweriliche
610 2247 776 2320 Zeugnisse
791 2247 848 2303 und
859 2247 1042 2304 Denkmaler

213 2350 260 2407 fiir
279 2350 326 2406 die
344 2348 582 2407 Brauchbarkeit
597 2350 651 2406 der
666 2348 817 2408 Schriften
837 2351 892 2408 der
911 2351 1041 2428 heiligen

212 2455 307 2512 Vater
330 2457 382 2510 mit
405 2453 571 2511 Rucksicht
595 2454 647 2511 auf
668 2455 724 2511 den
749 2455 940 2512 offentlichen
961 2457 1042 2513 Reli-

212 2559 476 2634 gionsunterricht.
493 2556 522 2638 (i.
537 2578 563 2616 e.
577 2558 765 2616 Testimonia
781 2580 805 2617 s.
819 2574 935 2637 patrum
949 2563 978 2617 in
994 2579 1041 2617 re·

214 2665 325 2740 ligione
347 2662 468 2741 publice
489 2663 634 2720 tradenda
653 2663 821 2721 adhibenda
838 2663 927 2743 esse.)
950 2681 960 2722 1
980 2667 1040 2723 vol.

213 2767 256 2826 8⁰.
273 2770 418 2835 Viennae,
439 2782 528 2842 1795,
544 2770 623 2844 typis
640 2769 662 2824 Ι.
677 2769 735 2825 ΤΙ1.
754 2768 824 2826 nob.
841 2769 1040 2827 deTrattner.

300 2890 336 2947 11.
356 2878 780 2966 GeistlicheBetrachtungen
798 2891 873 2949 iiber
888 2893 1041 2949 verschie-

213 2994 290 3052 dene
306 2995 503 3051 Wahrheiten
524 2995 577 3051 des
594 2996 706 3052 Heiles.
731 2992 760 3072 (1.
782 3015 808 3052 0.
831 2996 1041 3053 Meditationes

213 3098 251 3156 de
267 3101 359 3155 variis
381 3100 485 3155 salutis
502 3097 750 3178 quaestionibus.)
776 3115 787 3155 1
808 3100 867 3157 vol.
890 3098 932 3157 8⁰.
950 3102 1040 3157 Vien-

214 3221 279 3269 nae,
303 3201 392 3271 1802,
410 3218 520 3280 sumpt.
538 3204 659 3281 Iosephi
676 3204 772 3261 Riedl.

299 3326 351 3381 111.
369 3325 467 3402 Typis
484 3344 578 3401 porro
596 3325 745 3382 mandavit
762 3329 925 3383 conciones
941 3327 1040 3384 diver-

212 3448 276 3488 sas:
301 3430 369 3487 Von
385 3429 442 3486 den
459 3430 603 3487 Pssichten
619 3430 673 3486 der
689 3430 860 3505 Glaubigen
877 3450 977 3506 gegen
994 3432 1040 3488 die

213 3535 355 3591 Priester.
373 3530 437 3611 (Or.
451 3532 573 3612 primit.)
590 3536 733 3602 Viennae,
749 3550 837 3609 1797,
852 3539 932 3612 typis
944 3537 967 3592 1.
981 3537 1039 3593 Th.

97 3654 100 3659 ’
213 3637 283 3695 nob.
301 3637 338 3693 de
351 3637 504 3693 Trattner.
518 3671 560 3683 -
573 3639 656 3695 Rede
672 3657 731 3695 von
745 3639 802 3696 den
819 3639 1040 3715 eingebildeten

213 3742 429 3799 Hindernissen
456 3742 509 3798 der
531 3743 784 3817 gewissenhaiten
807 3744 866 3800 und
894 3745 1040 3802 christen·

215 3846 372 3921 wiirdigen
391 3846 602 3921 Verwendung
625 3847 679 3904 der
702 3847 809 3904 Gaben
833 3848 891 3905 und
915 3848 1041 3906 Gnaden

213 3951 325 4008 Gottes
350 3970 401 4007 zur
425 3949 589 4024 Heiligkeit
611 3951 668 4006 und
690 3950 852 4026 Seligkeit;
877 3971 923 4009 am
948 3954 1041 4010 Feste

212 4056 266 4113 des
290 4056 419 4129 heiligen
440 4054 579 4130 Leopold
603 4076 638 4110 zu
660 4055 929 4132 Klosterneuburg.
951 4058 1041 4114 Vien-

213 4181 279 4229 nae,
302 4159 391 4227 1801,
414 4161 493 4235 typis
515 4161 536 4216 1.
555 4159 624 4217 nob.
643 4160 680 4216 de
696 4161 849 4218 Trattner.
876 4194 918 4204 —
942 4161 1042 4220 Ueber

214 4266 271 4322 den
283 4266 398 4321 Nutzen
415 4264 474 4320 und
488 4265 595 4321 Werth
608 4265 661 4320 der
674 4265 981 4340 Ordensgeistlichen,
994 4285 1041 4323 am

214 4372 303 4427 Feste
321 4370 374 4426 des
388 4369 576 4427 heil.Vatcrs
589 4370 776 4429 Benedictus.
795 4371 935 4440 Viennae,
951 4370 1040 4437 1802,

215 4473 293 4551 apud
317 4473 428 4550 Ioseph
454 4473 551 4529 Riedl.
575 4507 617 4515 -
640 4472 708 4530 Von
729 4474 784 4530 den
801 4476 963 4549 Vorziigen
978 4476 1041 4531 Ma-

213 4581 303 4635 riens.
335 4576 484 4634 Gehalten
510 4597 557 4634 arn
582 4578 725 4653 Festtage
749 4579 829 4635 ihrer
852 4578 1041 4653 glorreichen

215 4683 433 4741 Himmelsahrt.
451 4683 594 4747 Viennae,
612 4681 702 4756 1804,
720 4685 799 4759 typis
813 4685 834 4739 Ι.
848 4683 906 4740 Th.
920 4684 990 4741 nob.
1004 4684 1041 4740 de

213 4788 368 4844 Trattner.
382 4820 424 4829 -
441 4785 583 4843 Lobrede
596 4787 649 4843 auf
658 4786 706 4842 die
719 4786 786 4843 heil.
796 4787 914 4863 Angeia
926 4789 1040 4856 Meriei,

213 4891 351 4949 Stisterin
368 4891 422 4947 der
438 4889 642 4948 Gesellschaft
660 4890 715 4947 der
731 4890 797 4946 heil.
816 4891 932 4949 Ursula.
950 4893 1041 4949 Vien-

213 5015 278 5063 nae,
301 4995 391 5061 1808,
409 4998 487 5072 typis
504 4996 625 5073 losephi
643 4995 785 5053 Tendler.

300 5125 522 5201 Millwisch
555 5138 819 5220 Augustinus
850 5137 1042 5217 (Admon-

214 5255 377 5336 tensis),
395 5256 538 5318 natione
552 5254 667 5320 Stirus
684 5266 788 5319 natus
809 5278 854 5320 10.
869 5258 932 5321 Iul.
951 5260 1041 5336 1833,

214 5376 339 5440 studiis
356 5378 392 5440 in
409 5380 495 5439 urbe
517 5378 632 5460 patria
652 5378 825 5441 absolutis
842 5379 1041 5441 Admontes
1122 5377 1351 5440 devincirent.
1364 5376 1518 5441 Penuria
1529 5379 1753 5441 sacerdotum
1763 5377 1797 5440 in
1807 5377 1948 5440 vineam

1120 754 1177 798 mo
1193 735 1293 799 stetit
1308 737 1353 798 ad
1370 757 1466 800 aram
1485 741 1534 800 26.
1552 739 1615 802 Iul.
1634 742 1723 821 1860,
1740 759 1787 802 011
1799 757 1870 821 quo
1888 731 1953 802 an-

1120 877 1165 920 no
1182 877 1267 921 cura
1287 859 1480 923 animarum
1502 874 1699 943 occupatus
1720 862 1757 925 in
1777 862 1952 944 parochia

1120 1000 1145 1041 s.
1163 978 1358 1062 Michaelis,
1380 983 1582 1066 Kaliwang,
1603 983 1770 1066 Ardning
1793 993 1830 1047 et
1848 995 1952 1066 post·

1119 1122 1216 1166 remo
1236 1103 1271 1166 in
1293 1103 1469 1168 Gaishorn
1491 1116 1671 1187 pastorem
1696 1106 1773 1190 agit
1795 1107 1954 1171 indefes·

1120 1244 1206 1307 sum,
1224 1247 1253 1290 c.
1266 1246 1291 1289 r.
1309 1227 1421 1290 musei
1433 1227 1721 1292 Vindobonensis
1733 1249 1799 1311 pro
1811 1231 1954 1293 artibus

1121 1358 1157 1411 et
1179 1349 1354 1412 industria
1376 1348 1531 1412 fovenda
1554 1353 1850 1433 correspondens,
1876 1372 1951 1415 soc.

1120 1470 1166 1531 ad
1175 1480 1287 1533 artem
1297 1470 1523 1534 christianam
1536 1474 1814 1554 promovendam
1827 1485 1864 1536 et
1877 1493 1953 1537 000.

1120 1612 1147 1654 0.
1165 1592 1341 1656 Caeciliae
1358 1594 1489 1656 sodalis
1506 1595 1654 1658 activus.

1207 1720 1230 1775 Ι.
1248 1719 1305 1775 Die
1318 1718 1568 1777 Sonnwendfeier
1580 1722 1617 1777 im
1631 1720 1864 1779 Oberennsthal.
1878 1719 1909 1800 (i.
1923 1741 1953 1778 e.

1121 1821 1313 1880 Sollemnitas
1332 1821 1499 1903 brumalis.)
1521 1824 1637 1882 Grazer
1652 1824 1834 1891 Volksblatt,
1856 1823 1953 1884 1868.

1206 1929 1244 1986 ΙΙ.
1262 1928 1364 1986 Ueber
1380 1929 1427 1985 die
1443 1929 1684 1986 Kirchenstdhle.
1702 1926 1731 2008 (i.
1745 1950 1772 1988 e.
1789 1930 1835 1987 De
1847 1930 1955 1988 sedili·

1121 2032 1177 2090 bus
1189 2034 1219 2089 in
1228 2029 1387 2111 ecclesiis.)
1403 2034 1784 2111 MiteinerKunstbeilage.
1802 2035 1954 2093 Kirchen·

1121 2137 1276 2204 schmuck,
1299 2136 1387 2211 1870.
1405 2138 1461 2194 N0.
1479 2136 1508 2194 8.

1209 2242 1259 2297 ΙΙΙ.
1281 2243 1345 2299 Ι)01
1360 2244 1389 2297 111
1405 2241 1459 2299 der
1475 2243 1588 2299 Kirche
1604 2263 1641 2299 zu
1657 2241 1828 2319 Grobming
1842 2244 1954 2319 ausge-

1122 2344 1249 2402 fundene
1266 2348 1467 2404 Rdmerstein.
1485 2343 1554 2424 (1.0.
1572 2348 1667 2424 Lapis
1683 2348 1836 2404 Romanus
1852 2350 1882 2405 in
1899 2367 1954 2406 ec·

1122 2450 1213 2506 010010
1229 2448 1355 2529 Groeb.)
1372 2452 1486 2508 Histor.
1504 2450 1684 2519 Zeitschrift‚
1702 2452 1793 2520 Graz,
1815 2451 1905 2527 1870.

1207 2555 1258 2612 IV.
1276 2555 1438 2630 Anleitung
1449 2575 1501 2612 zur
1512 2555 1679 2613 Aufnahrne
1692 2575 1751 2613 von
1764 2556 1954 2633 plastischen

1122 2660 1324 2717 Ornamenten
1341 2660 1399 2716 und
1417 2661 1604 2718 lnschriften.
1621 2658 1651 2740 (i.
1666 2681 1692 2718 e.
1710 2662 1756 2718 Ad
1773 2661 1956 2720 delineanda

1121 2779 1297 2821 ornamenta
1316 2766 1443 2841 plastica
1460 2780 1489 2822 et
1506 2768 1717 2843 inscriptiones
1734 2766 1954 2846 manuductio.)

1121 2870 1407 2936 Kirchenschmuck,
1429 2869 1518 2944 1874.

1206 2974 1242 3031 V.
1265 2975 1328 3032 Der
1347 2975 1507 3049 gothische
1524 2975 1708 3050 Fliigelaltar
1723 2978 1752 3032 in
1769 2975 1953 3053 Grdbming.

1119 3075 1149 3153 (i.
1166 3098 1192 3135 e.
1209 3078 1271 3134 Ara
1293 3081 1322 3135 in
1343 3079 1408 3135 alae
1428 3079 1553 3136 formam
1577 3080 1700 3137 redacta
1716 3079 1953 3161 Groebmingii.)

1120 3184 1173 3239 Mit
1186 3182 1413 3259 Kunstbeilage.
1428 3184 1714 3253 Kirchenschmuck,
1729 3183 1886 3259 1876.No.
1902 3201 1952 3244 10.

1170 3294 1954 3389 MitterWolfgangus(Seitenstadien·

1120 3423 1208 3505 sis),
1230 3422 1544 3506 Windischgarstii
1569 3425 1604 3486 in
1625 3425 1759 3506 oppido
1779 3424 1952 3489 Austriae

1121 3546 1315 3627 superioris
1331 3546 1388 3607 die
1406 3550 1455 3608 16.
1469 3545 1559 3609 Νον.
1578 3549 1657 3624 1758
1674 3558 1787 3609 natus.
1805 3545 1952 3610 Studio·

1121 3688 1196 3730 rum
1213 3667 1457 3730 humaniorum
1478 3668 1651 3730 curriculo
1671 3668 1800 3750 partim
1821 3668 1952 3733 111801-

1120 3787 1290 3852 tenstadii
1302 3788 1432 3871 partim
1442 3788 1633 3852 Cremifani
1646 3791 1776 3852 scholis
1785 3792 1952 3854 absoluto

1121 3911 1178 3973 die
1202 3916 1231 3974 8.
1253 3913 1339 3975 Dec.
1367 3916 1445 3992 1778
1474 3914 1519 3974 ad
1544 3912 1639 3974 vitae
1666 3913 1885 3975 monasticae
1913 3933 1952 3976 se

1122 4033 1356 4096 conformavit
1371 4053 1528 4096 normam
1546 4044 1582 4095 et
1597 4033 1691 4095 votis
1712 4032 1769 4095 die
1792 4053 1842 4112 27.
1861 4035 1950 4099 Nov.

1126 4160 1203 4234 1782
1227 4157 1365 4219 emissis
1387 4156 1625 4218 sollemnibus
1650 4156 1746 4218 Anni
1767 4158 1951 4238 sequentis

1121 4277 1178 4341 die
1195 4282 1224 4341 8.
1243 4277 1320 4341 Oct.
1337 4279 1415 4341 Deo
1433 4279 1666 4359 omnipotenti
1682 4299 1811 4361 agnum
1829 4278 1951 4343 imma-

1122 4402 1275 4464 culatum
1292 4401 1429 4463 obtulit.
1450 4400 1569 4464 Variis
1586 4412 1622 4464 et
1634 4402 1669 4463 in
1682 4402 1899 4465 monasterio
1916 4414 1952 4465 01

1121 4523 1206 4586 foris
1222 4523 1426 4587 muneribus
1442 4523 1584 4586 functus
1597 4525 1835 4587 bibliothecae
1852 4525 1950 4588 dein-

1121 4646 1166 4706 de
1183 4658 1302 4708 custos
1320 4645 1533 4708 constitutus
1550 4656 1605 4708 est
1621 4645 1740 4727 ibique
1758 4666 1837 4708 curn
1854 4647 1951 4710 evol·

1120 4768 1246 4829 vendis
1262 4767 1377 4830 doctis
1392 4767 1629 4829 voluminibus
1648 4779 1722 4829 tum
1740 4768 1951 4851 colligendis

1121 4889 1276 4970 antiquis
1285 4888 1520 4951 monumentis
1529 4889 1743 4952 indefessam
1756 4900 1856 4952 tanto
1871 4910 1950 4953 cum

1120 5010 1237 5073 fructu
1254 5011 1352 5073 dedit
1368 5031 1523 5093 operam,
1545 5023 1584 5072 ut
1601 5012 1729 5094 dignus
1745 5012 1949 5092 haberetur,

1122 5153 1227 5215 quern
1245 5132 1310 5195 viri
1328 5132 1565 5215 eruditissimi,
1587 5134 1623 5195 in
1638 5134 1693 5196 his
1709 5133 1864 5196 Michael
1879 5133 1949 5197 De-

1122 5255 1175 5318 nis
1202 5254 1368 5317 familiari
1391 5254 1620 5337 epistolarum
1644 5256 1853 5319 commercio
1883 5255 1949 5318 sibi
