4208 6194
910 482 1190 567 ...465-

180 694 352 749 monasterii
385 690 525 766 professo
556 686 594 766 (v.
623 686 679 744 sub
708 705 784 743 voce
812 684 1009 759 Schelzinger

180 799 211 853 P.
230 792 432 870 Innocentius)
449 794 594 849 latinitate
611 793 764 848 donatum.
789 790 908 866 Styrae,
931 792 1010 865 typis

180 902 274 975 Greg.
299 899 467 955 lllcnlrardt.
497 912 587 972 1772.
616 895 658 954 8⁰.
684 895 746 968 328
772 914 800 970 p.
833 895 1009 951 Dedicatum

180 1007 307 1082 principi
329 1003 530 1060 haereditario
552 1002 694 1077 loseplro.
723 1001 755 1055 ln
780 1012 908 1073 utroque
932 997 1011 1053 libro

181 1113 354 1167 transitorie
391 1108 496 1165 saltem
529 1108 654 1162 historia
689 1122 811 1180 quoque
838 1103 1011 1159 monasterii

181 1236 205 1273 S.
224 1215 377 1272 Lamberti
396 1214 537 1287 tangitur.

269 1343 385 1416 Sterz
419 1351 633 1414 Marianus
670 1347 1012 1430 (Lambertinus).

181 1471 295 1534 Natus
313 1482 367 1534 est
381 1470 537 1553 Oppavii
553 1469 587 1531 in
601 1468 730 1533 Silesia
744 1489 793 1529 22.
805 1464 904 1546 Sept.
923 1468 1013 1544 1788,
1053 1500 1055 1505 ,

183 1615 321 1656 sacrum
339 1593 472 1655 ordinis
486 1589 710 1654 Benedictini
725 1588 884 1651 habitum
902 1585 1015 1649 induit

184 1718 229 1778 ad
251 1736 277 1778 S.
295 1715 523 1776 Lambertum
547 1713 581 1774 in
606 1711 728 1794 Styria
748 1716 799 1773 31.
818 1709 896 1774 Oct.
920 1713 1013 1783 1808;

184 1839 313 1900 emissa
330 1836 489 1899 sollemni
506 1835 728 1916 professione
747 1835 787 1917 (1.
801 1834 890 1897 Nou.
909 1835 1014 1914 1811),

183 1961 357 2023 absolutis
385 1959 511 2022 studiis
536 1956 748 2039 theologicis
772 1967 808 2019 et
833 1956 1014 2018 celebrato

183 2083 296 2164 primo
313 2102 415 2144 sacro
432 2081 466 2143 in
483 2080 752 2142 Weisskirchen
771 2081 812 2160 (ὁ.
828 2079 902 2141 Ian.
920 2082 1013 2159 1812)

182 2205 299 2267 factus
313 2216 368 2266 est
381 2203 552 2284 magister
566 2202 601 2264 in
614 2201 804 2284 gymnasio
818 2201 1014 2263 domestico

188 2332 363 2408 1812—15,
374 2326 504 2388 exinde
518 2324 760 2387 thesaurarius
772 2324 807 2385 in
819 2322 925 2386 Cellis
938 2323 1014 2385 Ma·

182 2695 264 2756 ricis
281 2693 450 2755 incubuit.
476 2691 575 2754 Obiit
592 2691 722 2752 ibidem
739 2711 785 2753 12.
799 2690 903 2752 Febr.
923 2694 1012 2767 1834.

269 2816 382 2898 Typis
399 2814 511 2877 dedit:

270 2941 435 2998 Grundriss
452 2943 534 2997 einer
551 2940 735 2996 Gesehichte
752 2939 807 2994 der
822 2938 1013 3013 Entstehung

182 3047 241 3102 und
265 3048 516 3120 Vergrdsserung
540 3045 593 3100 der
618 3044 730 3099 Kirche
757 3041 816 3098 und
843 3043 897 3099 des
921 3043 1013 3099 Ortcs

182 3152 276 3206 Maria
300 3150 372 3206 Zell.
399 3146 428 3227 (i.
447 3168 473 3204 e.
490 3148 708 3224 Compendium
725 3149 869 3203 historiae
887 3148 1013 3221 originis
1053 3194 1055 3205 .

183 3268 212 3311 et
241 3257 414 3311 incrementi
447 3255 594 3310 ecclesiae
623 3268 652 3309 et
680 3252 782 3328 oppidi
811 3252 957 3308 Cellensis
985 3254 1013 3307 in

182 3359 304 3436 Styria.)
330 3359 540 3431 Wien,1819.
565 3358 723 3414 Gedruckt
745 3356 799 3412 auf
819 3359 935 3413 Kosten
961 3356 1014 3412 des

181 3465 366 3521 Verfassers
385 3464 427 3521 8⁰.
447 3463 507 3519 218
525 3482 553 3537 p.

269 3584 461 3645 Praeterea
497 3600 649 3663 sequens
685 3580 761 3642 eius
795 3579 1012 3659 manuscrip-

182 3716 255 3767 tum
287 3706 416 3795 lingua¹
440 3702 652 3766 Germanica
685 3702 918 3782 compositum
952 3721 1013 3763 ex·

182 3839 253 3892 stat
276 3830 310 3891 in
327 3828 472 3890 archivo
488 3826 730 3889 Lambertino:
757 3825 916 3887 Historia
940 3844 1013 3886 mo·

182 3951 327 4012 nasterii
344 3972 370 4012 s,
389 3950 568 4012 Lamberti
593 3949 627 4011 in
653 3959 724 4011 tres
745 3959 866 4029 partes
888 3947 1012 4028 divisa,

183 4092 330 4153 quarum
355 4072 468 4154 prima
492 4071 650 4133 continet
678 4070 804 4133 seriem
832 4072 1013 4149 abbatum,

182 4197 338 4256 secunda
354 4194 540 4276 religiosos
557 4213 749 4275 eorumque
766 4191 894 4273 officia,
907 4190 1014 4254 tertia

183 4319 261 4379 loca
291 4319 336 4378 ad
364 4338 390 4379 s.
418 4317 646 4379 Lambertum
678 4315 904 4397 pertinentia.
936 4315 1013 4378 Fol.

185 4463 246 4521 270
270 4464 303 4524 p.
337 4439 488 4520 Scripsit
515 4439 660 4520 insuper
688 4437 808 4519 plures
831 4437 1014 4499 breviores
1053 4510 1055 4523 Ι

182 4562 548 4627 tractatushistoriam
559 4559 765 4622 monasterii
774 4559 1013 4621 suiillustran·

182 4698 238 4749 tes
259 4707 288 4749 e.
306 4706 340 4768 g.
364 4688 408 4747 de
435 4683 668 4766 scriptoribus
691 4681 800 4761 illius,
825 4681 859 4742 in
884 4680 1013 4763 quibus

182 4830 267 4872 vero
284 4809 447 4872 omnibus
460 4810 505 4870 ad
519 4808 665 4868 verbum
678 4804 753 4867 fere
763 4803 802 4868 P.
813 4803 1012 4865 Aemiliano

184 4931 288 4995 Graff
300 4931 471 4994 innititur.

271 5066 438 5161 Steyrer
462 5075 687 5137 Anselmus
712 5072 1012 5153 (Mellicensis),

183 5196 377 5276 Hungarus
398 5194 663 5274 NeufeldensiS,
688 5192 746 5255 die
772 5211 818 5271 17.
843 5191 905 5253 lul.
932 5195 1010 5268 1703

183 5329 288 5380 natus
295 5367 303 5397 ,
322 5338 342 5378 a
359 5318 416 5379 die
432 5315 664 5397 professionis
685 5333 785 5396 suae,
810 5315 867 5376 die
892 5319 921 5377 3.
938 5313 1011 5375 Ian.

183 5452 362 5521 peractae,
388 5441 434 5500 ad
458 5457 662 5520 supremum
678 5455 791 5518 usque
814 5456 937 5499 cursus
958 5436 1012 5498 sui

1091 683 1198 763 diem,
1220 691 1293 744 tum
1310 683 1460 764 pietate,
1482 694 1555 746 tum
1572 684 1716 747 assiduo
1732 686 1853 747 labore
1871 685 1921 748 ita

1092 804 1270 884 excelluit,
1288 815 1326 866 ut
1343 805 1506 867 omnibus
1524 807 1689 887 exemplo
1707 817 1812 869 esset.
1842 807 1922 870 Dici

1091 925 1152 987 vix
1176 936 1311 1008 potest,
1336 937 1469 1007 quanta
1493 927 1547 989 vir
1572 927 1647 989 sive
1671 929 1839 990 sacerdos
1866 929 1922 991 die

1094 1070 1143 1127 ²9·
1168 1047 1267 1128 Sept.
1294 1052 1372 1126 1728
1395 1047 1512 1110 factus
1538 1048 1703 1110 curandis
1727 1049 1922 1133 animabus
1999 1117 2005 1124 ,

1092 1170 1168 1231 sive
1189 1169 1370 1251 professor
1392 1169 1599 1233 instruenda
1624 1170 1822 1252 iuventute,
1847 1172 1923 1234 sive

1093 1291 1297 1372 praefectus
1310 1291 1599 1354 administrandis
1608 1292 1721 1374 bonis,
1732 1293 1807 1355 sive
1821 1312 1923 1356 oeco-

1093 1433 1218 1476 nomus
1235 1416 1402 1495 augenda
1414 1434 1451 1476 re
1466 1415 1663 1477 domestica
1676 1415 1799 1496 egerit,
1816 1415 1851 1477 in
1869 1435 1923 1478 or·

1095 1536 1212 1598 dinem
1226 1536 1452 1618 disposuerit,
1462 1536 1646 1618 collegerit
1659 1547 1766 1617 atque
1779 1537 1923 1618 scriptis

1094 1657 1246 1720 fideliter
1269 1667 1377 1738 atque
1402 1658 1586 1739 eleganter
1610 1659 1922 1722 commendaverit.

1095 1778 1320 1861 Singularem
1344 1781 1435 1842 hanc
1456 1780 1589 1842 laboris
1610 1779 1856 1843 assiduitatem
1878 1783 1924 1843 ad

1095 1922 1266 1964 summam
1291 1921 1403 1982 usque
1425 1911 1645 1965 senectutem
1669 1902 1719 1965 ita
1743 1903 1923 1986 produxit,

1095 2035 1133 2086 ut
1148 2024 1311 2086 laborare
1324 2043 1393 2085 non
1407 2024 1505 2103 prius
1518 2045 1559 2086 ac
1570 2024 1692 2086 vivere
1704 2024 1761 2087 die
1773 2030 1823 2087 23.
1837 2024 1925 2087 Maii

1100 2150 1179 2224 1786
1196 2145 1351 2209 desierit.
1377 2144 1545 2227 Scripsit:

1182 2308 1203 2363 Ι.
1229 2308 1337 2364 Album
1362 2327 1517 2364 sacrorum
1543 2308 1696 2364 foederum
1722 2311 1799 2364 inter
1823 2327 1925 2365 mona·

182 2451 290 2512 danis
317 2454 496 2530 1815-19,
518 2449 695 2528 parochus
717 2446 752 2507 in
768 2445 911 2507 'suman
933 2449 1013 2523 1819
1053 2472 1055 2539 7
1095 2415 1217 2468 sterium
1237 2413 1411 2468 Mellicense
1428 2427 1458 2468 et
1474 2413 1590 2486 aliquot
1611 2415 1792 2468 monasteria
1808 2431 1844 2468 ac
1862 2413 1924 2469 col·

416 2570 422 2583 .
489 2569 496 2582 .
719 2567 725 2581 .
851 2567 870 2580 ..
931 2567 937 2579 .
1094 2519 1173 2590 legia
1187 2519 1394 2593 pactorum,in
1408 2517 1561 2572 meliorem
1575 2517 1923 2573 ordinemreductorum.

182 2577 324 2645 —1820;
342 2572 471 2632 abhinc
488 2590 522 2631 1n
536 2580 751 2631 monasterio
765 2571 891 2631 studus
904 2568 1013 2629 histo·
1053 2588 1055 2693 7
1094 2621 1182 2676 Anno
1197 2619 1275 2693 1758
1300 2618 1358 2677 Pol

1386 2618 1455 2696 (Ars
1469 2621 1585 2676 calamo
1599 2620 1740 2695 pingendi
1755 2620 1923 2694 largissime

1093 2726 1141 2781 hic
1159 2721 1313 2801 exhibita.)
1330 2726 1386 2780 tls.

1181 2848 1218 2902 ll.
1237 2848 1402 2920 (latalogus
1417 2847 1680 2903 Benedictinorum
1697 2848 1923 2914 hlellicensium,

1094 2971 1111 3006 a
1128 2967 1233 3008 nostro
1251 2953 1418 3008 clarissimo
1436 2954 1467 3008 P.
1485 2950 1651 3007 Plriliberto
1667 2949 1792 3007 Hueber
1814 2952 1924 3008 collec-

1094 3072 1141 3112 tus
1168 3071 1196 3112 et
1220 3076 1237 3111 a
1263 3058 1294 3111 P.
1312 3056 1455 3112 Anselmo
1477 3056 1602 3130 Steyrer
1626 3057 1806 3132 descriptus.
1836 3056 1924 3112 Anno

1098 3162 1188 3233 17511.
1206 3161 1270 3216 Pol.
1289 3162 1344 3216 lls.

1181 3284 1233 3338 ΙΙΙ.
1247 3282 1449 3338 Nachriclrten
1462 3301 1521 3337 ron
1535 3281 1601 3337 dem
1611 3282 1742 3337 Zustand
1757 3282 1810 3338 der
1819 3282 1924 3338 Wein-

1094 3388 1164 3443 zierl
1176 3387 1250 3442 oder
1260 3400 1467 3461 sogenannten
1477 3386 1662 3442 Hofmeister
1675 3389 1703 3441 in
1714 3386 1767 3442 der
1776 3386 1923 3454 Wachau,

1094 3511 1288 3565 ausgezogen
1314 3510 1368 3547 aus
1392 3491 1458 3547 dem
1481 3488 1680 3547 Lesebericht
1704 3489 1778 3547 iiber
1795 3492 1925 3547 sten·

1094 3594 1164 3651 dorf
1178 3595 1214 3651 de
1227 3614 1305 3650 anno
1324 3609 1413 3668 1759.
1430 3595 1495 3650 Fol.
1512 3595 1567 3650 Ms.
1592 3596 1739 3651 Victorini
1753 3596 1923 3651 Haanlllel·

1095 3701 1225 3766 licensis,
1244 3700 1461 3774 ephemerides,
1479 3717 1533 3755 seu
1552 3698 1616 3755 libri
1635 3699 1694 3755 duo
1712 3700 1924 3770 Hernicorum,

1095 3804 1331 3879 complectentes
1352 3804 1507 3860 historiam
1533 3806 1628 3879 pestis
1644 3804 1764 3860 lllcllicii
1786 3817 1816 3860 et
1837 3807 1865 3859 in
1881 3806 1925 3860 vi-

1094 3910 1171 3964 cinia
1196 3911 1363 3982 grassantis
1392 3922 1482 3980 1713.
1515 3910 1582 3965 Hoc
1610 3928 1688 3983 opus
1717 3908 1867 3964 dedicavit
1892 3910 1924 3964 P.

1093 4013 1250 4068 Victorino
1274 4014 1419 4080 Brunner,
1445 4013 1548 4088 oppidi
1572 4013 1755 4069 hlcllicensis
1780 4012 1923 4086 paroch0,

1093 4117 1141 4173 dic
1163 4117 1208 4174 18.
1227 4118 1313 4172 Mart.
1337 4117 1426 4190 1780.
1443 4118 1509 4173 Fol.
1526 4119 1582 4174 Ms.
1826 4112 1828 4117 ’

1180 4257 1230 4314 IV.
1249 4256 1459 4313 Verzeichniss
1472 4258 1525 4313 der
1538 4257 1603 4313 dem
1618 4256 1769 4312 ldblichen
1781 4254 1853 4311 Stist
1866 4255 1923 4311 und

1096 4361 1216 4416 Kloster
1240 4361 1320 4417 Melk
1345 4380 1404 4416 von
1430 4361 1538 4416 dessen
1563 4360 1727 4434 blitgliede,
1751 4361 1783 4416 P.
1800 4360 1923 4416 Anselm

1094 4463 1229 4538 Steyrer‚
1254 4483 1314 4520 von
1344 4479 1433 4537 1723,
1462 4464 1528 4520 dem
1551 4465 1641 4539 Jahre
1668 4466 1768 4520 seiner
1791 4464 1924 4532 ProfesS,

1094 4568 1140 4624 bis
1167 4583 1245 4641 1779
1271 4569 1448 4643 geleistcten
1472 4568 1662 4624 besonderen
1684 4568 1820 4624 Dienste.
1846 4565 1875 4646 (i.
1898 4587 1923 4625 e.

1093 4673 1203 4729 Rerum
1236 4675 1264 4728 in
1296 4674 1452 4728 utilitatem
1484 4674 1657 4728 monasterii
1688 4685 1841 4746 gestarum
1871 4672 1923 4729 de·

1093 4775 1240 4853 scriptio.)
1257 4777 1322 4833 Fol.
1341 4777 1397 4832 Ms.

1180 4918 1214 4975 V.
1233 4917 1468 4992 Anmerkungen
1490 4915 1564 4973 iiber
1584 4917 1632 4973 die
1648 4917 1697 4973 bei
1715 4916 1780 4972 dem
1797 4916 1923 4973 Kloster

1092 5022 1314 5078 hlolkerischen
1332 5021 1512 5077 Kuchelamt
1532 5021 1710 5095 gemachten
1733 5038 1830 5077 neuen
1852 5020 1924 5076 Ein-

1093 5128 1280 5200 richtungen.
1306 5122 1334 5201 (i.
1357 5145 1382 5181 e.
1408 5127 1519 5181 Notata
1540 5125 1686 5199 quaedam
1708 5125 1746 5180 ad
1768 5144 1878 5181 novum
1896 5126 1924 5180 in

1094 5231 1190 5287 culina
1212 5231 1374 5287 Mellicensi
1402 5229 1603 5286 introductum
1628 5229 1762 5286 ordinem
1784 5242 1924 5304 spectan-

1094 5333 1154 5413 tia.)
1180 5337 1244 5391 Pol.
1269 5335 1325 5390 Ms.
1350 5335 1439 5410 Apud
1463 5334 1579 5390 culinae
1603 5333 1790 5410 praefectum
1811 5336 1841 5390 in
1859 5353 1924 5391 mo·

1093 5443 1238 5497 nasteri0.

1668 5550 1700 5601 59
