<?xml version="1.0" encoding="UTF-8"?>
<!DOCTYPE html PUBLIC "-//W3C//DTD XHTML 1.0 Transitional//EN"
    "http://www.w3.org/TR/xhtml1/DTD/xhtml1-transitional.dtd">
<html xmlns="http://www.w3.org/1999/xhtml" xml:lang="en" lang="en">
 <head>
  <title>
</title>
<meta http-equiv="Content-Type" content="text/html;charset=utf-8" />
  <meta name='ocr-system' content='tesseract 3.04.00' />
  <meta name='ocr-capabilities' content='ocr_page ocr_carea ocr_par ocr_line ocrx_word'/>
</head>
<body>
  <div class='ocr_page' id='page_1' title='image "./scriptoresordin00austgoog_0483.png"; bbox 0 0 4178 6196; ppageno 0'>
   <div class='ocr_carea' id='block_1_1' title="bbox 908 413 1192 485">
    <p class='ocr_par' dir='ltr' id='par_1_1' title="bbox 908 413 1192 485">
     <span class='ocr_line' id='line_1_1' title="bbox 908 413 1192 485; baseline 0.004 -2"><span class='ocrx_word' id='word_1_1' title='bbox 908 413 1192 485; x_wconf 81' lang='lat'>-354-</span> 
     </span>
    </p>
   </div>
   <div class='ocr_carea' id='block_1_2' title="bbox 263 595 1925 687">
    <p class='ocr_par' dir='ltr' id='par_1_2' title="bbox 263 595 1925 687">
     <span class='ocr_line' id='line_1_2' title="bbox 263 595 1925 687; baseline 0.01 -34"><span class='ocrx_word' id='word_1_2' title='bbox 263 596 314 653; x_wconf 92' lang='lat' dir='ltr'><strong>VI.</strong></span> <span class='ocrx_word' id='word_1_3' title='bbox 347 596 415 654; x_wconf 88' lang='lat' dir='ltr'>Ode</span> <span class='ocrx_word' id='word_1_4' title='bbox 435 595 549 654; x_wconf 89' lang='lat' dir='ltr'>Lesbia</span> <span class='ocrx_word' id='word_1_5' title='bbox 572 596 724 655; x_wconf 89' lang='lat' dir='ltr'>sacerdoti</span> <span class='ocrx_word' id='word_1_6' title='bbox 748 602 1009 676; x_wconf 86' lang='lat' dir='ltr'>quinquagenario</span> <span class='ocrx_word' id='word_1_7' title='bbox 1047 598 1051 663; x_wconf 95' lang='grc' dir='ltr'>Ι</span> <span class='ocrx_word' id='word_1_8' title='bbox 1090 619 1177 662; x_wconf 86' lang='lat' dir='ltr'>com.</span> <span class='ocrx_word' id='word_1_9' title='bbox 1199 598 1355 683; x_wconf 85' lang='lat' dir='ltr'>Strigon.</span> <span class='ocrx_word' id='word_1_10' title='bbox 1380 601 1438 664; x_wconf 91' lang='lat' dir='ltr'>die</span> <span class='ocrx_word' id='word_1_11' title='bbox 1467 623 1513 666; x_wconf 90' lang='lat'><strong>11.</strong></span> <span class='ocrx_word' id='word_1_12' title='bbox 1535 602 1624 667; x_wconf 87' lang='lat' dir='ltr'>Nov.</span> <span class='ocrx_word' id='word_1_13' title='bbox 1650 607 1732 682; x_wconf 88' lang='lat'>1840</span> <span class='ocrx_word' id='word_1_14' title='bbox 1755 613 1873 687; x_wconf 77' lang='lat' dir='ltr'>natUS,</span> <span class='ocrx_word' id='word_1_15' title='bbox 1899 626 1925 670; x_wconf 84' lang='lat' dir='ltr'>S.</span> 
     </span>
    </p>
   </div>
   <div class='ocr_carea' id='block_1_3' title="bbox 172 699 1009 1513">
    <p class='ocr_par' dir='ltr' id='par_1_3' title="bbox 172 699 1009 988">
     <span class='ocr_line' id='line_1_3' title="bbox 177 699 1008 778; baseline 0.011 -23"><span class='ocrx_word' id='word_1_16' title='bbox 177 700 300 756; x_wconf 91' lang='lat' dir='ltr'>multum</span> <span class='ocrx_word' id='word_1_17' title='bbox 317 699 489 758; x_wconf 88' lang='lat' dir='ltr'>venerando</span> <span class='ocrx_word' id='word_1_18' title='bbox 506 704 584 778; x_wconf 89' lang='lat' dir='ltr'>patri</span> <span class='ocrx_word' id='word_1_19' title='bbox 602 702 743 760; x_wconf 85' lang='lat' dir='ltr'>Floriano</span> <span class='ocrx_word' id='word_1_20' title='bbox 761 705 879 775; x_wconf 85' lang='lat' dir='ltr'>Vester,</span> <span class='ocrx_word' id='word_1_21' title='bbox 901 706 966 763; x_wconf 94' lang='lat' dir='ltr'>ord.</span> <span class='ocrx_word' id='word_1_22' title='bbox 984 726 1008 764; x_wconf 92' lang='lat' dir='ltr'>s.</span> 
     </span>
     <span class='ocr_line' id='line_1_4' title="bbox 176 805 1009 881; baseline 0.01 -21"><span class='ocrx_word' id='word_1_23' title='bbox 176 805 330 862; x_wconf 90' lang='lat' dir='ltr'>Francisci</span> <span class='ocrx_word' id='word_1_24' title='bbox 354 808 530 881; x_wconf 83' lang='lat' dir='ltr'>provinciae</span> <span class='ocrx_word' id='word_1_25' title='bbox 552 807 706 864; x_wconf 85' lang='lat' dir='ltr'>Marianae</span> <span class='ocrx_word' id='word_1_26' title='bbox 728 808 779 866; x_wconf 88' lang='lat' dir='ltr'>Vl.</span> <span class='ocrx_word' id='word_1_27' title='bbox 801 810 904 868; x_wconf 90' lang='lat' dir='ltr'>Nonas</span> <span class='ocrx_word' id='word_1_28' title='bbox 928 812 1009 879; x_wconf 90' lang='lat' dir='ltr'>Maii,</span> 
     </span>
     <span class='ocr_line' id='line_1_5' title="bbox 172 910 759 988; baseline 0.003 -21"><span class='ocrx_word' id='word_1_29' title='bbox 172 929 255 968; x_wconf 90' lang='lat' dir='ltr'>anno</span> <span class='ocrx_word' id='word_1_30' title='bbox 275 911 524 968; x_wconf 85' lang='lat' dir='ltr'><strong>MDCCCXXIV.</strong></span> <span class='ocrx_word' id='word_1_31' title='bbox 545 910 619 968; x_wconf 92' lang='lat' dir='ltr'>Ibid.</span> <span class='ocrx_word' id='word_1_32' title='bbox 636 918 679 984; x_wconf 85' lang='lat'><strong>4⁰.</strong></span> <span class='ocrx_word' id='word_1_33' title='bbox 695 928 713 984; x_wconf 88' lang='grc'>4</span> <span class='ocrx_word' id='word_1_34' title='bbox 730 932 759 988; x_wconf 90' lang='lat' dir='ltr'>p.</span> 
     </span>
    </p>

    <p class='ocr_par' dir='ltr' id='par_1_4' title="bbox 176 1015 1009 1513">
     <span class='ocr_line' id='line_1_6' title="bbox 263 1015 1009 1077; baseline 0.007 -6"><span class='ocrx_word' id='word_1_35' title='bbox 263 1016 329 1072; x_wconf 90' lang='lat' dir='ltr'><strong>VII.</strong></span> <span class='ocrx_word' id='word_1_36' title='bbox 354 1016 483 1072; x_wconf 87' lang='lat' dir='ltr'>Carmen</span> <span class='ocrx_word' id='word_1_37' title='bbox 506 1015 672 1073; x_wconf 85' lang='lat' dir='ltr'>honoribus</span> <span class='ocrx_word' id='word_1_38' title='bbox 693 1018 934 1076; x_wconf 86' lang='lat' dir='ltr'>reverendissimi</span> <span class='ocrx_word' id='word_1_39' title='bbox 956 1019 1009 1077; x_wconf 92' lang='lat' dir='ltr'>do·</span> 
     </span>
     <span class='ocr_line' id='line_1_7' title="bbox 176 1121 1009 1191; baseline 0.004 -14"><span class='ocrx_word' id='word_1_40' title='bbox 176 1123 246 1178; x_wconf 88' lang='lat' dir='ltr'>mini</span> <span class='ocrx_word' id='word_1_41' title='bbox 266 1121 446 1178; x_wconf 89' lang='lat' dir='ltr'>Ferdinaudi</span> <span class='ocrx_word' id='word_1_42' title='bbox 463 1122 571 1191; x_wconf 82' lang='lat' dir='ltr'>Villax,</span> <span class='ocrx_word' id='word_1_43' title='bbox 596 1125 686 1191; x_wconf 90' lang='lat' dir='ltr'>sacri,</span> <span class='ocrx_word' id='word_1_44' title='bbox 710 1135 741 1178; x_wconf 89' lang='lat' dir='ltr'>et</span> <span class='ocrx_word' id='word_1_45' title='bbox 764 1125 872 1179; x_wconf 84' lang='lat' dir='ltr'>exemti</span> <span class='ocrx_word' id='word_1_46' title='bbox 895 1123 1009 1181; x_wconf 83' lang='lat' dir='ltr'>ordinis</span> 
     </span>
     <span class='ocr_line' id='line_1_8' title="bbox 176 1225 1009 1285; baseline 0.001 -1"><span class='ocrx_word' id='word_1_47' title='bbox 176 1228 387 1285; x_wconf 88' lang='lat' dir='ltr'>Cisterciensis</span> <span class='ocrx_word' id='word_1_48' title='bbox 411 1225 599 1284; x_wconf 89' lang='lat' dir='ltr'>abbatiarum</span> <span class='ocrx_word' id='word_1_49' title='bbox 625 1229 770 1283; x_wconf 90' lang='lat' dir='ltr'>unitarum</span> <span class='ocrx_word' id='word_1_50' title='bbox 795 1227 827 1283; x_wconf 85' lang='lat' dir='ltr'>B.</span> <span class='ocrx_word' id='word_1_51' title='bbox 848 1228 889 1285; x_wconf 88' lang='grc' dir='ltr'>Μ.</span> <span class='ocrx_word' id='word_1_52' title='bbox 910 1228 946 1285; x_wconf 88' lang='lat' dir='ltr'>V.</span> <span class='ocrx_word' id='word_1_53' title='bbox 971 1228 1009 1285; x_wconf 90' lang='lat' dir='ltr'>de</span> 
     </span>
     <span class='ocr_line' id='line_1_9' title="bbox 176 1330 1008 1400; baseline 0.001 -12"><span class='ocrx_word' id='word_1_54' title='bbox 176 1332 270 1399; x_wconf 89' lang='lat' dir='ltr'>Zircz‚</span> <span class='ocrx_word' id='word_1_55' title='bbox 287 1331 369 1400; x_wconf 87' lang='lat' dir='ltr'>Pilis,</span> <span class='ocrx_word' id='word_1_56' title='bbox 387 1331 541 1388; x_wconf 66' lang='grc' dir='ltr'>111Ρὲ3116</span> <span class='ocrx_word' id='word_1_57' title='bbox 558 1330 688 1396; x_wconf 85' lang='lat' dir='ltr'>abbatis,</span> <span class='ocrx_word' id='word_1_58' title='bbox 713 1330 782 1387; x_wconf 93' lang='lat' dir='ltr'>dum</span> <span class='ocrx_word' id='word_1_59' title='bbox 798 1331 933 1389; x_wconf 87' lang='lat' dir='ltr'>sollemni</span> <span class='ocrx_word' id='word_1_60' title='bbox 950 1334 1008 1389; x_wconf 90' lang='lat' dir='ltr'>ritu</span> 
     </span>
     <span class='ocr_line' id='line_1_10' title="bbox 177 1434 849 1513; baseline -0.001 -20"><span class='ocrx_word' id='word_1_61' title='bbox 177 1438 404 1512; x_wconf 81' lang='lat' dir='ltr'>inauguraretur</span> <span class='ocrx_word' id='word_1_62' title='bbox 419 1455 498 1493; x_wconf 90' lang='lat' dir='ltr'>auno</span> <span class='ocrx_word' id='word_1_63' title='bbox 516 1434 606 1494; x_wconf 85' lang='lat'><strong>1826.</strong></span> <span class='ocrx_word' id='word_1_64' title='bbox 630 1435 705 1493; x_wconf 92' lang='lat' dir='ltr'>Ibid.</span> <span class='ocrx_word' id='word_1_65' title='bbox 723 1441 767 1508; x_wconf 88' lang='lat'><strong>4⁰.</strong></span> <span class='ocrx_word' id='word_1_66' title='bbox 785 1434 804 1492; x_wconf 86' lang='lat'>6</span> <span class='ocrx_word' id='word_1_67' title='bbox 821 1456 849 1513; x_wconf 91' lang='lat' dir='ltr'>p.</span> 
     </span>
    </p>
   </div>
   <div class='ocr_carea' id='block_1_4' title="bbox 172 1547 1007 2623">
    <p class='ocr_par' dir='ltr' id='par_1_5' title="bbox 172 1547 1007 2623">
     <span class='ocr_line' id='line_1_11' title="bbox 262 1547 1006 1644; baseline 0.005 -23"><span class='ocrx_word' id='word_1_68' title='bbox 262 1547 441 1643; x_wconf 77' lang='lat' dir='ltr'>Pospssil</span> <span class='ocrx_word' id='word_1_69' title='bbox 479 1560 610 1625; x_wconf 92' lang='lat' dir='ltr'>Oddo</span> <span class='ocrx_word' id='word_1_70' title='bbox 650 1561 1006 1644; x_wconf 75' lang='lat' dir='ltr'>(Brevnoveno-</span> 
     </span>
     <span class='ocr_line' id='line_1_12' title="bbox 175 1677 1004 1761; baseline 0.004 -21"><span class='ocrx_word' id='word_1_71' title='bbox 175 1677 454 1761; x_wconf 84' lang='lat' dir='ltr'>Braunensis),</span> <span class='ocrx_word' id='word_1_72' title='bbox 476 1701 497 1741; x_wconf 91' lang='lat' dir='ltr'>a</span> <span class='ocrx_word' id='word_1_73' title='bbox 518 1680 684 1744; x_wconf 77' lang='lat' dir='ltr'>Peiimov</span> <span class='ocrx_word' id='word_1_74' title='bbox 700 1682 788 1745; x_wconf 91' lang='lat' dir='ltr'>Boh.</span> <span class='ocrx_word' id='word_1_75' title='bbox 817 1682 932 1746; x_wconf 91' lang='lat' dir='ltr'>Natus</span> <span class='ocrx_word' id='word_1_76' title='bbox 957 1686 1004 1744; x_wconf 89' lang='lat'>18.</span> 
     </span>
     <span class='ocr_line' id='line_1_13' title="bbox 172 1799 1006 1886; baseline 0.006 -24"><span class='ocrx_word' id='word_1_77' title='bbox 172 1799 262 1863; x_wconf 69' lang='lat' dir='ltr'>&#39;Maii</span> <span class='ocrx_word' id='word_1_78' title='bbox 272 1805 363 1882; x_wconf 80' lang='lat'><strong>1838,</strong></span> <span class='ocrx_word' id='word_1_79' title='bbox 372 1812 508 1865; x_wconf 91' lang='lat' dir='ltr'>vestem</span> <span class='ocrx_word' id='word_1_80' title='bbox 520 1804 652 1866; x_wconf 91' lang='lat' dir='ltr'>ordinis</span> <span class='ocrx_word' id='word_1_81' title='bbox 662 1803 807 1867; x_wconf 91' lang='lat' dir='ltr'>indutus</span> <span class='ocrx_word' id='word_1_82' title='bbox 821 1808 911 1886; x_wconf 83' lang='grc'>1850,</span> <span class='ocrx_word' id='word_1_83' title='bbox 922 1803 1006 1867; x_wconf 84' lang='lat' dir='ltr'>emi-</span> 
     </span>
     <span class='ocr_line' id='line_1_14' title="bbox 173 1923 1006 1990; baseline 0.005 -6"><span class='ocrx_word' id='word_1_84' title='bbox 173 1923 222 1985; x_wconf 88' lang='lat' dir='ltr'>sit</span> <span class='ocrx_word' id='word_1_85' title='bbox 248 1933 333 1987; x_wconf 92' lang='lat' dir='ltr'>vota</span> <span class='ocrx_word' id='word_1_86' title='bbox 358 1925 433 1988; x_wconf 90' lang='lat' dir='ltr'>soll.</span> <span class='ocrx_word' id='word_1_87' title='bbox 459 1928 487 1987; x_wconf 91' lang='lat'>8.</span> <span class='ocrx_word' id='word_1_88' title='bbox 511 1925 598 1989; x_wconf 86' lang='lat' dir='ltr'>Dec.</span> <span class='ocrx_word' id='word_1_89' title='bbox 627 1929 717 1990; x_wconf 81' lang='grc'>1803.</span> <span class='ocrx_word' id='word_1_90' title='bbox 753 1926 860 1988; x_wconf 92' lang='lat' dir='ltr'>Anno</span> <span class='ocrx_word' id='word_1_91' title='bbox 883 1928 1006 1989; x_wconf 89' lang='lat' dir='ltr'>subse-</span> 
     </span>
     <span class='ocr_line' id='line_1_15' title="bbox 177 2047 1006 2130; baseline 0.004 -22"><span class='ocrx_word' id='word_1_92' title='bbox 177 2048 300 2128; x_wconf 88' lang='lat' dir='ltr'>quenti</span> <span class='ocrx_word' id='word_1_93' title='bbox 316 2047 374 2109; x_wconf 92' lang='lat' dir='ltr'>die</span> <span class='ocrx_word' id='word_1_94' title='bbox 391 2053 442 2110; x_wconf 83' lang='lat'><strong>31.</strong></span> <span class='ocrx_word' id='word_1_95' title='bbox 455 2048 518 2110; x_wconf 90' lang='lat' dir='ltr'>Iul.</span> <span class='ocrx_word' id='word_1_96' title='bbox 532 2048 734 2112; x_wconf 88' lang='lat' dir='ltr'>sacerdotio</span> <span class='ocrx_word' id='word_1_97' title='bbox 747 2048 905 2111; x_wconf 89' lang='lat' dir='ltr'>initiatus</span> <span class='ocrx_word' id='word_1_98' title='bbox 922 2068 1006 2130; x_wconf 92' lang='lat' dir='ltr'>ope·</span> 
     </span>
     <span class='ocr_line' id='line_1_16' title="bbox 175 2170 1006 2253; baseline 0.001 -21"><span class='ocrx_word' id='word_1_99' title='bbox 175 2190 250 2232; x_wconf 88' lang='lat' dir='ltr'>ram</span> <span class='ocrx_word' id='word_1_100' title='bbox 271 2170 417 2233; x_wconf 90' lang='lat' dir='ltr'>navavit</span> <span class='ocrx_word' id='word_1_101' title='bbox 441 2170 567 2233; x_wconf 92' lang='lat' dir='ltr'>studiis</span> <span class='ocrx_word' id='word_1_102' title='bbox 588 2170 853 2252; x_wconf 87' lang='lat' dir='ltr'>philosophicis,</span> <span class='ocrx_word' id='word_1_103' title='bbox 878 2172 1006 2253; x_wconf 92' lang='lat' dir='ltr'>quibus</span> 
     </span>
     <span class='ocr_line' id='line_1_17' title="bbox 173 2292 1007 2376; baseline 0.002 -22"><span class='ocrx_word' id='word_1_104' title='bbox 173 2292 212 2354; x_wconf 92' lang='lat' dir='ltr'>in</span> <span class='ocrx_word' id='word_1_105' title='bbox 228 2293 459 2355; x_wconf 84' lang='lat' dir='ltr'>universitate</span> <span class='ocrx_word' id='word_1_106' title='bbox 476 2293 643 2376; x_wconf 91' lang='lat' dir='ltr'>Pragena</span> <span class='ocrx_word' id='word_1_107' title='bbox 658 2293 832 2356; x_wconf 90' lang='lat' dir='ltr'>absolutis</span> <span class='ocrx_word' id='word_1_108' title='bbox 847 2293 914 2357; x_wconf 90' lang='lat' dir='ltr'>rite</span> <span class='ocrx_word' id='word_1_109' title='bbox 930 2304 1007 2356; x_wconf 88' lang='lat' dir='ltr'>ten-</span> 
     </span>
     <span class='ocr_line' id='line_1_18' title="bbox 176 2415 1006 2498; baseline 0 -19"><span class='ocrx_word' id='word_1_110' title='bbox 176 2427 273 2480; x_wconf 88' lang='lat' dir='ltr'>tatus</span> <span class='ocrx_word' id='word_1_111' title='bbox 289 2426 326 2478; x_wconf 89' lang='lat' dir='ltr'>et</span> <span class='ocrx_word' id='word_1_112' title='bbox 340 2417 563 2496; x_wconf 89' lang='lat' dir='ltr'>approbatus</span> <span class='ocrx_word' id='word_1_113' title='bbox 575 2416 782 2498; x_wconf 89' lang='lat' dir='ltr'>magisterio</span> <span class='ocrx_word' id='word_1_114' title='bbox 795 2415 955 2498; x_wconf 87' lang='lat' dir='ltr'>fungitur</span> <span class='ocrx_word' id='word_1_115' title='bbox 971 2416 1006 2479; x_wconf 92' lang='lat' dir='ltr'>in</span> 
     </span>
     <span class='ocr_line' id='line_1_19' title="bbox 174 2537 834 2623; baseline 0 -22"><span class='ocrx_word' id='word_1_116' title='bbox 174 2539 363 2623; x_wconf 82' lang='lat' dir='ltr'>gymnasio</span> <span class='ocrx_word' id='word_1_117' title='bbox 376 2538 644 2603; x_wconf 89' lang='lat' dir='ltr'>Braunaviensi.</span> <span class='ocrx_word' id='word_1_118' title='bbox 669 2537 834 2620; x_wconf 87' lang='lat' dir='ltr'>Scripsit:</span> 
     </span>
    </p>
   </div>
   <div class='ocr_carea' id='block_1_5' title="bbox 173 2663 1007 3158">
    <p class='ocr_par' dir='ltr' id='par_1_6' title="bbox 173 2663 1007 3158">
     <span class='ocr_line' id='line_1_20' title="bbox 263 2663 1007 2744; baseline -0.004 -21"><span class='ocrx_word' id='word_1_119' title='bbox 263 2668 320 2724; x_wconf 89' lang='lat' dir='ltr'>Die</span> <span class='ocrx_word' id='word_1_120' title='bbox 333 2667 487 2723; x_wconf 90' lang='lat' dir='ltr'>Osmanen</span> <span class='ocrx_word' id='word_1_121' title='bbox 504 2685 556 2721; x_wconf 93' lang='lat' dir='ltr'>zur</span> <span class='ocrx_word' id='word_1_122' title='bbox 569 2667 634 2722; x_wconf 90' lang='lat' dir='ltr'>Zeit</span> <span class='ocrx_word' id='word_1_123' title='bbox 650 2664 703 2721; x_wconf 90' lang='lat' dir='ltr'>des</span> <span class='ocrx_word' id='word_1_124' title='bbox 716 2665 931 2744; x_wconf 87' lang='lat' dir='ltr'>Wachsthums</span> <span class='ocrx_word' id='word_1_125' title='bbox 948 2663 1007 2721; x_wconf 92' lang='lat' dir='ltr'>und</span> 
     </span>
     <span class='ocr_line' id='line_1_21' title="bbox 173 2769 1007 2844; baseline -0.006 -15"><span class='ocrx_word' id='word_1_126' title='bbox 173 2773 229 2829; x_wconf 91' lang='lat' dir='ltr'>der</span> <span class='ocrx_word' id='word_1_127' title='bbox 245 2772 351 2828; x_wconf 83' lang='lat' dir='ltr'>Bluthe</span> <span class='ocrx_word' id='word_1_128' title='bbox 367 2772 448 2827; x_wconf 93' lang='lat' dir='ltr'>ihrer</span> <span class='ocrx_word' id='word_1_129' title='bbox 463 2770 564 2826; x_wconf 90' lang='lat' dir='ltr'>Macht</span> <span class='ocrx_word' id='word_1_130' title='bbox 589 2771 618 2825; x_wconf 92' lang='lat' dir='ltr'>in</span> <span class='ocrx_word' id='word_1_131' title='bbox 642 2769 726 2825; x_wconf 90' lang='lat' dir='ltr'>ihren</span> <span class='ocrx_word' id='word_1_132' title='bbox 741 2770 952 2844; x_wconf 90' lang='lat' dir='ltr'>Beziehungen</span> <span class='ocrx_word' id='word_1_133' title='bbox 972 2788 1007 2824; x_wconf 92' lang='lat' dir='ltr'>zu</span> 
     </span>
     <span class='ocr_line' id='line_1_22' title="bbox 175 2873 1007 2949; baseline -0.005 -15"><span class='ocrx_word' id='word_1_134' title='bbox 175 2876 234 2934; x_wconf 94' lang='lat' dir='ltr'>den</span> <span class='ocrx_word' id='word_1_135' title='bbox 250 2875 391 2933; x_wconf 72' lang='lat' dir='ltr'>Landeru</span> <span class='ocrx_word' id='word_1_136' title='bbox 408 2875 463 2931; x_wconf 91' lang='lat' dir='ltr'>der</span> <span class='ocrx_word' id='word_1_137' title='bbox 482 2874 613 2949; x_wconf 86' lang='lat' dir='ltr'>jetzigen</span> <span class='ocrx_word' id='word_1_138' title='bbox 636 2873 1007 2948; x_wconf 74' lang='lat' dir='ltr'>osterreichisch-ungari·</span> 
     </span>
     <span class='ocr_line' id='line_1_23' title="bbox 173 2975 1007 3058; baseline -0.006 -20"><span class='ocrx_word' id='word_1_139' title='bbox 173 2982 268 3038; x_wconf 87' lang='lat' dir='ltr'>schen</span> <span class='ocrx_word' id='word_1_140' title='bbox 279 2980 465 3037; x_wconf 90' lang='lat' dir='ltr'>Monarchie.</span> <span class='ocrx_word' id='word_1_141' title='bbox 482 2975 541 3058; x_wconf 86' lang='lat' dir='ltr'>(De</span> <span class='ocrx_word' id='word_1_142' title='bbox 554 2978 721 3034; x_wconf 70' lang='lat' dir='ltr'>&#39;l&#39;urcarum</span> <span class='ocrx_word' id='word_1_143' title='bbox 739 2975 887 3057; x_wconf 83' lang='lat' dir='ltr'>imperio.)</span> <span class='ocrx_word' id='word_1_144' title='bbox 904 2975 1007 3033; x_wconf 90' lang='lat' dir='ltr'>Habe·</span> 
     </span>
     <span class='ocr_line' id='line_1_24' title="bbox 175 3081 1005 3158; baseline -0.002 -16"><span class='ocrx_word' id='word_1_145' title='bbox 175 3099 223 3142; x_wconf 92' lang='lat' dir='ltr'>tur</span> <span class='ocrx_word' id='word_1_146' title='bbox 239 3088 269 3142; x_wconf 92' lang='lat' dir='ltr'>in</span> <span class='ocrx_word' id='word_1_147' title='bbox 284 3083 442 3142; x_wconf 90' lang='lat' dir='ltr'>annalibus</span> <span class='ocrx_word' id='word_1_148' title='bbox 464 3085 612 3158; x_wconf 85' lang='lat' dir='ltr'>gymnasii</span> <span class='ocrx_word' id='word_1_149' title='bbox 629 3084 809 3139; x_wconf 89' lang='lat' dir='ltr'>Braunensis</span> <span class='ocrx_word' id='word_1_150' title='bbox 826 3084 893 3138; x_wconf 92' lang='lat' dir='ltr'>anni</span> <span class='ocrx_word' id='word_1_151' title='bbox 916 3081 1005 3156; x_wconf 84' lang='lat'><strong>1879.</strong></span> 
     </span>
    </p>
   </div>
   <div class='ocr_carea' id='block_1_6' title="bbox 174 3213 1007 3425">
    <p class='ocr_par' dir='ltr' id='par_1_7' title="bbox 174 3213 1007 3425">
     <span class='ocr_line' id='line_1_25' title="bbox 261 3213 1006 3301; baseline -0.005 -13"><span class='ocrx_word' id='word_1_152' title='bbox 261 3213 533 3288; x_wconf 87' lang='lat' dir='ltr'>Pottenhoier</span> <span class='ocrx_word' id='word_1_153' title='bbox 567 3221 722 3284; x_wconf 84' lang='lat' dir='ltr'>Vitatis</span> <span class='ocrx_word' id='word_1_154' title='bbox 755 3223 788 3301; x_wconf 87' lang='lat' dir='ltr'>(a</span> <span class='ocrx_word' id='word_1_155' title='bbox 823 3241 849 3284; x_wconf 93' lang='lat' dir='ltr'>s.</span> <span class='ocrx_word' id='word_1_156' title='bbox 881 3221 1006 3284; x_wconf 88' lang='lat' dir='ltr'>Petro</span> 
     </span>
     <span class='ocr_line' id='line_1_26' title="bbox 174 3340 1007 3425; baseline -0.007 -17"><span class='ocrx_word' id='word_1_157' title='bbox 174 3342 429 3425; x_wconf 88' lang='lat' dir='ltr'>Salisburgi)</span> <span class='ocrx_word' id='word_1_158' title='bbox 437 3391 445 3423; x_wconf 91' lang='lat'>,</span> <span class='ocrx_word' id='word_1_159' title='bbox 459 3342 631 3422; x_wconf 79' lang='lat' dir='ltr'>BavaruS,</span> <span class='ocrx_word' id='word_1_160' title='bbox 646 3351 716 3404; x_wconf 91' lang='lat' dir='ltr'>nat.</span> <span class='ocrx_word' id='word_1_161' title='bbox 727 3341 762 3402; x_wconf 93' lang='lat' dir='ltr'>in</span> <span class='ocrx_word' id='word_1_162' title='bbox 770 3340 1007 3403; x_wconf 90' lang='lat' dir='ltr'>Reichenhall</span> 
     </span>
    </p>
   </div>
   <div class='ocr_carea' id='block_1_7' title="bbox 173 3462 1006 4651">
    <p class='ocr_par' dir='ltr' id='par_1_8' title="bbox 173 3462 1006 4651">
     <span class='ocr_line' id='line_1_27' title="bbox 180 3462 1006 3548; baseline -0.006 -17"><span class='ocrx_word' id='word_1_163' title='bbox 180 3474 270 3548; x_wconf 81' lang='lat'><strong>1690.</strong></span> <span class='ocrx_word' id='word_1_164' title='bbox 285 3488 334 3530; x_wconf 90' lang='lat'>22.</span> <span class='ocrx_word' id='word_1_165' title='bbox 347 3466 410 3528; x_wconf 91' lang='lat' dir='ltr'>Iul.</span> <span class='ocrx_word' id='word_1_166' title='bbox 425 3464 597 3527; x_wconf 90' lang='lat' dir='ltr'>absolutis</span> <span class='ocrx_word' id='word_1_167' title='bbox 611 3462 812 3546; x_wconf 87' lang='lat' dir='ltr'>Salisburgi</span> <span class='ocrx_word' id='word_1_168' title='bbox 824 3463 1006 3526; x_wconf 91' lang='lat' dir='ltr'>humanio-</span> 
     </span>
     <span class='ocr_line' id='line_1_28' title="bbox 174 3584 1004 3667; baseline -0.007 -14"><span class='ocrx_word' id='word_1_169' title='bbox 174 3591 273 3653; x_wconf 89' lang='lat' dir='ltr'>ribus</span> <span class='ocrx_word' id='word_1_170' title='bbox 295 3588 423 3652; x_wconf 89' lang='lat' dir='ltr'>litteris</span> <span class='ocrx_word' id='word_1_171' title='bbox 449 3592 498 3649; x_wconf 81' lang='lat'><strong>25.</strong></span> <span class='ocrx_word' id='word_1_172' title='bbox 524 3584 623 3667; x_wconf 91' lang='lat' dir='ltr'>Sept.</span> <span class='ocrx_word' id='word_1_173' title='bbox 649 3606 727 3665; x_wconf 87' lang='lat'>1707</span> <span class='ocrx_word' id='word_1_174' title='bbox 753 3585 1004 3649; x_wconf 89' lang='lat' dir='ltr'>monasterium</span> 
     </span>
     <span class='ocr_line' id='line_1_29' title="bbox 174 3707 1004 3796; baseline -0.007 -20"><span class='ocrx_word' id='word_1_175' title='bbox 174 3714 367 3796; x_wconf 77' lang='lat' dir='ltr'>ingressuS,</span> <span class='ocrx_word' id='word_1_176' title='bbox 392 3729 485 3772; x_wconf 91' lang='lat' dir='ltr'>anno</span> <span class='ocrx_word' id='word_1_177' title='bbox 502 3709 665 3790; x_wconf 90' lang='lat' dir='ltr'>sequenti</span> <span class='ocrx_word' id='word_1_178' title='bbox 683 3730 732 3788; x_wconf 85' lang='lat'>²9·</span> <span class='ocrx_word' id='word_1_179' title='bbox 750 3707 849 3791; x_wconf 89' lang='lat' dir='ltr'>Sept.</span> <span class='ocrx_word' id='word_1_180' title='bbox 866 3710 1004 3772; x_wconf 90' lang='lat' dir='ltr'>sollem-</span> 
     </span>
     <span class='ocr_line' id='line_1_30' title="bbox 174 3831 1003 3917; baseline -0.005 -18"><span class='ocrx_word' id='word_1_181' title='bbox 174 3836 266 3899; x_wconf 90' lang='lat' dir='ltr'>niter</span> <span class='ocrx_word' id='word_1_182' title='bbox 289 3833 473 3917; x_wconf 87' lang='lat' dir='ltr'>prosessus</span> <span class='ocrx_word' id='word_1_183' title='bbox 497 3842 533 3894; x_wconf 90' lang='lat' dir='ltr'>et</span> <span class='ocrx_word' id='word_1_184' title='bbox 562 3853 586 3893; x_wconf 94' lang='lat'><strong>1.</strong></span> <span class='ocrx_word' id='word_1_185' title='bbox 613 3831 692 3896; x_wconf 91' lang='lat' dir='ltr'>Oct.</span> <span class='ocrx_word' id='word_1_186' title='bbox 722 3837 800 3910; x_wconf 77' lang='lat'><strong>1718</strong></span> <span class='ocrx_word' id='word_1_187' title='bbox 825 3835 1003 3915; x_wconf 90' lang='lat' dir='ltr'>sacerdos,</span> 
     </span>
     <span class='ocr_line' id='line_1_31' title="bbox 173 3954 1003 4042; baseline -0.005 -20"><span class='ocrx_word' id='word_1_188' title='bbox 173 3958 325 4042; x_wconf 92' lang='lat' dir='ltr'>primum</span> <span class='ocrx_word' id='word_1_189' title='bbox 339 3965 551 4037; x_wconf 89' lang='lat' dir='ltr'>cooperator</span> <span class='ocrx_word' id='word_1_190' title='bbox 564 3955 598 4016; x_wconf 92' lang='lat' dir='ltr'>in</span> <span class='ocrx_word' id='word_1_191' title='bbox 611 3954 911 4038; x_wconf 88' lang='lat' dir='ltr'>Abbatisaugiam</span> <span class='ocrx_word' id='word_1_192' title='bbox 923 3957 1003 4019; x_wconf 90' lang='lat' dir='ltr'>mis-</span> 
     </span>
     <span class='ocr_line' id='line_1_32' title="bbox 174 4077 1003 4163; baseline -0.005 -18"><span class='ocrx_word' id='word_1_193' title='bbox 174 4101 245 4163; x_wconf 90' lang='lat' dir='ltr'>sus,</span> <span class='ocrx_word' id='word_1_194' title='bbox 271 4080 353 4143; x_wconf 91' lang='lat' dir='ltr'>dein</span> <span class='ocrx_word' id='word_1_195' title='bbox 373 4077 547 4159; x_wconf 86' lang='lat' dir='ltr'>repetitor</span> <span class='ocrx_word' id='word_1_196' title='bbox 567 4077 773 4139; x_wconf 90' lang='lat' dir='ltr'>clericorum</span> <span class='ocrx_word' id='word_1_197' title='bbox 797 4077 832 4138; x_wconf 92' lang='lat' dir='ltr'>in</span> <span class='ocrx_word' id='word_1_198' title='bbox 848 4078 1003 4160; x_wconf 91' lang='lat' dir='ltr'>philoso-</span> 
     </span>
     <span class='ocr_line' id='line_1_33' title="bbox 174 4198 1002 4289; baseline -0.005 -21"><span class='ocrx_word' id='word_1_199' title='bbox 174 4205 269 4289; x_wconf 90' lang='lat' dir='ltr'>phia,</span> <span class='ocrx_word' id='word_1_200' title='bbox 297 4204 437 4266; x_wconf 91' lang='lat' dir='ltr'>demum</span> <span class='ocrx_word' id='word_1_201' title='bbox 463 4198 754 4263; x_wconf 88' lang='lat' dir='ltr'>bibliothecarius</span> <span class='ocrx_word' id='word_1_202' title='bbox 778 4198 1002 4265; x_wconf 80' lang='lat' dir='ltr'>constitutus</span> 
     </span>
     <span class='ocr_line' id='line_1_34' title="bbox 173 4324 1003 4405; baseline -0.005 -14"><span class='ocrx_word' id='word_1_203' title='bbox 173 4329 239 4391; x_wconf 87' lang='lat' dir='ltr'>Vir</span> <span class='ocrx_word' id='word_1_204' title='bbox 254 4330 381 4390; x_wconf 92' lang='lat' dir='ltr'>doctus</span> <span class='ocrx_word' id='word_1_205' title='bbox 399 4335 434 4389; x_wconf 93' lang='lat' dir='ltr'>et</span> <span class='ocrx_word' id='word_1_206' title='bbox 447 4324 616 4404; x_wconf 91' lang='lat' dir='ltr'>eruditus,</span> <span class='ocrx_word' id='word_1_207' title='bbox 632 4324 696 4385; x_wconf 92' lang='lat' dir='ltr'>sed</span> <span class='ocrx_word' id='word_1_208' title='bbox 709 4325 872 4405; x_wconf 87' lang='lat' dir='ltr'>podagra</span> <span class='ocrx_word' id='word_1_209' title='bbox 884 4335 919 4387; x_wconf 92' lang='lat' dir='ltr'>et</span> <span class='ocrx_word' id='word_1_210' title='bbox 933 4325 1003 4387; x_wconf 93' lang='lat' dir='ltr'>chi-</span> 
     </span>
     <span class='ocr_line' id='line_1_35' title="bbox 174 4446 1003 4533; baseline -0.002 -19"><span class='ocrx_word' id='word_1_211' title='bbox 174 4471 280 4533; x_wconf 86' lang='lat' dir='ltr'>ragra</span> <span class='ocrx_word' id='word_1_212' title='bbox 300 4469 364 4532; x_wconf 94' lang='lat' dir='ltr'>per</span> <span class='ocrx_word' id='word_1_213' title='bbox 384 4449 514 4511; x_wconf 90' lang='lat' dir='ltr'>multos</span> <span class='ocrx_word' id='word_1_214' title='bbox 536 4465 647 4509; x_wconf 88' lang='lat' dir='ltr'>annos</span> <span class='ocrx_word' id='word_1_215' title='bbox 663 4446 843 4519; x_wconf 89' lang='lat' dir='ltr'>laborans;</span> <span class='ocrx_word' id='word_1_216' title='bbox 869 4447 957 4510; x_wconf 92' lang='lat' dir='ltr'>obiit</span> <span class='ocrx_word' id='word_1_217' title='bbox 978 4469 1003 4512; x_wconf 91' lang='lat'><strong>1.</strong></span> 
     </span>
     <span class='ocr_line' id='line_1_36' title="bbox 173 4568 551 4651; baseline -0.016 -15"><span class='ocrx_word' id='word_1_218' title='bbox 173 4574 360 4651; x_wconf 82' lang='lat' dir='ltr'>Iun.1753.</span> <span class='ocrx_word' id='word_1_219' title='bbox 385 4568 551 4650; x_wconf 90' lang='lat' dir='ltr'>Scripsit:</span> 
     </span>
    </p>
   </div>
   <div class='ocr_carea' id='block_1_8' title="bbox 173 4695 1004 5085">
    <p class='ocr_par' dir='ltr' id='par_1_9' title="bbox 173 4695 1004 5085">
     <span class='ocr_line' id='line_1_37' title="bbox 260 4695 1004 4773; baseline -0.001 -19"><span class='ocrx_word' id='word_1_220' title='bbox 260 4698 458 4754; x_wconf 88' lang='lat' dir='ltr'>Monachatus</span> <span class='ocrx_word' id='word_1_221' title='bbox 479 4714 503 4752; x_wconf 91' lang='lat' dir='ltr'>s.</span> <span class='ocrx_word' id='word_1_222' title='bbox 521 4696 656 4771; x_wconf 88' lang='lat' dir='ltr'>Ruperti,</span> <span class='ocrx_word' id='word_1_223' title='bbox 682 4695 849 4752; x_wconf 81' lang='lat' dir='ltr'>fundatoris</span> <span class='ocrx_word' id='word_1_224' title='bbox 871 4709 901 4752; x_wconf 91' lang='lat' dir='ltr'>et</span> <span class='ocrx_word' id='word_1_225' title='bbox 917 4700 1004 4773; x_wconf 92' lang='lat' dir='ltr'>primi</span> 
     </span>
     <span class='ocr_line' id='line_1_38' title="bbox 173 4798 1002 4879; baseline 0 -21"><span class='ocrx_word' id='word_1_226' title='bbox 173 4802 323 4879; x_wconf 90' lang='lat' dir='ltr'>quondam</span> <span class='ocrx_word' id='word_1_227' title='bbox 337 4803 475 4878; x_wconf 90' lang='lat' dir='ltr'>episcopi</span> <span class='ocrx_word' id='word_1_228' title='bbox 487 4814 518 4857; x_wconf 92' lang='lat' dir='ltr'>et</span> <span class='ocrx_word' id='word_1_229' title='bbox 530 4798 649 4857; x_wconf 89' lang='lat' dir='ltr'>abbatis</span> <span class='ocrx_word' id='word_1_230' title='bbox 663 4800 843 4856; x_wconf 89' lang='lat' dir='ltr'>cathedralis</span> <span class='ocrx_word' id='word_1_231' title='bbox 855 4801 925 4857; x_wconf 93' lang='lat' dir='ltr'>olim</span> <span class='ocrx_word' id='word_1_232' title='bbox 938 4821 1002 4858; x_wconf 93' lang='lat' dir='ltr'>mo·</span> 
     </span>
     <span class='ocr_line' id='line_1_39' title="bbox 173 4903 1003 4980; baseline -0.004 -15"><span class='ocrx_word' id='word_1_233' title='bbox 173 4910 296 4965; x_wconf 89' lang='lat' dir='ltr'>nasterii</span> <span class='ocrx_word' id='word_1_234' title='bbox 320 4907 358 4963; x_wconf 92' lang='lat' dir='ltr'>ad</span> <span class='ocrx_word' id='word_1_235' title='bbox 375 4926 400 4963; x_wconf 79' lang='lat' dir='ltr'>S.</span> <span class='ocrx_word' id='word_1_236' title='bbox 417 4908 496 4963; x_wconf 88' lang='lat' dir='ltr'>Petri</span> <span class='ocrx_word' id='word_1_237' title='bbox 514 4907 590 4962; x_wconf 91' lang='lat' dir='ltr'>intra</span> <span class='ocrx_word' id='word_1_238' title='bbox 606 4903 814 4980; x_wconf 85' lang='lat' dir='ltr'>Salisburgum</span> <span class='ocrx_word' id='word_1_239' title='bbox 835 4905 1003 4963; x_wconf 84' lang='lat' dir='ltr'>vindicatus</span> 
     </span>
     <span class='ocr_line' id='line_1_40' title="bbox 174 5008 1003 5085; baseline -0.002 -15"><span class='ocrx_word' id='word_1_240' title='bbox 174 5027 280 5070; x_wconf 90' lang='lat' dir='ltr'>contra</span> <span class='ocrx_word' id='word_1_241' title='bbox 302 5013 336 5068; x_wconf 81' lang='lat' dir='ltr'>R.</span> <span class='ocrx_word' id='word_1_242' title='bbox 355 5013 391 5068; x_wconf 92' lang='lat' dir='ltr'><strong>D.</strong></span> <span class='ocrx_word' id='word_1_243' title='bbox 413 5012 572 5067; x_wconf 92' lang='lat' dir='ltr'>Martinum</span> <span class='ocrx_word' id='word_1_244' title='bbox 589 5008 798 5066; x_wconf 88' lang='lat' dir='ltr'>Weisbacher.</span> <span class='ocrx_word' id='word_1_245' title='bbox 823 5009 1003 5085; x_wconf 84' lang='lat' dir='ltr'>Tegernsee</span> 
     </span>
    </p>
   </div>
   <div class='ocr_carea' id='block_1_9' title="bbox 178 5123 1001 5336">
    <p class='ocr_par' dir='ltr' id='par_1_10' title="bbox 178 5123 1001 5336">
     <span class='ocr_line' id='line_1_41' title="bbox 178 5123 432 5192; baseline 0.004 -1"><span class='ocrx_word' id='word_1_246' title='bbox 178 5131 267 5191; x_wconf 78' lang='lat'>¹739·</span> <span class='ocrx_word' id='word_1_247' title='bbox 285 5123 328 5189; x_wconf 80' lang='lat'>4⁰·</span> <span class='ocrx_word' id='word_1_248' title='bbox 345 5131 387 5189; x_wconf 83' lang='lat'>5⁰</span> <span class='ocrx_word' id='word_1_249' title='bbox 403 5135 432 5192; x_wconf 81' lang='lat' dir='ltr'>P·</span> 
     </span>
     <span class='ocr_line' id='line_1_42' title="bbox 259 5242 1001 5336; baseline 0 -18"><span class='ocrx_word' id='word_1_250' title='bbox 259 5242 460 5318; x_wconf 72' lang='lat' dir='ltr'>Pottokair</span> <span class='ocrx_word' id='word_1_251' title='bbox 485 5255 636 5317; x_wconf 90' lang='lat' dir='ltr'>Petrus</span> <span class='ocrx_word' id='word_1_252' title='bbox 664 5255 856 5317; x_wconf 87' lang='lat' dir='ltr'>Andreas</span> <span class='ocrx_word' id='word_1_253' title='bbox 885 5256 946 5336; x_wconf 92' lang='lat' dir='ltr'>(de</span> <span class='ocrx_word' id='word_1_254' title='bbox 975 5276 1001 5318; x_wconf 80' lang='lat' dir='ltr'>s,</span> 
     </span>
    </p>
   </div>
   <div class='ocr_carea' id='block_1_10' title="bbox 1088 721 1925 1678">
    <p class='ocr_par' dir='ltr' id='par_1_11' title="bbox 1088 721 1925 1537">
     <span class='ocr_line' id='line_1_43' title="bbox 1090 721 1925 807; baseline 0.008 -24"><span class='ocrx_word' id='word_1_255' title='bbox 1090 721 1214 784; x_wconf 90' lang='lat' dir='ltr'>habitu</span> <span class='ocrx_word' id='word_1_256' title='bbox 1231 721 1289 784; x_wconf 89' lang='lat' dir='ltr'>die</span> <span class='ocrx_word' id='word_1_257' title='bbox 1306 727 1335 786; x_wconf 90' lang='lat'><strong>8.</strong></span> <span class='ocrx_word' id='word_1_258' title='bbox 1353 721 1453 805; x_wconf 88' lang='lat' dir='ltr'>Sept.</span> <span class='ocrx_word' id='word_1_259' title='bbox 1475 728 1554 787; x_wconf 89' lang='grc'>1858</span> <span class='ocrx_word' id='word_1_260' title='bbox 1573 724 1726 807; x_wconf 77' lang='lat' dir='ltr'>indutuS,</span> <span class='ocrx_word' id='word_1_261' title='bbox 1752 734 1839 789; x_wconf 88' lang='lat' dir='ltr'>vota</span> <span class='ocrx_word' id='word_1_262' title='bbox 1854 727 1925 790; x_wconf 94' lang='lat' dir='ltr'>sol-</span> 
     </span>
     <span class='ocr_line' id='line_1_44' title="bbox 1092 844 1925 913; baseline 0.008 -9"><span class='ocrx_word' id='word_1_263' title='bbox 1092 844 1221 906; x_wconf 89' lang='lat' dir='ltr'>lemnia</span> <span class='ocrx_word' id='word_1_264' title='bbox 1243 844 1300 907; x_wconf 90' lang='lat' dir='ltr'>die</span> <span class='ocrx_word' id='word_1_265' title='bbox 1324 851 1373 909; x_wconf 80' lang='lat'><strong>20.</strong></span> <span class='ocrx_word' id='word_1_266' title='bbox 1390 845 1464 908; x_wconf 88' lang='lat' dir='ltr'>Mai</span> <span class='ocrx_word' id='word_1_267' title='bbox 1485 850 1564 909; x_wconf 78' lang='grc'>18118</span> <span class='ocrx_word' id='word_1_268' title='bbox 1588 847 1713 910; x_wconf 89' lang='lat' dir='ltr'>emisit.</span> <span class='ocrx_word' id='word_1_269' title='bbox 1737 848 1925 913; x_wconf 89' lang='lat' dir='ltr'>Absolutis</span> 
     </span>
     <span class='ocr_line' id='line_1_45' title="bbox 1091 965 1924 1054; baseline 0.01 -28"><span class='ocrx_word' id='word_1_270' title='bbox 1091 965 1126 1027; x_wconf 94' lang='lat' dir='ltr'>in</span> <span class='ocrx_word' id='word_1_271' title='bbox 1139 984 1166 1027; x_wconf 80' lang='lat' dir='ltr'>s,</span> <span class='ocrx_word' id='word_1_272' title='bbox 1177 975 1297 1029; x_wconf 91' lang='lat' dir='ltr'>monte</span> <span class='ocrx_word' id='word_1_273' title='bbox 1310 986 1336 1029; x_wconf 80' lang='lat' dir='ltr'>s,</span> <span class='ocrx_word' id='word_1_274' title='bbox 1349 967 1552 1051; x_wconf 85' lang='lat' dir='ltr'>theologiae</span> <span class='ocrx_word' id='word_1_275' title='bbox 1566 969 1703 1051; x_wconf 91' lang='lat' dir='ltr'>studiis,</span> <span class='ocrx_word' id='word_1_276' title='bbox 1718 969 1775 1032; x_wconf 93' lang='lat' dir='ltr'>die</span> <span class='ocrx_word' id='word_1_277' title='bbox 1789 991 1818 1033; x_wconf 90' lang='lat'><strong>2.</strong></span> <span class='ocrx_word' id='word_1_278' title='bbox 1828 971 1924 1054; x_wconf 86' lang='lat' dir='ltr'><strong>Aug.</strong></span> 
     </span>
     <span class='ocr_line' id='line_1_46' title="bbox 1095 1089 1925 1174; baseline 0.008 -25"><span class='ocrx_word' id='word_1_279' title='bbox 1095 1091 1174 1150; x_wconf 84' lang='grc'>1865</span> <span class='ocrx_word' id='word_1_280' title='bbox 1192 1089 1384 1171; x_wconf 87' lang='lat' dir='ltr'>presbyter</span> <span class='ocrx_word' id='word_1_281' title='bbox 1399 1089 1583 1154; x_wconf 90' lang='lat' dir='ltr'>ordinatus</span> <span class='ocrx_word' id='word_1_282' title='bbox 1600 1100 1665 1172; x_wconf 91' lang='lat' dir='ltr'>est,</span> <span class='ocrx_word' id='word_1_283' title='bbox 1687 1110 1733 1153; x_wconf 83' lang='lat' dir='ltr'>ex</span> <span class='ocrx_word' id='word_1_284' title='bbox 1749 1112 1820 1174; x_wconf 92' lang='lat' dir='ltr'>quo</span> <span class='ocrx_word' id='word_1_285' title='bbox 1837 1102 1925 1155; x_wconf 92' lang='lat' dir='ltr'>tem·</span> 
     </span>
     <span class='ocr_line' id='line_1_47' title="bbox 1089 1212 1923 1293; baseline 0.007 -21"><span class='ocrx_word' id='word_1_286' title='bbox 1089 1229 1177 1290; x_wconf 90' lang='lat' dir='ltr'>pore</span> <span class='ocrx_word' id='word_1_287' title='bbox 1193 1212 1239 1273; x_wconf 88' lang='lat' dir='ltr'>ad</span> <span class='ocrx_word' id='word_1_288' title='bbox 1256 1231 1386 1274; x_wconf 91' lang='lat' dir='ltr'>annum</span> <span class='ocrx_word' id='word_1_289' title='bbox 1403 1216 1481 1291; x_wconf 80' lang='lat'><strong>1873</strong></span> <span class='ocrx_word' id='word_1_290' title='bbox 1495 1212 1613 1275; x_wconf 85' lang='lat' dir='ltr'>officio</span> <span class='ocrx_word' id='word_1_291' title='bbox 1629 1212 1844 1293; x_wconf 87' lang='lat' dir='ltr'>professoris</span> <span class='ocrx_word' id='word_1_292' title='bbox 1858 1212 1923 1278; x_wconf 92' lang='lat' dir='ltr'>So-</span> 
     </span>
     <span class='ocr_line' id='line_1_48' title="bbox 1089 1331 1923 1415; baseline 0.006 -22"><span class='ocrx_word' id='word_1_293' title='bbox 1089 1331 1205 1413; x_wconf 91' lang='lat' dir='ltr'>pronii</span> <span class='ocrx_word' id='word_1_294' title='bbox 1222 1342 1277 1395; x_wconf 89' lang='lat' dir='ltr'>est</span> <span class='ocrx_word' id='word_1_295' title='bbox 1288 1332 1442 1415; x_wconf 78' lang='lat' dir='ltr'>functuS,</span> <span class='ocrx_word' id='word_1_296' title='bbox 1459 1354 1529 1415; x_wconf 91' lang='lat' dir='ltr'>quo</span> <span class='ocrx_word' id='word_1_297' title='bbox 1542 1354 1635 1397; x_wconf 90' lang='lat' dir='ltr'>anno</span> <span class='ocrx_word' id='word_1_298' title='bbox 1652 1354 1680 1399; x_wconf 90' lang='lat' dir='ltr'>s.</span> <span class='ocrx_word' id='word_1_299' title='bbox 1693 1335 1853 1398; x_wconf 89' lang='lat' dir='ltr'>ordinem</span> <span class='ocrx_word' id='word_1_300' title='bbox 1867 1337 1923 1398; x_wconf 88' lang='lat' dir='ltr'>de·</span> 
     </span>
     <span class='ocr_line' id='line_1_49' title="bbox 1088 1453 1399 1537; baseline 0.003 -21"><span class='ocrx_word' id='word_1_301' title='bbox 1088 1454 1207 1517; x_wconf 90' lang='lat' dir='ltr'>seruit.</span> <span class='ocrx_word' id='word_1_302' title='bbox 1232 1453 1399 1537; x_wconf 90' lang='lat' dir='ltr'>Scripsit:</span> 
     </span>
    </p>

    <p class='ocr_par' dir='ltr' id='par_1_12' title="bbox 1173 1597 1919 1678">
     <span class='ocr_line' id='line_1_50' title="bbox 1173 1597 1919 1678; baseline 0.003 -23"><span class='ocrx_word' id='word_1_303' title='bbox 1173 1599 1201 1655; x_wconf 88' lang='lat' dir='ltr'>A</span> <span class='ocrx_word' id='word_1_304' title='bbox 1223 1599 1334 1656; x_wconf 71' lang='lat' dir='ltr'>csalzidi</span> <span class='ocrx_word' id='word_1_305' title='bbox 1352 1597 1465 1657; x_wconf 78' lang='lat' dir='ltr'>eletbdl</span> <span class='ocrx_word' id='word_1_306' title='bbox 1482 1598 1716 1676; x_wconf 75' lang='lat' dir='ltr'>Sopholdesnel.</span> <span class='ocrx_word' id='word_1_307' title='bbox 1739 1598 1768 1678; x_wconf 91' lang='lat' dir='ltr'>(i.</span> <span class='ocrx_word' id='word_1_308' title='bbox 1786 1619 1815 1657; x_wconf 91' lang='lat' dir='ltr'>e.</span> <span class='ocrx_word' id='word_1_309' title='bbox 1833 1601 1919 1670; x_wconf 88' lang='lat' dir='ltr'>Quae</span> 
     </span>
    </p>
   </div>
   <div class='ocr_carea' id='block_1_11' title="bbox 1087 1702 1919 1887">
    <p class='ocr_par' dir='ltr' id='par_1_13' title="bbox 1087 1702 1919 1887">
     <span class='ocr_line' id='line_1_51' title="bbox 1087 1702 1919 1781; baseline 0.002 -22"><span class='ocrx_word' id='word_1_310' title='bbox 1087 1703 1168 1781; x_wconf 90' lang='lat' dir='ltr'>apud</span> <span class='ocrx_word' id='word_1_311' title='bbox 1185 1702 1369 1781; x_wconf 91' lang='lat' dir='ltr'>Sophoclem</span> <span class='ocrx_word' id='word_1_312' title='bbox 1390 1705 1504 1761; x_wconf 88' lang='lat' dir='ltr'>devita</span> <span class='ocrx_word' id='word_1_313' title='bbox 1521 1706 1654 1761; x_wconf 91' lang='lat' dir='ltr'>interiori</span> <span class='ocrx_word' id='word_1_314' title='bbox 1671 1723 1707 1761; x_wconf 91' lang='lat' dir='ltr'>ac</span> <span class='ocrx_word' id='word_1_315' title='bbox 1723 1704 1861 1762; x_wconf 81' lang='lat' dir='ltr'>familiari</span> <span class='ocrx_word' id='word_1_316' title='bbox 1878 1707 1919 1761; x_wconf 93' lang='lat' dir='ltr'>in-</span> 
     </span>
     <span class='ocr_line' id='line_1_52' title="bbox 1087 1806 1918 1887; baseline 0.002 -23"><span class='ocrx_word' id='word_1_317' title='bbox 1087 1806 1265 1887; x_wconf 84' lang='lat' dir='ltr'>veniantur.)</span> <span class='ocrx_word' id='word_1_318' title='bbox 1294 1809 1327 1864; x_wconf 88' lang='lat' dir='ltr'>Iu</span> <span class='ocrx_word' id='word_1_319' title='bbox 1344 1827 1449 1885; x_wconf 87' lang='lat' dir='ltr'>progr.</span> <span class='ocrx_word' id='word_1_320' title='bbox 1466 1828 1566 1884; x_wconf 84' lang='lat' dir='ltr'>gymu.</span> <span class='ocrx_word' id='word_1_321' title='bbox 1584 1808 1716 1885; x_wconf 88' lang='lat' dir='ltr'>Sopron.</span> <span class='ocrx_word' id='word_1_322' title='bbox 1739 1807 1918 1883; x_wconf 84' lang='lat'><strong>1871—72.</strong></span> 
     </span>
    </p>
   </div>
   <div class='ocr_carea' id='block_1_12' title="bbox 1087 1912 1920 2886">
    <p class='ocr_par' dir='ltr' id='par_1_14' title="bbox 1087 1912 1234 1989">
     <span class='ocr_line' id='line_1_53' title="bbox 1087 1912 1234 1989; baseline -0.014 -18"><span class='ocrx_word' id='word_1_323' title='bbox 1087 1912 1129 1971; x_wconf 86' lang='lat'><strong>8⁰.</strong></span> <span class='ocrx_word' id='word_1_324' title='bbox 1152 1927 1185 1986; x_wconf 83' lang='lat'>13</span> <span class='ocrx_word' id='word_1_325' title='bbox 1204 1932 1234 1989; x_wconf 88' lang='lat' dir='ltr'>p.</span> 
     </span>
    </p>

    <p class='ocr_par' dir='ltr' id='par_1_15' title="bbox 1087 2061 1920 2886">
     <span class='ocr_line' id='line_1_54' title="bbox 1173 2061 1920 2155; baseline 0.003 -23"><span class='ocrx_word' id='word_1_326' title='bbox 1173 2061 1311 2134; x_wconf 82' lang='lat' dir='ltr'>Prach</span> <span class='ocrx_word' id='word_1_327' title='bbox 1339 2071 1579 2155; x_wconf 85' lang='lat' dir='ltr'>(Udalricus</span> <span class='ocrx_word' id='word_1_328' title='bbox 1603 2071 1920 2154; x_wconf 87' lang='lat' dir='ltr'>Lambertinus),</span> 
     </span>
     <span class='ocr_line' id='line_1_55' title="bbox 1087 2187 1919 2273; baseline 0.004 -22"><span class='ocrx_word' id='word_1_329' title='bbox 1087 2197 1192 2251; x_wconf 91' lang='lat' dir='ltr'>natus</span> <span class='ocrx_word' id='word_1_330' title='bbox 1219 2199 1274 2252; x_wconf 88' lang='lat' dir='ltr'>est</span> <span class='ocrx_word' id='word_1_331' title='bbox 1301 2188 1336 2251; x_wconf 94' lang='lat' dir='ltr'>in</span> <span class='ocrx_word' id='word_1_332' title='bbox 1366 2187 1543 2252; x_wconf 80' lang='lat' dir='ltr'>Gonobitz</span> <span class='ocrx_word' id='word_1_333' title='bbox 1571 2188 1714 2272; x_wconf 90' lang='lat' dir='ltr'>Styriae</span> <span class='ocrx_word' id='word_1_334' title='bbox 1748 2209 1795 2269; x_wconf 93' lang='lat'><strong>17.</strong></span> <span class='ocrx_word' id='word_1_335' title='bbox 1825 2190 1919 2273; x_wconf 87' lang='lat' dir='ltr'>Aug.</span> 
     </span>
     <span class='ocr_line' id='line_1_56' title="bbox 1091 2310 1920 2377; baseline 0.005 -4"><span class='ocrx_word' id='word_1_336' title='bbox 1091 2314 1181 2374; x_wconf 88' lang='lat'><strong>1822.</strong></span> <span class='ocrx_word' id='word_1_337' title='bbox 1210 2310 1381 2374; x_wconf 91' lang='lat' dir='ltr'>Habitum</span> <span class='ocrx_word' id='word_1_338' title='bbox 1402 2311 1536 2374; x_wconf 92' lang='lat' dir='ltr'>ordinis</span> <span class='ocrx_word' id='word_1_339' title='bbox 1556 2312 1625 2373; x_wconf 90' lang='lat' dir='ltr'>sibi</span> <span class='ocrx_word' id='word_1_340' title='bbox 1647 2312 1744 2374; x_wconf 90' lang='lat' dir='ltr'>indui</span> <span class='ocrx_word' id='word_1_341' title='bbox 1767 2312 1855 2376; x_wconf 82' lang='lat' dir='ltr'>fecit</span> <span class='ocrx_word' id='word_1_342' title='bbox 1876 2315 1920 2377; x_wconf 92' lang='lat' dir='ltr'>ad</span> 
     </span>
     <span class='ocr_line' id='line_1_57' title="bbox 1087 2432 1920 2517; baseline 0.002 -23"><span class='ocrx_word' id='word_1_343' title='bbox 1087 2454 1113 2497; x_wconf 92' lang='lat' dir='ltr'>s.</span> <span class='ocrx_word' id='word_1_344' title='bbox 1131 2433 1359 2495; x_wconf 90' lang='lat' dir='ltr'>Lambertum</span> <span class='ocrx_word' id='word_1_345' title='bbox 1374 2433 1410 2495; x_wconf 93' lang='lat' dir='ltr'>in</span> <span class='ocrx_word' id='word_1_346' title='bbox 1426 2432 1547 2515; x_wconf 88' lang='lat' dir='ltr'>Styria</span> <span class='ocrx_word' id='word_1_347' title='bbox 1568 2455 1614 2513; x_wconf 85' lang='lat'><strong>19.</strong></span> <span class='ocrx_word' id='word_1_348' title='bbox 1632 2435 1727 2517; x_wconf 92' lang='lat' dir='ltr'>Aug.</span> <span class='ocrx_word' id='word_1_349' title='bbox 1753 2439 1844 2517; x_wconf 85' lang='lat'><strong>1842,</strong></span> <span class='ocrx_word' id='word_1_350' title='bbox 1861 2435 1920 2497; x_wconf 92' lang='lat' dir='ltr'>ubi</span> 
     </span>
     <span class='ocr_line' id='line_1_58' title="bbox 1087 2556 1918 2621; baseline 0.001 -2"><span class='ocrx_word' id='word_1_351' title='bbox 1087 2556 1261 2619; x_wconf 89' lang='lat' dir='ltr'>absolutis</span> <span class='ocrx_word' id='word_1_352' title='bbox 1285 2556 1322 2618; x_wconf 93' lang='lat' dir='ltr'>in</span> <span class='ocrx_word' id='word_1_353' title='bbox 1346 2557 1560 2620; x_wconf 88' lang='lat' dir='ltr'>monasterio</span> <span class='ocrx_word' id='word_1_354' title='bbox 1584 2557 1824 2620; x_wconf 91' lang='lat' dir='ltr'>Admontensi</span> <span class='ocrx_word' id='word_1_355' title='bbox 1848 2568 1918 2621; x_wconf 92' lang='lat' dir='ltr'>stu-</span> 
     </span>
     <span class='ocr_line' id='line_1_59' title="bbox 1087 2667 1920 2762; baseline 0 -19"><span class='ocrx_word' id='word_1_356' title='bbox 1087 2681 1155 2743; x_wconf 90' lang='lat' dir='ltr'>diis</span> <span class='ocrx_word' id='word_1_357' title='bbox 1182 2667 1403 2762; x_wconf 68' lang='lat' dir='ltr'>dteologicis,</span> <span class='ocrx_word' id='word_1_358' title='bbox 1432 2679 1615 2761; x_wconf 87' lang='lat' dir='ltr'>professus</span> <span class='ocrx_word' id='word_1_359' title='bbox 1640 2689 1695 2741; x_wconf 88' lang='lat' dir='ltr'>est</span> <span class='ocrx_word' id='word_1_360' title='bbox 1723 2700 1769 2742; x_wconf 91' lang='lat'><strong>11.</strong></span> <span class='ocrx_word' id='word_1_361' title='bbox 1795 2679 1859 2743; x_wconf 93' lang='lat' dir='ltr'>Iul.</span> <span class='ocrx_word' id='word_1_362' title='bbox 1884 2689 1920 2743; x_wconf 88' lang='lat' dir='ltr'>et</span> 
     </span>
     <span class='ocr_line' id='line_1_60' title="bbox 1087 2802 1919 2886; baseline -0.002 -19"><span class='ocrx_word' id='word_1_363' title='bbox 1087 2803 1261 2886; x_wconf 90' lang='lat' dir='ltr'>primitias</span> <span class='ocrx_word' id='word_1_364' title='bbox 1278 2803 1473 2866; x_wconf 90' lang='lat' dir='ltr'>celebravit</span> <span class='ocrx_word' id='word_1_365' title='bbox 1495 2825 1523 2882; x_wconf 86' lang='lat'><strong>9.</strong></span> <span class='ocrx_word' id='word_1_366' title='bbox 1541 2803 1637 2884; x_wconf 91' lang='lat' dir='ltr'>Aug.</span> <span class='ocrx_word' id='word_1_367' title='bbox 1660 2806 1751 2880; x_wconf 82' lang='lat'><strong>1846.</strong></span> <span class='ocrx_word' id='word_1_368' title='bbox 1780 2802 1919 2865; x_wconf 87' lang='lat' dir='ltr'>Exinde</span> 
     </span>
    </p>
   </div>
   <div class='ocr_carea' id='block_1_13' title="bbox 1086 2925 1918 3135">
    <p class='ocr_par' dir='ltr' id='par_1_16' title="bbox 1086 2925 1918 3135">
     <span class='ocr_line' id='line_1_61' title="bbox 1087 2925 1918 3008; baseline -0.002 -18"><span class='ocrx_word' id='word_1_369' title='bbox 1087 2947 1151 3008; x_wconf 90' lang='lat' dir='ltr'>per</span> <span class='ocrx_word' id='word_1_370' title='bbox 1168 2932 1186 2990; x_wconf 94' lang='lat'><strong>8</strong></span> <span class='ocrx_word' id='word_1_371' title='bbox 1200 2947 1312 2989; x_wconf 88' lang='lat' dir='ltr'>annos</span> <span class='ocrx_word' id='word_1_372' title='bbox 1325 2935 1592 3008; x_wconf 87' lang='lat' dir='ltr'>cooperatorem</span> <span class='ocrx_word' id='word_1_373' title='bbox 1605 2925 1680 3008; x_wconf 91' lang='lat' dir='ltr'>egit</span> <span class='ocrx_word' id='word_1_374' title='bbox 1693 2925 1728 2987; x_wconf 93' lang='lat' dir='ltr'>in</span> <span class='ocrx_word' id='word_1_375' title='bbox 1741 2936 1918 2988; x_wconf 90' lang='lat' dir='ltr'>monaste·</span> 
     </span>
     <span class='ocr_line' id='line_1_62' title="bbox 1086 3047 1918 3135; baseline -0.004 -23"><span class='ocrx_word' id='word_1_376' title='bbox 1086 3050 1139 3135; x_wconf 88' lang='lat' dir='ltr'>rio</span> <span class='ocrx_word' id='word_1_377' title='bbox 1156 3058 1192 3112; x_wconf 91' lang='lat' dir='ltr'>et</span> <span class='ocrx_word' id='word_1_378' title='bbox 1208 3048 1438 3112; x_wconf 88' lang='lat' dir='ltr'>secretarium</span> <span class='ocrx_word' id='word_1_379' title='bbox 1456 3056 1492 3109; x_wconf 88' lang='lat' dir='ltr'>et</span> <span class='ocrx_word' id='word_1_380' title='bbox 1504 3047 1795 3110; x_wconf 90' lang='lat' dir='ltr'>ceremoniarium</span> <span class='ocrx_word' id='word_1_381' title='bbox 1809 3049 1918 3110; x_wconf 89' lang='lat' dir='ltr'>abba·</span> 
     </span>
    </p>
   </div>
   <div class='ocr_carea' id='block_1_14' title="bbox 1087 3146 1918 3253">
    <p class='ocr_par' dir='ltr' id='par_1_17' title="bbox 1087 3146 1918 3253">
     <span class='ocr_line' id='line_1_63' title="bbox 1087 3146 1918 3253; baseline -0.001 -20"><span class='ocrx_word' id='word_1_382' title='bbox 1087 3172 1142 3253; x_wconf 85' lang='lat' dir='ltr'>tis,</span> <span class='ocrx_word' id='word_1_383' title='bbox 1160 3172 1244 3234; x_wconf 89' lang='lat' dir='ltr'>item</span> <span class='ocrx_word' id='word_1_384' title='bbox 1262 3175 1431 3248; x_wconf 78' lang='lat'><strong>1854-00</strong></span> <span class='ocrx_word' id='word_1_385' title='bbox 1443 3170 1479 3231; x_wconf 92' lang='lat' dir='ltr'>in</span> <span class='ocrx_word' id='word_1_386' title='bbox 1491 3146 1771 3250; x_wconf 82' lang='lat' dir='ltr'>Weisskirchen,</span> <span class='ocrx_word' id='word_1_387' title='bbox 1794 3171 1918 3232; x_wconf 87' lang='lat'><strong>1860-</strong></span> 
     </span>
    </p>
   </div>
   <div class='ocr_carea' id='block_1_15' title="bbox 1084 3291 1917 4109">
    <p class='ocr_par' dir='ltr' id='par_1_18' title="bbox 1084 3291 1917 3968">
     <span class='ocr_line' id='line_1_64' title="bbox 1091 3291 1917 3374; baseline -0.002 -17"><span class='ocrx_word' id='word_1_388' title='bbox 1091 3298 1166 3357; x_wconf 82' lang='lat'><strong>1861</strong></span> <span class='ocrx_word' id='word_1_389' title='bbox 1192 3294 1227 3355; x_wconf 92' lang='lat' dir='ltr'>in</span> <span class='ocrx_word' id='word_1_390' title='bbox 1243 3293 1404 3374; x_wconf 91' lang='lat' dir='ltr'>Obdach,</span> <span class='ocrx_word' id='word_1_391' title='bbox 1427 3312 1473 3355; x_wconf 81' lang='lat' dir='ltr'>ex</span> <span class='ocrx_word' id='word_1_392' title='bbox 1493 3293 1575 3354; x_wconf 87' lang='lat' dir='ltr'>inde</span> <span class='ocrx_word' id='word_1_393' title='bbox 1597 3292 1773 3373; x_wconf 90' lang='lat' dir='ltr'>parochus</span> <span class='ocrx_word' id='word_1_394' title='bbox 1790 3291 1826 3354; x_wconf 90' lang='lat' dir='ltr'>in</span> <span class='ocrx_word' id='word_1_395' title='bbox 1842 3292 1917 3355; x_wconf 86' lang='lat' dir='ltr'>Ma·</span> 
     </span>
     <span class='ocr_line' id='line_1_65' title="bbox 1085 3414 1916 3480; baseline -0.006 0"><span class='ocrx_word' id='word_1_396' title='bbox 1085 3418 1160 3480; x_wconf 90' lang='lat' dir='ltr'>rein</span> <span class='ocrx_word' id='word_1_397' title='bbox 1177 3415 1213 3479; x_wconf 92' lang='lat' dir='ltr'>in</span> <span class='ocrx_word' id='word_1_398' title='bbox 1230 3416 1414 3478; x_wconf 84' lang='lat' dir='ltr'>Miirzthal.</span> <span class='ocrx_word' id='word_1_399' title='bbox 1447 3415 1563 3477; x_wconf 93' lang='lat' dir='ltr'>Prach</span> <span class='ocrx_word' id='word_1_400' title='bbox 1584 3414 1619 3475; x_wconf 93' lang='lat' dir='ltr'>in</span> <span class='ocrx_word' id='word_1_401' title='bbox 1640 3415 1747 3476; x_wconf 90' lang='lat' dir='ltr'>rebus</span> <span class='ocrx_word' id='word_1_402' title='bbox 1767 3432 1916 3476; x_wconf 88' lang='lat' dir='ltr'>oecono-</span> 
     </span>
     <span class='ocr_line' id='line_1_66' title="bbox 1085 3534 1916 3620; baseline -0.004 -20"><span class='ocrx_word' id='word_1_403' title='bbox 1085 3539 1185 3602; x_wconf 87' lang='lat' dir='ltr'>micis</span> <span class='ocrx_word' id='word_1_404' title='bbox 1201 3537 1435 3620; x_wconf 89' lang='lat' dir='ltr'>peritissimus</span> <span class='ocrx_word' id='word_1_405' title='bbox 1459 3539 1689 3618; x_wconf 84' lang='lat' dir='ltr'>(quapropter</span> <span class='ocrx_word' id='word_1_406' title='bbox 1704 3534 1839 3617; x_wconf 89' lang='lat' dir='ltr'>pluries</span> <span class='ocrx_word' id='word_1_407' title='bbox 1856 3556 1916 3597; x_wconf 91' lang='lat' dir='ltr'>nu-</span> 
     </span>
     <span class='ocr_line' id='line_1_67' title="bbox 1085 3657 1915 3739; baseline -0.004 -16"><span class='ocrx_word' id='word_1_408' title='bbox 1085 3661 1306 3723; x_wconf 89' lang='lat' dir='ltr'>mismatibus</span> <span class='ocrx_word' id='word_1_409' title='bbox 1320 3661 1509 3722; x_wconf 87' lang='lat' dir='ltr'>decoratus</span> <span class='ocrx_word' id='word_1_410' title='bbox 1523 3668 1587 3739; x_wconf 89' lang='lat' dir='ltr'>est,</span> <span class='ocrx_word' id='word_1_411' title='bbox 1604 3657 1696 3719; x_wconf 91' lang='lat' dir='ltr'>inter</span> <span class='ocrx_word' id='word_1_412' title='bbox 1708 3657 1779 3718; x_wconf 92' lang='lat' dir='ltr'>alia</span> <span class='ocrx_word' id='word_1_413' title='bbox 1791 3657 1826 3719; x_wconf 92' lang='lat' dir='ltr'>in</span> <span class='ocrx_word' id='word_1_414' title='bbox 1842 3676 1869 3719; x_wconf 90' lang='lat' dir='ltr'>s.</span> <span class='ocrx_word' id='word_1_415' title='bbox 1883 3659 1915 3720; x_wconf 92' lang='lat' dir='ltr'>d.</span> 
     </span>
     <span class='ocr_line' id='line_1_68' title="bbox 1085 3779 1915 3865; baseline -0.007 -19"><span class='ocrx_word' id='word_1_416' title='bbox 1085 3783 1308 3865; x_wconf 85' lang='lat' dir='ltr'>expositione</span> <span class='ocrx_word' id='word_1_417' title='bbox 1324 3780 1516 3843; x_wconf 85' lang='lat' dir='ltr'>universali</span> <span class='ocrx_word' id='word_1_418' title='bbox 1532 3780 1693 3841; x_wconf 87' lang='lat' dir='ltr'>Viennae</span> <span class='ocrx_word' id='word_1_419' title='bbox 1714 3781 1819 3861; x_wconf 80' lang='lat'><strong>1873),</strong></span> <span class='ocrx_word' id='word_1_420' title='bbox 1841 3779 1915 3860; x_wconf 93' lang='lat' dir='ltr'>plu-</span> 
     </span>
     <span class='ocr_line' id='line_1_69' title="bbox 1084 3903 1682 3968; baseline -0.01 0"><span class='ocrx_word' id='word_1_421' title='bbox 1084 3925 1141 3968; x_wconf 89' lang='lat' dir='ltr'>res</span> <span class='ocrx_word' id='word_1_422' title='bbox 1158 3906 1202 3967; x_wconf 91' lang='lat' dir='ltr'>de</span> <span class='ocrx_word' id='word_1_423' title='bbox 1219 3905 1353 3967; x_wconf 89' lang='lat' dir='ltr'>eisdem</span> <span class='ocrx_word' id='word_1_424' title='bbox 1370 3903 1482 3965; x_wconf 91' lang='lat' dir='ltr'>edidit</span> <span class='ocrx_word' id='word_1_425' title='bbox 1498 3912 1682 3965; x_wconf 79' lang='lat' dir='ltr'>tractatus</span> 
     </span>
    </p>

    <p class='ocr_par' dir='ltr' id='par_1_19' title="bbox 1170 4026 1564 4109">
     <span class='ocr_line' id='line_1_70' title="bbox 1170 4026 1564 4109; baseline -0.01 -19"><span class='ocrx_word' id='word_1_426' title='bbox 1170 4029 1321 4109; x_wconf 90' lang='lat' dir='ltr'>lnsuper</span> <span class='ocrx_word' id='word_1_427' title='bbox 1337 4026 1434 4109; x_wconf 90' lang='lat' dir='ltr'>typis</span> <span class='ocrx_word' id='word_1_428' title='bbox 1451 4026 1564 4088; x_wconf 90' lang='lat' dir='ltr'>dedit:</span> 
     </span>
    </p>
   </div>
   <div class='ocr_carea' id='block_1_16' title="bbox 1083 4145 1915 4439">
    <p class='ocr_par' dir='ltr' id='par_1_20' title="bbox 1083 4145 1915 4439">
     <span class='ocr_line' id='line_1_71' title="bbox 1171 4145 1915 4228; baseline -0.007 -18"><span class='ocrx_word' id='word_1_429' title='bbox 1171 4155 1247 4210; x_wconf 87' lang='lat' dir='ltr'>Eine</span> <span class='ocrx_word' id='word_1_430' title='bbox 1263 4154 1355 4210; x_wconf 87' lang='lat' dir='ltr'>Fahrt</span> <span class='ocrx_word' id='word_1_431' title='bbox 1370 4152 1446 4208; x_wconf 91' lang='lat' dir='ltr'>nach</span> <span class='ocrx_word' id='word_1_432' title='bbox 1464 4152 1540 4207; x_wconf 86' lang='lat' dir='ltr'>Rom</span> <span class='ocrx_word' id='word_1_433' title='bbox 1562 4147 1590 4228; x_wconf 83' lang='lat' dir='ltr'>(i.</span> <span class='ocrx_word' id='word_1_434' title='bbox 1605 4169 1630 4206; x_wconf 90' lang='lat' dir='ltr'>e.</span> <span class='ocrx_word' id='word_1_435' title='bbox 1649 4151 1710 4206; x_wconf 90' lang='lat' dir='ltr'>lter</span> <span class='ocrx_word' id='word_1_436' title='bbox 1726 4145 1915 4227; x_wconf 79' lang='lat' dir='ltr'>Romanum.)</span> 
     </span>
     <span class='ocr_line' id='line_1_72' title="bbox 1084 4253 1913 4331; baseline -0.008 -15"><span class='ocrx_word' id='word_1_437' title='bbox 1084 4262 1117 4316; x_wconf 92' lang='lat' dir='ltr'>ln</span> <span class='ocrx_word' id='word_1_438' title='bbox 1137 4258 1570 4331; x_wconf 60' lang='grc' dir='ltr'>,11110101111101111111111111ςίί</span> <span class='ocrx_word' id='word_1_439' title='bbox 1595 4253 1684 4327; x_wconf 77' lang='lat'><strong>1871.</strong></span> <span class='ocrx_word' id='word_1_440' title='bbox 1706 4255 1758 4311; x_wconf 90' lang='lat' dir='ltr'>Nr.</span> <span class='ocrx_word' id='word_1_441' title='bbox 1781 4267 1913 4326; x_wconf 84' lang='lat'><strong>15-30,</strong></span> 
     </span>
     <span class='ocr_line' id='line_1_73' title="bbox 1083 4365 1215 4439; baseline -0.008 -18"><span class='ocrx_word' id='word_1_442' title='bbox 1083 4365 1215 4439; x_wconf 88' lang='lat' dir='ltr'>Beilage.</span> 
     </span>
    </p>
   </div>
   <div class='ocr_carea' id='block_1_17' title="bbox 1082 4513 1914 5088">
    <p class='ocr_par' dir='ltr' id='par_1_21' title="bbox 1082 4513 1914 5088">
     <span class='ocr_line' id='line_1_74' title="bbox 1170 4513 1914 4605; baseline -0.005 -22"><span class='ocrx_word' id='word_1_443' title='bbox 1170 4513 1385 4605; x_wconf 81' lang='lat' dir='ltr'>Prangner</span> <span class='ocrx_word' id='word_1_444' title='bbox 1408 4521 1693 4602; x_wconf 86' lang='lat' dir='ltr'>Engelbertus</span> <span class='ocrx_word' id='word_1_445' title='bbox 1727 4518 1914 4599; x_wconf 83' lang='lat' dir='ltr'>&lt;Admon-</span> 
     </span>
     <span class='ocr_line' id='line_1_75' title="bbox 1084 4636 1912 4720; baseline -0.006 -18"><span class='ocrx_word' id='word_1_446' title='bbox 1084 4640 1247 4720; x_wconf 85' lang='lat' dir='ltr'>tensis),</span> <span class='ocrx_word' id='word_1_447' title='bbox 1262 4636 1414 4701; x_wconf 89' lang='lat' dir='ltr'>Graecio</span> <span class='ocrx_word' id='word_1_448' title='bbox 1424 4639 1595 4720; x_wconf 91' lang='lat' dir='ltr'>originem</span> <span class='ocrx_word' id='word_1_449' title='bbox 1605 4638 1738 4719; x_wconf 90' lang='lat' dir='ltr'>ducens</span> <span class='ocrx_word' id='word_1_450' title='bbox 1756 4657 1803 4700; x_wconf 91' lang='lat'><strong>12.</strong></span> <span class='ocrx_word' id='word_1_451' title='bbox 1814 4636 1912 4717; x_wconf 89' lang='lat' dir='ltr'>Sept.</span> 
     </span>
     <span class='ocr_line' id='line_1_76' title="bbox 1088 4759 1914 4854; baseline -0.007 -29"><span class='ocrx_word' id='word_1_452' title='bbox 1088 4766 1178 4843; x_wconf 89' lang='lat'><strong>1812,</strong></span> <span class='ocrx_word' id='word_1_453' title='bbox 1192 4762 1394 4824; x_wconf 91' lang='lat' dir='ltr'>Admontes</span> <span class='ocrx_word' id='word_1_454' title='bbox 1407 4759 1586 4854; x_wconf 88' lang='lat' dir='ltr'>stabilitus</span> <span class='ocrx_word' id='word_1_455' title='bbox 1602 4759 1722 4822; x_wconf 89' lang='lat' dir='ltr'>11.Iul.</span> <span class='ocrx_word' id='word_1_456' title='bbox 1741 4762 1831 4840; x_wconf 81' lang='lat'><strong>1835,</strong></span> <span class='ocrx_word' id='word_1_457' title='bbox 1845 4759 1914 4840; x_wconf 93' lang='lat' dir='ltr'>pri-</span> 
     </span>
     <span class='ocr_line' id='line_1_77' title="bbox 1082 4867 1913 4948; baseline -0.004 -1"><span class='ocrx_word' id='word_1_458' title='bbox 1082 4884 1199 4948; x_wconf 91' lang='lat' dir='ltr'>mitias</span> <span class='ocrx_word' id='word_1_459' title='bbox 1221 4883 1416 4946; x_wconf 89' lang='lat' dir='ltr'>celebravit</span> <span class='ocrx_word' id='word_1_460' title='bbox 1437 4867 1469 4944; x_wconf 45' lang='grc'>81</span> <span class='ocrx_word' id='word_1_461' title='bbox 1483 4882 1570 4945; x_wconf 91' lang='lat' dir='ltr'>Dec.</span> <span class='ocrx_word' id='word_1_462' title='bbox 1592 4884 1682 4944; x_wconf 87' lang='grc'>1835.</span> <span class='ocrx_word' id='word_1_463' title='bbox 1714 4881 1785 4944; x_wconf 92' lang='lat' dir='ltr'>Per</span> <span class='ocrx_word' id='word_1_464' title='bbox 1804 4883 1913 4944; x_wconf 87' lang='lat' dir='ltr'>breve</span> 
     </span>
     <span class='ocr_line' id='line_1_78' title="bbox 1083 5005 1913 5088; baseline -0.004 -18"><span class='ocrx_word' id='word_1_465' title='bbox 1083 5007 1253 5088; x_wconf 92' lang='lat' dir='ltr'>temporis</span> <span class='ocrx_word' id='word_1_466' title='bbox 1281 5006 1436 5088; x_wconf 90' lang='lat' dir='ltr'>spatium</span> <span class='ocrx_word' id='word_1_467' title='bbox 1464 5013 1675 5087; x_wconf 83' lang='lat' dir='ltr'>cooperator</span> <span class='ocrx_word' id='word_1_468' title='bbox 1699 5005 1913 5068; x_wconf 91' lang='lat' dir='ltr'>constitutus</span> 
     </span>
    </p>
   </div>
   <div class='ocr_carea' id='block_1_18' title="bbox 1068 5127 1913 5209">
    <p class='ocr_par' dir='ltr' id='par_1_22' title="bbox 1068 5127 1913 5209">
     <span class='ocr_line' id='line_1_79' title="bbox 1068 5127 1913 5209; baseline -0.001 -19"><span class='ocrx_word' id='word_1_469' title='bbox 1068 5130 1118 5193; x_wconf 86' lang='lat' dir='ltr'>in</span> <span class='ocrx_word' id='word_1_470' title='bbox 1130 5129 1348 5209; x_wconf 89' lang='lat' dir='ltr'>Wildalpen‚</span> <span class='ocrx_word' id='word_1_471' title='bbox 1365 5130 1410 5191; x_wconf 92' lang='lat' dir='ltr'>ad</span> <span class='ocrx_word' id='word_1_472' title='bbox 1427 5146 1545 5190; x_wconf 90' lang='lat' dir='ltr'>musas</span> <span class='ocrx_word' id='word_1_473' title='bbox 1562 5136 1598 5190; x_wconf 90' lang='lat' dir='ltr'>et</span> <span class='ocrx_word' id='word_1_474' title='bbox 1615 5127 1784 5189; x_wconf 90' lang='lat' dir='ltr'>scientias</span> <span class='ocrx_word' id='word_1_475' title='bbox 1795 5147 1913 5190; x_wconf 86' lang='lat' dir='ltr'>rever·</span> 
     </span>
    </p>
   </div>
   <div class='ocr_carea' id='block_1_19' title="bbox 1082 5250 1913 5334">
    <p class='ocr_par' dir='ltr' id='par_1_23' title="bbox 1082 5250 1913 5334">
     <span class='ocr_line' id='line_1_80' title="bbox 1082 5250 1913 5334; baseline -0.004 -20"><span class='ocrx_word' id='word_1_476' title='bbox 1082 5263 1179 5333; x_wconf 78' lang='lat' dir='ltr'>tenS,</span> <span class='ocrx_word' id='word_1_477' title='bbox 1203 5251 1419 5334; x_wconf 86' lang='lat' dir='ltr'>theologiam</span> <span class='ocrx_word' id='word_1_478' title='bbox 1443 5251 1610 5312; x_wconf 92' lang='lat' dir='ltr'>moralem</span> <span class='ocrx_word' id='word_1_479' title='bbox 1635 5259 1671 5312; x_wconf 90' lang='lat' dir='ltr'>et</span> <span class='ocrx_word' id='word_1_480' title='bbox 1695 5250 1913 5330; x_wconf 87' lang='lat' dir='ltr'>pastoralem</span> 
     </span>
    </p>
   </div>
   <div class='ocr_carea' id='block_1_20' title="bbox 174 5359 1913 5456">
    <p class='ocr_par' dir='ltr' id='par_1_24' title="bbox 174 5359 1913 5456">
     <span class='ocr_line' id='line_1_81' title="bbox 174 5359 1913 5456; baseline -0.001 -21"><span class='ocrx_word' id='word_1_481' title='bbox 174 5372 314 5435; x_wconf 89' lang='lat' dir='ltr'>Monte</span> <span class='ocrx_word' id='word_1_482' title='bbox 342 5373 614 5454; x_wconf 85' lang='lat' dir='ltr'>Pannoniae),</span> <span class='ocrx_word' id='word_1_483' title='bbox 643 5372 677 5434; x_wconf 93' lang='lat' dir='ltr'>in</span> <span class='ocrx_word' id='word_1_484' title='bbox 701 5371 1002 5455; x_wconf 83' lang='lat' dir='ltr'>Ny&#39;erges-Ujfalu</span> <span class='ocrx_word' id='word_1_485' title='bbox 1039 5359 1044 5446; x_wconf 92' lang='grc' dir='ltr'>Ι</span> <span class='ocrx_word' id='word_1_486' title='bbox 1083 5373 1233 5436; x_wconf 91' lang='lat' dir='ltr'>alumnis</span> <span class='ocrx_word' id='word_1_487' title='bbox 1256 5373 1419 5436; x_wconf 91' lang='lat' dir='ltr'>coenobii</span> <span class='ocrx_word' id='word_1_488' title='bbox 1442 5372 1598 5436; x_wconf 89' lang='lat' dir='ltr'>tradidit.</span> <span class='ocrx_word' id='word_1_489' title='bbox 1627 5371 1718 5434; x_wconf 94' lang='lat' dir='ltr'>Dein</span> <span class='ocrx_word' id='word_1_490' title='bbox 1743 5372 1789 5434; x_wconf 89' lang='lat' dir='ltr'>ad</span> <span class='ocrx_word' id='word_1_491' title='bbox 1813 5391 1913 5456; x_wconf 89' lang='lat' dir='ltr'>gym-</span> 
     </span>
    </p>
   </div>
   <div class='ocr_carea' id='block_1_21' title="bbox 0 0 2094 6196">
    <p class='ocr_par' dir='ltr' id='par_1_25' title="bbox 0 0 2094 6196">
     <span class='ocr_line' id='line_1_82' title="bbox 0 0 2094 6196; baseline 0 1"><span class='ocrx_word' id='word_1_492' title='bbox 0 0 2094 6196; x_wconf 95' lang='lat' dir='ltr'> </span> 
     </span>
    </p>
   </div>
  </div>
 </body>
</html>
