4178 6196
72 4603 78 4614 .
174 4556 415 4612 Lichtensteiner
425 4553 523 4633 (quem
533 4554 613 4636 vide)
624 4570 681 4614 etc.
693 4574 761 4626 etc,
774 4558 811 4614 da
823 4577 856 4612 er
867 4574 882 4614 2
888 4572 904 4629 5
915 4558 1005 4633 Jahre
1044 4560 1046 4607 l

904 425 1185 492 -442-

175 626 261 669 suae
278 611 328 668 51.
346 606 502 668 nondum
519 606 707 686 completo,
732 606 766 668 in
789 606 915 669 mediis
934 606 1005 669 fra·
1043 611 1046 685 ξ
1085 608 1298 670 admiramur
1315 609 1407 670 enim
1420 616 1494 670 tum
1507 610 1610 672 metri
1621 610 1831 673 facilitatem
1847 621 1920 675 tum

175 729 287 791 tribus
303 728 398 808 piam
416 727 569 789 animam
584 727 663 789 Deo
679 738 715 789 et
731 728 931 790 hominibus
948 749 1005 790 ca·
1086 729 1170 810 styli
1191 729 1436 811 subtilitatem,
1461 734 1541 812 qua,
1567 750 1658 812 quae
1682 732 1717 795 in
1741 735 1919 797 communi

173 871 248 913 ram
265 849 401 912 efflavit
417 850 474 911 die
492 855 542 911 23.
559 849 623 912 lul.
645 853 734 911 1852.
759 848 930 931 Sepultus
952 859 1006 912 est
1045 920 1046 925 .
1087 851 1193 912 etiam
1216 851 1291 913 vita
1315 862 1512 933 occurrunt,
1537 873 1602 934 per
1624 855 1806 936 poeticam
1829 858 1919 939 peri-

174 975 209 1036 in
238 975 363 1035 eodem
392 973 470 1034 vico
497 972 714 1054 Breitenlee,
743 972 803 1034 ubi
830 973 1005 1053 primitias
1044 990 1047 1050 ᾖ
1086 972 1241 1053 phrasin,
1262 992 1327 1053 per
1347 975 1536 1056 allegorias
1554 984 1620 1040 etc.
1642 978 1917 1059 splendidiorem

175 1097 256 1159 olim
274 1095 529 1156 celebraverat.
1045 1061 1047 1119 ἔ
1087 1102 1223 1155 vestem
1241 1097 1449 1168 ostendunt:
1474 1105 1592 1159 tamen
1614 1098 1771 1160 carmina
1793 1097 1854 1161 illa
1874 1102 1917 1162 ab

260 1219 456 1298 Postquam
474 1218 518 1278 de
531 1217 626 1279 vitae
639 1216 723 1279 fatis
737 1217 874 1299 egimus
888 1217 1006 1279 simul·
1045 1202 1047 1273 i
1087 1214 1180 1276 omni
1196 1217 1384 1279 verborum
1401 1217 1495 1280 inani
1518 1220 1756 1283 cumulatione
1773 1241 1916 1302 prorsus

175 1463 400 1525 scribendum
416 1471 532 1524 motus
546 1462 601 1542 sit,
619 1471 740 1542 restat,
754 1470 792 1523 ut
807 1464 850 1523 de
865 1462 1006 1542 scriptis
1045 1391 1047 1465 i
1087 1459 1167 1519 aevi
1183 1459 1324 1521 laudem
1341 1460 1530 1542 attingant.

176 1605 221 1646 ex
236 1584 399 1665 professo
417 1586 614 1646 tradamus:
633 1604 807 1664 quaenam
821 1584 937 1645 adhuc
949 1602 1006 1644 su·
1045 1566 1046 1647 i

175 1360 245 1423 que
270 1340 516 1422 exposuimus,
541 1341 683 1419 quando
708 1341 931 1420 quomodove
961 1342 1006 1401 ad
1086 1347 1168 1398 sunt
1196 1336 1379 1419 immunia,
1408 1339 1458 1401 ita
1485 1349 1524 1402 ut
1550 1342 1751 1405 omnimode
1780 1343 1916 1407 classici

1174 1621 1209 1676 V.
1233 1621 1429 1677 Dissertatio:
1455 1620 1555 1679 Ueber
1576 1622 1634 1678 den
1658 1624 1915 1699 Zusammenhang

174 1705 325 1786 pesSissti
350 1709 420 1786 (luiAl
440 1705 475 1766 in
497 1705 609 1767 forma
631 1705 865 1786 issVssssistssiUf,
890 1714 1006 1767 Utrum
1044 1720 1047 1841 ¹,
1087 1724 1141 1780 der
1157 1715 1429 1782 ds'terreichischen
1446 1727 1674 1802 Volkssprache
1699 1731 1752 1784 mit
1776 1728 1834 1785 den
1855 1729 1913 1784 drei

176 1827 349 1907 impressa
372 1848 417 1889 an
438 1849 544 1889 manu
569 1829 682 1889 solum
707 1826 841 1907 scripta
863 1825 1005 1908 fuerint,
1044 1846 1047 1858 ⁴
1087 1829 1201 1885 alteren
1218 1830 1382 1886 deutschen
1399 1830 1586 1887 Mundarten.
1604 1829 1633 1908 (i.
1647 1851 1673 1888 e.
1692 1833 1739 1888 De
1752 1851 1830 1888 nexu
1843 1835 1915 1889 inter

173 1950 232 2010 vel
250 1949 510 2030 quemtitulum
528 1949 724 2030 proferant,
748 1950 924 2029 quomodo
947 1950 1006 2009 de,
1045 2006 1048 2015 ι
1087 1934 1217 2007 linguam
1235 1934 1424 1990 Austriacam
1446 1935 1600 2009 vulgarem
1625 1950 1655 1991 et
1679 1950 1742 1992 tres
1765 1936 1913 2012 lapsorum

175 2072 281 2151 nique
304 2091 342 2132 se
365 2072 522 2133 habeant
545 2073 591 2132 ad
612 2090 746 2132 coaeva
767 2070 900 2152 scripta
921 2071 1006 2132 alio·
1046 2022 1048 2097 i
1087 2037 1258 2093 Germanae
1285 2039 1471 2094 litteraturae
1499 2059 1642 2096 aevorum
1670 2037 1841 2119 dialectos.)
1871 2040 1913 2096 Ad

1087 2160 1190 2217 progr.
1208 2161 1308 2216 gymn.
1326 2142 1456 2199 Vindob.*
1477 2144 1568 2216 1852,
1592 2144 1672 2219 apud
1693 2147 1727 2201 C.
1749 2144 1866 2202 Gerold
1888 2160 1914 2201 et

175 2212 250 2254 rum
268 2192 405 2254 similia.
1120 2248 1125 2257 ,

1087 2246 1186 2301 filium.
1204 2253 1247 2318 4⁰.
1267 2262 1307 2302 20
1324 2267 1353 2321 p.

346 2405 365 2442 α
363 2397 382 2465 )
400 2383 577 2463 Impressa
594 2392 835 2445 numerantur:
1045 2355 1048 2513 Ι
1174 2399 1316 2479 Quippe
1327 2419 1405 2461 cum
1418 2401 1479 2462 illo
1489 2410 1649 2483 tempore
1661 2423 1683 2463 a
1695 2401 1815 2464 multis
1826 2412 1913 2465 cete·

264 2543 285 2597 1⁸
314 2543 482 2598 Encomim,
507 2542 611 2600 jam:
640 2545 703 2599 De,
727 2543 831 2600 Osden
858 2544 912 2599 des
937 2544 1005 2599 hep,
1045 2516 1048 2641 ἱ
1086 2542 1161 2583 rum
1179 2522 1293 2583 doctis
1309 2522 1395 2583 viris
1416 2523 1649 2604 ignoraretur,
1672 2522 1913 2586 Germanicam

176 2647 328 2703 Benedict.
354 2649 406 2703 Bel
424 2646 626 2721 Gelegenheit
643 2647 696 2703 der
708 2648 1007 2720 Wiedererrichtung
1046 2671 1048 2687 =
1086 2643 1258 2724 linguam,
1284 2642 1379 2723 quali
1404 2645 1555 2705 nuncin
1580 2645 1679 2706 libris
1704 2646 1847 2727 utimur,
1872 2665 1914 2707 ex

179 2754 233 2808 ‹les
249 2751 355 2808 Stiltes
372 2753 484 2808 Metten
502 2755 529 2808 in
546 2755 663 2808 Baiern.
683 2749 711 2828 (i.
726 2770 752 2807 e.
771 2751 856 2807 Ordo
873 2771 896 2807 S.
910 2753 1006 2807 aene·
1087 2765 1194 2825 variis
1229 2765 1421 2845 superioris
1456 2766 1666 2847 mediaeque
1703 2765 1911 2829 Germaniae

178 2858 259 2913 dicti.
285 2858 331 2913 Ex
349 2859 512 2913 occasione
528 2859 702 2912 monasterii
720 2857 877 2911 lllettensis
900 2858 927 2910 in
950 2857 1005 2910 Ra·
1087 2886 1249 2948 dialectis
1260 2889 1519 2967 quodammodo
1532 2899 1811 2950 reconstructam
1825 2907 1912 2956 esse,

175 2965 259 3018 raria
287 2976 426 3017 recenter
453 2958 605 3038 restituti.)
637 2959 767 3016 Vindob.
800 2958 897 3031 1830,
926 2960 1006 3035 apud
1046 2978 1048 3047 .
1087 3007 1135 3068 ita
1163 3008 1387 3088 utpervdrso
1431 3029 1549 3071 rorsus
1567 3010 1689 3072 ordine
1717 3009 1914 3072 etiamcon·

176 3069 283 3122 Franc.
301 3066 439 3140 Ludwig.
457 3065 499 3122 8⁰.
519 3064 536 3121 8
554 3084 582 3141 p.
1137 3057 1145 3088 ²
1405 3030 1428 3090 Ρ
1692 3059 1700 3090 r

261 3171 298 3226 H·
321 3172 448 3226 Carmen
470 3169 569 3235 tamn,
595 3188 650 3225 can
653 3187 706 3224 ens
730 3169 781 3224 de:
806 3167 1005 3224 Grundstein·
1086 3130 1301 3210 tenderetur,
1327 3130 1445 3191 varias
1470 3131 1641 3193 dialectos
1666 3141 1702 3193 et
1726 3131 1913 3213 praecipue

177 3276 288 3348 legung
312 3275 365 3329 des
392 3273 497 3330 Stipes
522 3272 670 3329 Schotten
696 3290 743 3328 am
772 3270 801 3328 ὁ,
826 3273 884 3327 Mai
915 3270 1004 3342 1831,
1046 3279 1047 3343 ,
1086 3253 1312 3313 vernaculam
1331 3252 1558 3314 Austriacam
1582 3273 1627 3314 ex
1648 3255 1759 3314 verbo
1784 3253 1913 3334 scripto

175 3376 203 3455 (i.
222 3397 247 3434 e.
266 3380 312 3433 De
329 3380 408 3434 iacto
425 3380 523 3453 primo
541 3377 722 3433 fundamenti
740 3375 838 3451 lapide
855 3394 910 3450 pro
924 3375 1006 3430 aedi·
1045 3432 1047 3456 ,
1085 3373 1196 3435 fuisse
1211 3384 1406 3455 corruptas,
1416 3375 1640 3454 BertholduS,
1651 3396 1743 3456 quae
1753 3376 1829 3437 eius
1842 3387 1914 3437 erat

175 3483 291 3537 licando
314 3485 497 3538 monasterio
514 3480 665 3548 Scotensi‚
689 3481 737 3536 die
764 3480 792 3536 d.
810 3481 879 3537 Maii
902 3477 1004 3557 1831.)
1045 3518 1046 3563 ,
1085 3495 1914 3578 veterislinguaefiesmanae71mm0etfiothi.

175 3585 305 3641 Vindob.
328 3585 417 3656 ¹83¹2
436 3586 515 3662 apud
533 3587 578 3641 pp
582 3628 588 3641 ·
606 3587 858 3641 Mechitharistas.
876 3592 918 3657 4⁰·
938 3584 956 3640 8
974 3603 1004 3659 p'
1044 3576 1047 3607 Ι
1086 3637 1148 3679 cae
1173 3618 1314 3699 peritia,
1339 3618 1478 3699 patriae
1503 3618 1644 3680 dialecti
1668 3619 1913 3699 antiquitatem

259 3708 615 3764 111.Encomioniamb.:
634 3708 885 3764 DemAndenken
898 3726 1005 3763 unsers
1044 3730 1046 3739 ’
1084 3740 1322 3821 locupletibus
1344 3741 1563 3822 argumentis
1584 3741 1851 3803 demonstravit.
1872 3739 1914 3801 Et

174 3810 385 3885 vielgeliebten
402 3811 584 3867 Mitbruders
606 3813 658 3868 des
681 3813 808 3868 Hoclnv.
826 3813 925 3867 Herrn
943 3810 1004 3866 An·

172 3916 260 3971 (Istas
278 3913 471 3971 Oberleimer
492 3914 589 3992 (quem
613 3915 692 3992 vide)
718 3929 775 3971 etc.
800 3914 829 3993 (i.
847 3935 873 3971 e·
891 3917 1004 3971 Μῃο-
1043 3898 1045 3973 ,
1085 3882 1303 3942 quanquam,
1324 3874 1362 3925 ut
1383 3882 1460 3944 ipse
1480 3863 1627 3944 fatetur,
1652 3882 1720 3923 ram
1744 3870 1851 3924 antea
1873 3863 1913 3924 A.

176 4022 238 4074 riae
263 4019 447 4075 dilectissimi
473 4018 633 4074 confratris
656 4021 749 4074 nostri
772 4018 929 4074 reverendi
951 4019 1005 4074 do·
1044 4094 1045 4105 γ
1085 3985 1281 4045 schmesser
1294 3984 1385 4044 idem
1403 3991 1605 4046 asseruerat
1621 3984 1665 4045 de
1682 3983 1837 4045 dialecto
1850 3983 1915 4044 Ba'

172 4124 240 4177 mini
258 4123 399 4178 Andreae
416 4120 628 4200 Oberleitner.)
653 4122 783 4178 Vindob.
810 4122 900 4192 1832,
925 4123 1003 4197 apud
1044 4111 1046 4183 i
1085 4104 1379 4185 Vstfinlet7qU0d
1392 4103 1914 4186 addendumest,lll.Hbferde

174 4226 335 4282 Antonium
352 4226 422 4283 nob.
440 4227 476 4282 de
493 4226 625 4283 Schmid.
643 4234 685 4299 4⁰.
706 4241 721 4299 7
740 4247 768 4302 p.
1044 4258 1046 4307 ,
1085 4226 1238 4287 dialecto
1261 4245 1369 4306 supra
1385 4224 1537 4287 Anisum
1557 4225 1697 4306 usitata,
1721 4226 1800 4306 ipse
1821 4226 1914 4288 solus

258 4349 309 4404 IV.
339 4349 467 4405 Carmen
495 4350 688 4405 allocutivum
717 4348 816 4415 lamb..
845 4348 863 4404 b
893 4362 1004 4404 tantum
1044 4322 1046 4353 ;
1085 4349 1120 4409 in
1136 4348 1301 4409 inferiore
1319 4347 1467 4408 Austria
1484 4367 1549 4427 pro
1566 4346 1657 4408 virili
1674 4357 1778 4427 parte
1796 4347 1914 4408 decer·

172 4453 314 4527 strophas
331 4456 502 4509 continens:
522 4454 597 4509 Dem
615 4454 742 4511 Hochw.
758 4454 856 4509 Herrn
869 4453 1005 4509 Meinrad
1044 4456 1046 4547 l
1085 4470 1369 4551 tavit,idqueeo
1385 4467 1612 4529 maim-ecum
1631 4487 1799 4529 successu
1820 4467 1913 4548 fecit,

1044 4638 1046 4657 .
1086 4611 1156 4672 quo
1172 4590 1310 4652 facilius
1332 4589 1520 4669 unicuique
1542 4589 1648 4651 etiam
1670 4589 1784 4650 minus
1812 4590 1914 4651 docto

171 4660 219 4715 die
236 4660 392 4716 Praseetur
414 4659 592 4717 bckleidete.
618 4659 646 4739 (i.
669 4681 695 4718 e.
719 4664 792 4718 Rev.
815 4662 893 4718 dom.
910 4663 1004 4717 Mein·
1044 4668 1046 4721 l

298 4766 302 4775 .
447 4767 451 4776 .
837 4768 842 4777 .
992 4766 1000 4782 ,
1044 4724 1046 4759 ¹
1085 4732 1159 4774 rem
1176 4731 1275 4772 suam
1292 4711 1399 4792 plana
1416 4710 1642 4791 expositione
1660 4710 1872 4773 insinuabat.

172 4763 246 4819 rado
266 4764 518 4831 Lichtenstemer‚
543 4779 613 4840 post
641 4764 811 4821 absolutum
836 4785 864 4821 m
886 4766 1005 4839 agenda
1044 4776 1046 4851 l

172 4867 363 4942 praefectura
375 4871 509 4942 quintum
522 4867 668 4947 lustrum.)
682 4868 823 4937 Vindob.,
838 4869 918 4946 apud
933 4888 1004 4925 eun·
1172 4866 1303 4948 Aliqua
1319 4866 1472 4947 denique
1490 4867 1655 4948 carmina,
1678 4869 1849 4948 decerpta
1870 4888 1915 4929 ex

173 4971 249 5039 dem,
267 4974 384 5027 unicum
403 4972 516 5029 s0¹i⁰¹1h
534 4979 576 5044 4⁰·
1084 4989 1292 5051 collectione
1309 4990 1373 5050 sua
1389 5008 1494 5049 manu
1511 4989 1660 5070 scripta,
1677 4989 1785 5050 variis
1809 4991 1914 5070 ephe-

257 5107 298 5168 In
315 5108 531 5170 carminibus
545 5107 632 5188 istis,
651 5128 730 5170 cum
743 5109 813 5170 sint
827 5108 1003 5192 „occasio
1083 5108 1276 5171 meridibus
1297 5109 1452 5190 inseruit,
1478 5129 1507 5172 e.
1524 5129 1559 5190 g.
1581 5109 1616 5171 in
1639 5108 1914 5192 ,Oesterreichi·

175 5228 287 5290 nalia“
306 5229 368 5290 vix
385 5231 429 5290 de
445 5230 603 5311 materia,
628 5232 692 5292 sed
717 5232 761 5292 de
785 5232 860 5292 solo
884 5231 1003 5311 potius
1083 5231 1186 5293 sches
1202 5229 1478 5312 Morgenblatt“,
1500 5232 1580 5293 ddo.
1605 5235 1654 5294 25.
1672 5231 1746 5294 Ian.
1765 5235 1855 5311 1841.
1875 5268 1912 5276 -—

176 5350 365 5428 perorandi
394 5353 498 5413 modo
526 5350 658 5432 aliquid
684 5352 822 5414 dicatur
843 5360 1002 5433 oportet;
1083 5353 1231 5414 Praeter
1247 5353 1351 5414 haec:
