4178 6196
857 465 1138 534 -„,..

214 657 295 712 XXI.
321 655 446 730 Predigt
466 654 515 711 bei
537 653 595 709 den
612 653 786 710 Ieierlichen
802 654 960 727 Exequien

127 762 175 818 fiir
190 761 267 817 weil.
285 758 336 816 Se.
353 759 494 833 Majestat
510 759 607 813 Franz
624 759 646 814 Ι.
663 755 692 835 (1.
707 777 733 814 0.
752 759 859 814 Oratio
875 756 959 812 lune-

127 866 190 923 bris
207 864 309 922 habita
325 867 355 920 iu
370 864 570 921 sollemnitate
584 866 779 938 exequiarum
796 880 852 939 pro
866 864 959 936 impe-

128 986 229 1027 ratore
253 971 419 1025 Francisco
437 962 471 1045 Ι.)
495 969 579 1035 Lina,
603 968 671 1043 Joh.
695 968 838 1023 Huemer.
868 965 958 1037 1835.

130 1076 173 1133 8⁰.
190 1091 227 1147 31
249 1094 278 1150 p.

214 1197 311 1252 XXII.
344 1197 428 1268 Zlige
456 1194 515 1250 und
543 1192 784 1266 Schilderungeu
812 1211 866 1247 aus
893 1191 960 1248 dem

129 1301 234 1358 Leben
251 1301 305 1358 des
318 1301 372 1357 sel.
387 1298 549 1355 Sebastian
562 1300 658 1354 Franz
670 1297 738 1373 Job,
752 1297 961 1352 Beichtvaters

129 1407 182 1463 der
190 1409 331 1463 Kaiserin
339 1405 481 1462 Carolina
490 1403 638 1477 Augusta.
650 1399 679 1479 (i.
690 1421 716 1458 e.
728 1402 797 1458 Vita
806 1400 837 1458 S.
848 1402 881 1457 F.
891 1399 959 1476 Job,

129 1510 280 1585 quondam
298 1508 475 1565 confessarii
497 1509 697 1583 imperatricis
713 1508 782 1563 Car.
803 1506 961 1580 Augustae

129 1614 307 1689 quibusdam
335 1613 524 1669 lineamentis
552 1606 751 1689 adumbrata.)
779 1611 868 1674 Linz,
893 1610 960 1684 Joh.

129 1719 271 1774 Huemer.
294 1716 384 1789 1835.
403 1716 445 1773 8⁰.
469 1716 526 1788 184
544 1735 573 1791 p.

216 1839 326 1896 XXIII.
352 1837 509 1895 Sechzehn
526 1839 663 1907 Thesen,
682 1838 795 1893 welche
817 1837 871 1892 der
884 1837 961 1891 Erz·

128 1944 252 2001 bischof
264 1945 403 2000 Clemens
417 1943 537 2017 August
554 1945 667 1998 seinem
683 1942 790 1998 Clerus
806 1961 841 1996 zu
860 1953 961 1996 unter-

128 2050 272 2105 zcichnen
288 2047 449 2122 vorgelegt
471 2048 532 2113 hat,
557 2049 610 2102 mit
633 2046 691 2101 den
713 2045 962 2118 Einwendungen

128 2172 227 2227 gegen
243 2150 397 2208 dieselben
419 2152 478 2207 und
499 2151 553 2206 der
568 2150 779 2206 katholischeu
795 2150 961 2223 Dogmatik
999 2134 1002 2174 ⁸

130 2258 314 2332 verglicben.
333 2253 362 2334 (1.
376 2276 402 2312 0.
425 2254 461 2312 16
479 2256 591 2322 theses,
608 2274 684 2330 quas
701 2255 840 2311 Clemens
857 2253 960 2328 Augu·

130 2378 195 2419 stus
211 2363 459 2436 archiepiscopus
477 2360 558 2416 clero
575 2379 631 2416 suo
644 2358 878 2416 subscribendas
892 2378 962 2435 pro-

129 2470 240 2544 posuit,
267 2487 333 2522 cum
357 2464 586 2541 exceptionibus
608 2479 714 2521 contra
737 2465 858 2520 easdem
876 2464 963 2521 Iactis

129 2585 158 2628 et
175 2591 241 2628 cum
258 2571 431 2645 dogmatica
448 2569 597 2625 catholica
614 2566 763 2647 collatae.)
788 2571 873 2636 Linz,
895 2570 961 2645 Joh.

128 2678 272 2732 Huemer.
294 2675 385 2747 1838.
403 2675 445 2731 8⁰.
467 2689 524 2730 102
544 2694 572 2749 p.

214 2798 324 2854 XXIV.
338 2795 529 2853 Hirtenbriel
538 2815 606 2852 vom
618 2811 669 2867 30.
680 2794 852 2852 November
870 2794 962 2869 1839.

129 2899 159 2979 (1.
179 2921 205 2958 e.
222 2903 358 2958 Litterae
375 2898 565 2978 pastorales.)
591 2902 674 2968 Linz,
697 2900 786 2973 1830.
808 2899 851 2957 80.
880 2916 913 2973 15
932 2919 962 2976 p.

217 3042 312 3098 XXV.
334 3043 441 3097 Oratio
459 3039 560 3096 habita
583 3039 620 3094 ad
638 3040 800 3115 capitulum
818 3040 934 3097 Cremii
951 3072 963 3084 ·

132 3164 224 3201 nense
241 3146 289 3201 die
307 3161 356 3201 22.
374 3144 459 3219 Sept.
481 3144 571 3216 1840.
589 3145 696 3211 Lincii,
719 3143 808 3216 1840.
828 3144 870 3201 8⁰.

215 3268 324 3325 XXVI.
338 3267 705 3324 Hirtenbriefveranlasst
719 3267 812 3322 durch
826 3267 880 3323 das
893 3286 962 3323 vom

130 3375 161 3429 P.
175 3373 246 3428 Pius
255 3373 307 3428 IX.
321 3371 598 3446 ausgeschriebene
614 3369 960 3445 allgemeineJubilaum.

129 3475 158 3555 (1.
184 3497 211 3533 0.
237 3479 372 3534 Litterae
397 3477 568 3553 pastorales
596 3477 759 3531 occasione
784 3477 962 3531 universalis

130 3580 250 3637 iubilaei
266 3601 284 3638 a
301 3603 324 3638 s.
342 3583 424 3657 Papa
440 3582 493 3636 Pio
512 3581 562 3636 IX.
592 3579 671 3652 1846
693 3579 874 3656 promulgati
899 3580 961 3634 edi-

131 3684 201 3764 tae.)
219 3688 302 3752 Linz,
318 3687 344 3762 J
361 3687 503 3742 Huemer.
526 3684 616 3758 1847.
635 3683 676 3740 80.
694 3684 734 3756 48
753 3704 782 3760 p.

220 3808 343 3863 XXVII.
368 3808 610 3881 Betrachtungen
635 3804 709 3862 liber
734 3806 876 3880 religiose
900 3805 962 3861 Ge·

130 3911 323 3967 sellschalten
351 3915 379 3967 in
402 3911 600 3986 Verbindung
627 3915 679 3969 mit
706 3911 764 3967 den
793 3910 963 3967 weltlicheu

130 4016 254 4072 Staaten
272 4018 347 4072 oder
363 4014 437 4072 iiber
454 4016 603 4091 Religion,
626 4017 737 4074 Kirche
755 4016 813 4072 und
831 4014 917 4072 Staat
934 4016 963 4070 in

130 4120 330 4176 lreundlicher
345 4119 553 4194 Verbindung.
577 4117 606 4197 (i.
624 4139 650 4177 e.
670 4121 715 4176 De
733 4120 897 4177 concordia
914 4138 963 4175 ec·
988 4121 998 4146 ⁴

130 4225 251 4280 clesiam
277 4227 352 4280 inter
376 4237 405 4280 et
431 4220 605 4301 civitatem.)
636 4226 726 4290 Linz,
753 4225 779 4300 J.
804 4223 963 4279 Huemer²s

132 4330 253 4386 Witwe.
277 4328 367 4401 1849.

217 4451 357 4507 XXVIII.
375 4451 438 4507 Der
455 4449 573 4507 Glaubc
590 4469 627 4505 an
640 4449 752 4506 Gottcs
764 4451 855 4506 Wort
871 4449 965 4505 bahnt

130 4554 188 4610 den
205 4557 304 4629 einzig
320 4556 459 4611 sicheren
476 4555 556 4629 Weg
572 4575 638 4609 zum
655 4555 794 4610 1110111101.
818 4551 847 4632 (1.
861 4572 888 4609 0.
903 4553 964 4608 De·

133 4674 317 4716 monstratur
343 4662 420 4716 viam
453 4658 490 4714 ad
519 4658 635 4714 coelum
667 4677 723 4734 per
750 4659 844 4715 solam
877 4656 964 4713 sidem

130 4761 267 4842 aperiri.)
292 4764 376 4830 Lina,
399 4765 424 4840 J.
451 4760 609 4819 Huemer’s
633 4764 754 4819 Witwe.
785 4763 874 4835 1850.
904 4768 963 4818 12⁰·

130 4883 260 4944 5012218·

216 4991 327 5047 XXIX.
356 4991 567 5047 Katechismus
593 4989 647 5046 der
672 4989 729 5045 den
754 5002 855 5044 ersten
879 4989 965 5045 Men·

129 5098 222 5152 schen
245 5095 292 5152 bis
314 5096 368 5152 auf
386 5097 496 5153 Christi
518 5094 638 5152 Geburt
661 5093 841 5169 gegebenen
862 5092 965 5150 Offen-

128 5199 285 5275 barungen
298 5200 418 5257 Gottes.
436 5198 465 5279 (1.
480 5219 506 5256 e.
523 5201 732 5257 Catechismus
745 5199 964 5255 revelationum

131 5307 187 5361 Dei
205 5303 375 5361 hominibus
394 5324 489 5379 usque
505 5304 543 5359 ad
557 5304 667 5360 Christi
681 5307 866 5360 nativitatem
879 5318 964 5379 patc-

129 5407 297 5487 factarum.)
315 5426 330 5466 2
349 5409 467 5465 Theile.
484 5409 569 5476 Linz,
591 5407 682 5480 1850.
700 5409 743 5465 80.

1125 653 1221 708 XXX.
1239 650 1342 709 Verba
1362 651 1467 707 salutis
1483 653 1597 726 scripta
1613 651 1651 706 ad
1668 651 1871 710 venerabilem

1039 776 1125 813 suum
1142 757 1264 814 clerum.
1282 756 1389 824 Lincii,
1404 758 1482 831 typis
1495 755 1599 812 Ioann.
1615 757 1757 815 Huemer.
1779 754 1870 830 1843.

1039 876 1079 934 35
1098 881 1169 937 Pag-

1125 967 1287 1022 Praeterea
1319 967 1347 1020 in
1381 965 1510 1036 „Frint’s
1538 965 1767 1039 Theologische
1792 968 1871 1022 Zeit-

1039 1070 1176 1136 schrift“,
1194 1070 1216 1126 1.
1233 1070 1335 1146 Jahrg.
1353 1088 1382 1144 p.
1401 1083 1578 1142 191—247,
1595 1069 1632 1125 II.
1645 1069 1748 1145 Jahrg.
1766 1090 1795 1145 p.
1808 1069 1871 1144 376

1039 1172 1156 1251 -382,
1173 1174 1224 1230 IV.
1241 1174 1342 1249 Jahrg.
1361 1193 1389 1248 p.
1409 1172 1591 1245 271-308,
1613 1173 1715 1248 plures
1738 1175 1871 1231 eiusdem

1040 1290 1186 1334 tractatus
1203 1279 1378 1352 theologici,
1395 1280 1576 1354 praesertim
1593 1279 1630 1334 de
1643 1299 1667 1334 s.
1681 1293 1871 1335 sacramento

1041 1383 1258 1450 Poenitentiae,
1277 1385 1475 1439 inveniuntur.

1127 1495 1317 1588 Zingerle
1335 1506 1435 1567 Pius
1449 1506 1872 1589 (Mariaemontanus),

1041 1634 1145 1685 natus
1161 1622 1343 1685 Meraniae
1365 1643 1410 1701 17.
1428 1624 1533 1686 Mart.
1556 1629 1646 1704 1801,
1669 1637 1815 1706 peracto
1836 1625 1872 1687 in

1040 1746 1127 1806 urbe
1144 1744 1261 1825 patria
1276 1745 1454 1827 gymnasii
1476 1766 1517 1807 ac
1540 1744 1743 1826 Oeniponte
1760 1746 1873 1827 philo·

1040 1866 1188 1947 sophiae
1205 1886 1270 1928 nec
1288 1886 1356 1928 non
1369 1867 1525 1930 biennali
1543 1867 1747 1949 theologiae
1764 1867 1873 1930 curri·

1041 1989 1119 2049 culo
1141 1988 1288 2070 egregia
1310 1989 1442 2069 ubique
1464 1999 1539 2051 tum
1562 2010 1774 2073 progressus
1798 1998 1873 2052 tum
1932 1981 1942 1995 ’

1041 2129 1175 2171 morum
1191 2111 1297 2172 laude
1315 2110 1372 2172 die
1390 2131 1440 2189 27.
1458 2112 1521 2175 Iul.
1543 2116 1624 2175 1820
1639 2113 1798 2194 legitime
1816 2132 1873 2175 su-

1041 2240 1186 2313 sceptus
1211 2243 1246 2294 et
1275 2237 1321 2296 15.
1348 2231 1426 2295 001.
1451 2254 1480 2297 0.
1505 2255 1536 2297 3.
1561 2234 1719 2296 ordinem
1744 2245 1799 2297 est
1823 2235 1873 2297 in-

1040 2373 1197 2435 gressus.
1221 2354 1289 2416 Die
1314 2375 1363 2416 20.
1382 2353 1461 2420 Oct.
1484 2361 1562 2418 1822
1585 2366 1669 2418 vota
1691 2357 1874 2418 sollemnia

1042 2476 1168 2556 emisit,
1189 2499 1220 2554 4.
1236 2476 1324 2557 Apr.
1347 2482 1430 2555 1824
1447 2478 1617 2540 Brixinae
1634 2480 1804 2541 sacerdos
1820 2499 1875 2541 sa-

1043 2608 1161 2660 cratus
1187 2619 1233 2677 19.
1259 2618 1287 2661 e.
1311 2619 1355 2662 m.
1380 2600 1530 2680 primam
1552 2598 1631 2662 Deo
1654 2600 1874 2662 incruentam

1041 2721 1193 2782 hostiam
1211 2721 1348 2783 obtulit.
1367 2722 1506 2783 Exinde
1521 2723 1675 2785 deducto
1692 2723 1874 2804 sexennio,

1044 2862 1113 2923 quo
1137 2843 1172 2904 in
1194 2844 1390 2906 animarum
1415 2865 1534 2907 curam
1557 2845 1592 2906 in
1614 2845 1711 2908 Platt
1732 2857 1768 2907 et
1784 2846 1830 2906 ad
1847 2865 1873 2909 s.

1043 2964 1187 3026 Martini
1209 2965 1243 3026 in
1261 2965 1432 3048 Passyria
1456 2986 1592 3029 summa
1616 2968 1802 3050 diligentia
1824 2969 1874 3030 in-

1044 3087 1175 3168 cubuit,
1200 3087 1234 3150 in
1257 3089 1446 3170 gymnasio
1464 3090 1666 3152 Meranensi
1691 3110 1804 3170 usque
1828 3092 1874 3152 ad

1043 3229 1173 3270 annum
1188 3213 1265 3271 1862
1282 3211 1570 3273 adolescentibus
1583 3211 1809 3273 instituendis
1822 3224 1874 3273 to-

1043 3340 1116 3392 tum
1148 3351 1186 3392 se
1219 3332 1365 3394 tradidit
1393 3332 1566 3414 simulque
1597 3334 1643 3394 ab
1670 3354 1763 3396 anno
1795 3339 1872 3396 1853

1042 3472 1177 3514 summa
1198 3473 1277 3515 cum
1297 3455 1403 3515 laude
1424 3455 1611 3537 gymnasio
1637 3465 1673 3517 et
1697 3455 1876 3536 professo-

1041 3593 1117 3635 rum
1135 3575 1286 3656 collegio
1300 3574 1464 3656 praefuit.
1488 3575 1529 3637 In
1545 3576 1677 3657 linguis
1695 3587 1731 3639 et
1746 3577 1875 3641 litteris

1041 3696 1252 3775 populorum
1266 3695 1523 3779 Semiticorum,
1542 3699 1753 3778 praesertim
1767 3698 1875 3782 Syro-

1042 3837 1127 3897 rum,
1144 3817 1405 3900 investigandis
1421 3820 1602 3883 assiduam
1619 3821 1808 3884 collocavit
1824 3823 1875 3883 in·

1043 3940 1224 4003 dustriam.
1249 3939 1366 4021 Quare
1384 3943 1528 4005 ineunte
1544 3964 1638 4006 anno
1656 3949 1733 4007 1862
1753 3964 1773 4004 a
1790 3945 1874 4004 bea·

1042 4062 1179 4124 tissimo
1196 4063 1304 4125 Patre
1321 4064 1386 4126 Pio
1400 4065 1466 4127 lX.
1484 4066 1638 4129 Romam
1655 4075 1710 4127 est
1726 4075 1875 4127 vocatus

1044 4185 1164 4266 ibique
1195 4186 1230 4247 in
1262 4186 1549 4269 archigymnasio
1578 4186 1778 4269 (Sapienza)
1811 4206 1876 4266 per

1044 4318 1182 4388 septem
1192 4309 1309 4389 spatia
1319 4308 1504 4370 semestria
1516 4308 1672 4389 linguam
1682 4307 1874 4369 Arabicam

1044 4429 1188 4508 publica
1201 4429 1413 4491 auctoritate
1426 4429 1581 4491 tradidit.
1599 4427 1671 4492 Sed
1684 4449 1764 4491 cum
1774 4430 1874 4491 eaelo

1044 4550 1211 4611 Romano
1224 4551 1436 4611 adsuescere
1453 4570 1523 4611 non
1539 4561 1672 4632 posset,
1689 4553 1735 4613 ad
1752 4570 1875 4613 mona-

1045 4671 1191 4734 sterium
1204 4692 1305 4733 suum
1317 4691 1482 4734 reversus
1494 4691 1535 4733 ac
1548 4671 1744 4754 subprioris
1759 4671 1875 4754 digni-

1044 4804 1119 4856 tate
1136 4802 1281 4855 ornatus
1294 4813 1406 4874 usque
1419 4795 1465 4855 ad
1483 4797 1562 4871 1878
1576 4794 1722 4856 clericos
1735 4805 1875 4857 nostros

1045 4915 1266 4998 theologicas
1292 4914 1411 4977 docuit
1435 4914 1651 4996 disciplinas.
1680 4914 1784 4977 Votis
1807 4916 1876 4976 sol·

1044 5037 1219 5100 lemnibus
1237 5042 1287 5099 28.
1298 5035 1377 5099 Oct.
1393 5040 1471 5115 1872
1489 5035 1670 5098 renovatis
1686 5035 1875 5099 iubilaeum

1045 5160 1268 5222 sacerdotale
1287 5164 1314 5222 (1.
1333 5158 1420 5239 Apr.
1443 5161 1523 5235 1874
1545 5156 1762 5219 sollemniter
1784 5159 1876 5220 cele·

1045 5282 1172 5344 bravit.
1196 5281 1265 5343 Hic
1281 5280 1336 5343 vir
1351 5290 1485 5361 quanta
1505 5279 1572 5340 sibi
1594 5279 1720 5341 merita
1744 5280 1789 5341 de
1812 5300 1876 5361 pu·

1044 5404 1138 5465 blica
1153 5403 1320 5464 iuvenum
1342 5401 1564 5465 institutione
1589 5411 1625 5462 et
1649 5402 1694 5463 de
1718 5403 1876 5465 humani·

1610 5505 1666 5568 67⁵
