4178 6196
912 449 1194 498 —120-

178 633 367 697 Bonndorf
378 635 483 698 aliam
500 636 641 697 domum
658 632 786 695 coemit
798 651 863 712 pro
875 633 1013 696 habita·
1092 653 1183 715 guos
1204 636 1449 719 monasterioli·
1458 647 1652 718 proventus
1669 640 1839 720 supplere
1861 641 1922 702 de-

180 758 258 819 culo
283 758 491 839 quaestoris.
526 757 671 819 Maioris
697 756 864 839 ponderis
892 767 1010 845 autem
1091 759 1210 821 bebat.

181 889 216 941 et
233 880 395 942 utilitatis
412 889 489 943 erat
507 880 613 961 plena
634 878 829 943 iurisdictio
850 899 929 941 cum
949 881 1010 942 ad·
1175 879 1262 944 Cum
1272 883 1626 946 antecessorMartini
1634 883 1922 964 princepsMein-

179 1002 409 1065 haerentibus
426 1002 591 1065 censibus
612 1002 761 1083 aliisque
781 1002 954 1064 fructibus
975 1002 1010 1064 in
1090 1003 1197 1065 radus
1221 1002 1256 1065 in
1281 1003 1456 1086 eligendis
1480 1004 1691 1068 officialibus
1715 1007 1810 1068 haud
1833 1004 1923 1068 felix

179 1144 274 1206 pago
283 1124 525 1206 Buggenried,
536 1144 642 1208 quam
655 1143 676 1185 a
689 1125 903 1186 monasterio
912 1124 1011 1187 Rhe·
1089 1125 1207 1208 fuerit,
1229 1127 1417 1209 postulatis
1433 1127 1472 1189 P.
1490 1128 1530 1190 Ρ.
1548 1127 1795 1208 capitularium
1817 1127 1921 1190 satis-

180 1246 377 1328 naugiensi,
399 1246 460 1309 lite
482 1246 542 1309 diu
558 1247 696 1329 agitata
713 1250 853 1309 demum
869 1266 1011 1327 compo·
1090 1247 1248 1311 facturus
1269 1270 1311 1312 ac
1328 1251 1422 1311 bono
1435 1250 1656 1312 subditorum
1669 1259 1705 1312 et
1716 1249 1922 1312 monasterii

179 1369 256 1451 sita,
283 1369 407 1432 solutis
428 1379 482 1431 ter
501 1369 596 1431 mille
616 1367 758 1431 florenis
781 1378 817 1431 et
833 1369 1011 1431 concessis
1091 1371 1324 1451 consulturus,
1348 1391 1432 1433 mox
1454 1372 1543 1433 duos
1564 1370 1736 1435 officiales
1752 1392 1869 1434 rerum
1885 1383 1923 1435 et

179 1492 390 1573 quibusdam
417 1492 542 1553 annuis
566 1491 731 1554 censibus
754 1490 790 1553 in
814 1489 1011 1574 Cleggovia
1091 1493 1314 1575 negotiorum
1331 1493 1565 1575 peritissimos
1579 1493 1698 1576 elegit,
1715 1495 1921 1575 primarium

179 1626 215 1677 et
231 1634 326 1697 pago
337 1615 520 1696 Fuezensi,
537 1614 687 1677 feliciter
699 1614 901 1696 adquisivit.
918 1616 1011 1678 Dein
1090 1634 1155 1696 pro
1183 1616 1290 1677 rebus
1314 1615 1484 1698 politicis,
1509 1615 1673 1678 civilibus
1696 1625 1732 1678 et
1755 1616 1919 1698 publicis,

180 1736 357 1800 officinam
377 1737 558 1801 ferrariam
578 1739 623 1800 ad
644 1748 790 1820 pontem
809 1737 926 1800 Albae
947 1736 1011 1799 flu·
1091 1739 1239 1800 alterurn
1248 1737 1421 1801 reditibus
1431 1737 1729 1820 administrandis,
1743 1747 1780 1801 et
1791 1738 1922 1800 iustam

179 1858 282 1921 minis
304 1879 417 1941 prope
440 1860 607 1942 Togeren
630 1860 735 1922 sitam
763 1880 784 1921 a
808 1861 912 1922 domo
936 1859 1010 1921 Au·
1090 1860 1263 1923 rationem
1279 1860 1503 1943 negotiorum
1525 1869 1561 1923 et
1580 1881 1696 1923 rerum
1717 1863 1784 1923 sub
1806 1860 1920 1942 ipsius

179 1982 310 2045 striaca
326 2001 390 2062 pro
406 2001 536 2064 magno
552 1982 668 2063 pretio
682 2002 787 2062 qoooo
798 1980 1009 2044 florenorum
1090 1983 1261 2066 principis
1288 1984 1466 2066 praesidio
1494 1985 1759 2047 tractandarum
1787 1985 1919 2048 consti·

178 2103 390 2185 patrimonio
411 2124 437 2168 s.
459 2104 569 2167 Blasii
590 2105 728 2167 addidit
748 2114 821 2168 tarn
842 2107 887 2167 ob
910 2124 1009 2184 spem
1090 2107 1166 2171 tuit.
1184 2105 1299 2170 Saluti
1315 2106 1501 2187 temporali
1517 2116 1553 2168 et
1569 2106 1744 2188 spirituali
1761 2107 1922 2170 subdito·

178 2226 265 2289 lucri
286 2226 368 2290 inde
385 2226 549 2310 capiendi
571 2248 676 2309 quam
698 2238 734 2290 et
757 2228 793 2291 in
816 2227 938 2309 primis
963 2230 1009 2290 ob
1089 2250 1165 2292 rum
1181 2228 1332 2310 plurima
1349 2238 1385 2291 et
1401 2228 1536 2309 optima
1549 2229 1714 2311 providit.
1739 2229 1818 2310 Quo
1834 2249 1921 2292 vero

178 2360 311 2413 metum
328 2349 446 2412 damni
462 2369 527 2430 pro
545 2349 643 2413 silvis
660 2350 790 2412 circum
807 2370 833 2413 s.
851 2350 1008 2412 Blasium
1047 2296 1050 2415 i
1088 2372 1162 2414 rem
1179 2373 1200 2413 a
1215 2351 1446 2413 fundamento
1459 2350 1691 2432 exordiretur,
1707 2350 1921 2432 praeprimis

178 2471 324 2554 diffusis,
345 2473 375 2535 si
396 2472 537 2535 officina
556 2474 645 2535 haec
666 2473 723 2535 alii
740 2473 891 2554 emptori
908 2492 1008 2536 cessa
1089 2477 1246 2555 curabat,
1266 2483 1306 2536 ut
1326 2474 1490 2536 iuventus
1513 2473 1645 2535 rustica
1670 2474 1704 2536 in
1728 2474 1859 2537 scholis
1883 2475 1917 2537 in

177 2596 312 2659 fuisset.
337 2596 409 2659 Rei
425 2596 673 2658 oeconomicae
695 2605 730 2658 et
749 2597 888 2659 aerario
904 2596 1008 2678 profi·
1087 2597 1268 2681 religionis
1285 2596 1478 2679 principiis,
1503 2605 1579 2658 arte
1603 2595 1746 2678 legendi
1772 2606 1809 2658 et
1833 2596 1920 2659 scri-

178 2739 244 2781 cua
266 2728 343 2782 erat
363 2720 487 2781 domus
509 2728 545 2781 et
564 2718 709 2799 fabrica,
734 2739 841 2800 quam
864 2739 928 2800 pro
952 2739 1009 2782 co·
1046 2736 1048 2795 ς
1087 2720 1195 2781 bendi
1210 2721 1302 2782 bene
1319 2720 1564 2792 instrueretur;
1582 2737 1647 2799 pro
1663 2717 1920 2800 ludimagistris

178 2843 319 2924 quenda
348 2851 385 2905 et
407 2841 559 2905 subditis
583 2841 808 2904 divendenda
835 2841 1008 2903 cerevisia
1046 2807 1048 2817 Ι
1087 2862 1199 2923 usque
1215 2844 1284 2905 huc
1300 2841 1361 2904 vili
1376 2841 1540 2903 mercede
1553 2840 1737 2903 conductis
1750 2840 1920 2923 adsigna-

177 2983 290 3046 prope
317 2964 509 3045 hospitium
539 2984 631 3026 anno
663 2983 741 3042 ¹792
772 2962 895 3024 erexit.
927 2962 1007 3025 Huc
1086 2966 1139 3029 vit
1159 2966 1357 3027 mercedem
1377 2963 1558 3026 laboribus
1580 2982 1787 3045 congruam;
1810 2963 1918 3026 etiam

177 3087 330 3169 denique
344 3087 499 3170 pertinet
510 3085 798 3148 monasteriolum
809 3084 1007 3167 Mengense
1086 3088 1196 3150 libros
1211 3087 1265 3149 his
1279 3086 1409 3148 scholis
1422 3086 1641 3148 necessarios
1654 3094 1691 3147 et
1703 3094 1807 3165 aptos
1820 3086 1919 3168 typis

177 3210 224 3290 (in
244 3209 545 3291 Wiirtembergia)
571 3209 654 3270 divo
674 3207 795 3270 Blasio
821 3217 1006 3289 retrusum,
1088 3208 1354 3274 San-Blasianis
1378 3207 1529 3290 imprimi
1553 3208 1648 3287 fecit,
1674 3207 1877 3289 quempiam
1899 3228 1918 3270 e

177 3331 389 3411 patrimonio
406 3331 478 3393 divi
491 3331 602 3393 Blasii
619 3330 760 3392 minime
773 3329 1006 3410 profuturum.
1045 3338 1048 3413 l
1087 3333 1160 3394 suis
1176 3331 1352 3414 religiosis
1364 3329 1526 3411 instituit,
1541 3329 1601 3410 qui
1614 3330 1803 3410 quotannis
1816 3331 1917 3393 scho-

172 3441 468 3517 'Monasteriolum
494 3455 577 3534 hoc,
609 3454 788 3534 quondam
811 3453 1007 3516 Wilhelmi-
1045 3424 1048 3525 i
1086 3458 1139 3519 las
1156 3455 1326 3537 visitaret,
1343 3451 1865 3536 ludimagistrorumscientiam
1882 3461 1919 3515 et

175 3590 301 3658 tarum,
327 3597 406 3639 cum
430 3578 569 3639 duobus
593 3576 671 3638 aliis
696 3577 731 3639 in
756 3575 947 3641 Oberriedt
972 3587 1007 3639 et
1046 3542 1048 3617 s
1087 3579 1295 3640 industriam
1316 3576 1530 3656 exploraret,
1548 3575 1689 3656 ineptos
1710 3573 1916 3655 dimitteret,

177 3699 263 3763 Sion
271 3698 462 3780 pontificia,
474 3718 642 3760 caesarea
651 3709 687 3761 et
696 3699 873 3762 ordinaria
886 3710 1006 3761 aucto·
1087 3699 1244 3780 aptiores
1262 3699 1474 3778 adsumeret,
1492 3706 1528 3759 et
1545 3697 1639 3758 omni
1655 3697 1759 3758 modo
1776 3696 1915 3779 prospi-

175 3824 280 3886 ritate
304 3821 571 3904 congregationi
593 3818 872 3884 San·Blasianae
894 3822 1006 3883 incor·
1045 3865 1047 3901 ᾗ
1087 3831 1192 3901 ceret,
1210 3831 1248 3882 ut
1264 3820 1324 3901 pia
1341 3818 1511 3901 principis
1528 3829 1612 3881 vota
1628 3819 1916 3899 adimplerentur.

175 3955 350 4029 poratum,
363 3945 408 4004 ab
422 3945 554 4005 abbate
563 3942 753 4006 Francisco
762 3944 805 4005 ΙΙ.
816 3964 908 4006 anno
925 3962 1001 4027 1741
1086 3944 1164 4025 Quo
1181 3943 1322 4024 quidem
1336 3941 1464 4023 evenit,
1482 3950 1520 4003 ut
1533 3941 1675 4003 scholae
1688 3938 1933 4004 San-Blasia-·

175 4066 418 4130 Benedictinis
442 4066 688 4128 Petrihusanis
717 4066 885 4128 traditum
915 4077 1004 4139 erat;
1085 4086 1152 4129 nae
1168 4085 1255 4145 prae
1268 4065 1395 4129 ceteris
1408 4064 1555 4127 multum
1570 4062 1780 4125 efflorerent.
1798 4063 1916 4126 Etiam

176 4191 236 4273 qui
251 4201 369 4253 autem
386 4190 536 4270 posthac
557 4191 603 4250 ob
624 4189 792 4268 plurimos
813 4199 950 4252 sumtus
971 4190 1005 4252 in
1085 4191 1130 4252 de
1151 4189 1288 4252 cultura
1314 4188 1491 4269 silvarum,
1518 4188 1562 4249 de
1587 4188 1691 4248 modo
1714 4186 1813 4268 ligna
1834 4188 1918 4248 sub·

176 4314 263 4376 istas
287 4315 395 4375 aedes
422 4311 537 4373 factos
561 4331 582 4372 a
605 4330 632 4372 s
653 4311 774 4373 Blasio
799 4331 1004 4392 compensa·
1086 4312 1167 4376 ditis
1200 4311 1441 4393 permittendi,
1469 4321 1505 4371 et
1532 4330 1576 4372 ne
1603 4308 1700 4371 ferae
1732 4309 1916 4371 silvestres

175 4437 306 4500 tionem
325 4435 579 4516 exposcebant.
600 4433 670 4496 Liti
692 4434 751 4495 diu
768 4435 927 4516 agitatae
944 4437 1004 4523 ab·
1043 4388 1046 4465 ι
1085 4454 1205 4497 eorum
1226 4433 1389 4515 frugibus
1415 4435 1581 4496 damnum
1605 4430 1733 4493 inferre
1757 4440 1915 4512 possent,

175 4562 241 4622 bas
257 4558 432 4621 Martinus
449 4575 567 4618 amore
585 4555 683 4636 pacis
700 4575 792 4618 anno
810 4554 1003 4636 1774finem
1083 4559 1175 4619 bene
1192 4556 1386 4638 praecepit.
1410 4556 1521 4617 Porro
1537 4556 1582 4617 ad
1599 4554 1804 4616 mandatum
1820 4554 1916 4643 prin·

173 4682 259 4744 fecit
286 4698 416 4763 magno
448 4679 591 4760 quidem
623 4677 838 4741 confratrum
866 4679 1002 4741 Blasia-
1084 4679 1172 4761 cipis
1189 4648 1358 4741 officiales
1376 4678 1410 4740 in
1422 4681 1516 4739 bona
1529 4676 1720 4739 immobilia
1737 4696 1778 4738 ac
1791 4675 1915 4739 debita

174 4825 297 4868 norum
322 4804 554 4883 incommodo,
575 4801 635 4884 qui
657 4822 679 4864 a
698 4802 833 4883 reliquo
854 4822 1002 4883 corpore
1084 4803 1302 4884 singulorum
1327 4800 1546 4862 subditorum
1566 4801 1736 4888 adcurate
1761 4797 1915 4879 inquire·

173 4927 342 4989 Blasiano
373 4935 521 5007 propter
554 4924 622 4986 loci
661 4924 865 4987 distantiam
902 4926 1002 5006 quasi
1083 4927 1180 5004 bant,
1205 4933 1240 4986 et
1264 4924 1487 5003 exploratum
1511 4931 1643 4984 statum
1667 4921 1733 4982 sub
1757 4919 1913 4982 cuiusvis

173 5048 329 5129 separati
350 5047 530 5128 vivebant,
552 5066 617 5109 nec
634 5047 758 5110 minori
776 5047 903 5111 aerarii
920 5048 1002 5110 Bla-
1083 5045 1223 5109 nomine
1239 5045 1382 5126 proprio
1400 5045 1434 5106 in
1450 5045 1601 5107 tabellas
1615 5052 1650 5105 et
1666 5043 1775 5105 libros
1788 5042 1914 5104 adhoc

173 5169 263 5232 siani
292 5171 436 5250 damno,
465 5170 560 5250 quod
588 5188 658 5231 non
685 5178 758 5230 tam
782 5170 827 5231 ad
855 5168 1002 5230 alendos
1085 5167 1281 5230 destinatos
1304 5166 1556 5246 inscribebant,
1579 5164 1628 5226 ita
1648 5172 1688 5226 ut
1707 5163 1812 5226 facile
1834 5181 1914 5243 per-

173 5302 245 5354 tres
275 5291 477 5373 religiosos,
512 5312 617 5374 quam
649 5292 694 5353 ad
725 5291 1003 5373 hospitalitatem
1083 5300 1209 5372 spectu
1226 5298 1331 5370 esset,
1354 5290 1457 5369 quale
1479 5288 1628 5369 quisque
1650 5288 1694 5348 de
1715 5285 1817 5348 bonis
1838 5284 1913 5347 suis

172 5412 312 5494 aliaque
339 5431 499 5492 expensa
527 5414 715 5494 quotannis
741 5412 905 5475 facienda
928 5411 1002 5473 exi·
1083 5412 1239 5495 vectigal
1260 5411 1401 5474 domino
1422 5413 1583 5492 deberet,
1609 5430 1691 5471 num
1716 5429 1790 5472 rem
1812 5427 1914 5470 suam
