4178 6196
909 467 1190 537 -373-

180 671 260 713 nem
282 651 359 732 ipse
380 653 494 713 abbas
511 651 636 714 Victor
652 650 813 713 Viennae
837 671 1008 732 praesens

179 775 428 836 commendare
456 793 526 835 non
556 773 734 855 neglexit,
766 773 822 835 cui
854 774 1007 836 maxime

178 896 473 978 patrocinabatur
488 895 677 977 episcopus
689 895 897 959 Linciensis.
915 895 1007 979 Spes

177 1019 378 1082 indubitata
390 1019 496 1100 facta,
507 1038 586 1080 eum
597 1021 802 1081 cathedram
812 1029 1006 1082 nacturum.

176 1142 243 1204 His
275 1143 325 1204 ita
355 1142 580 1223 praeparatis
611 1141 829 1204 Benedictus
862 1142 1007 1205 advenit

176 1263 415 1346 Raigradium
438 1284 465 1342 7.
483 1261 561 1326 Oct.
584 1268 659 1341 1841
688 1263 882 1326 instructus
905 1283 1007 1346 prae·

177 1385 405 1449 stantissimis
425 1386 646 1467 testimoniis
671 1387 800 1468 quibus
824 1389 937 1448 abbas
961 1387 1007 1448 ad

178 1528 204 1570 s.
227 1508 458 1590 Stephanum,
481 1508 672 1590 episcopus
688 1509 932 1591 Augustanus,
954 1528 1008 1570 re·

177 1631 297 1714 gimen
310 1631 527 1713 provinciale
542 1640 577 1693 et
591 1630 821 1694 ministerium
831 1630 1007 1693 Bavariae

176 1752 253 1815 eius
266 1753 517 1815 dexteritatem
534 1752 569 1815 in
583 1754 744 1815 docendo
761 1762 797 1815 et
809 1752 1007 1834 dirigende,

175 1884 314 1958 vastam
346 1875 594 1957 eruditionem,
626 1895 761 1938 morum
792 1876 1007 1958 probitatem

176 2008 243 2061 etc.
265 2007 432 2072 testatam
453 1998 624 2063 fecerunt.
654 1998 798 2061 Interim
824 1998 1008 2060 consilium

177 2099 273 2200 cepit
290 2122 414 2182 excell.
432 2119 476 2184 D.
495 2139 613 2182 comes
629 2119 867 2201 Mittrowsky‚
885 2138 1008 2200 supre-

174 2263 252 2305 mus
269 2243 511 2324 cancellarius,
538 2263 616 2305 eum
641 2242 844 2323 adplicandi
868 2244 913 2304 ad
935 2251 1007 2303 stu-

175 2367 312 2429 diorum
329 2365 611 2428 commissionem
636 2366 785 2427 aulicam
807 2365 1007 2446 etquidem

176 2508 241 2569 pro
258 2489 475 2550 elaborando
491 2507 584 2550 novo
599 2497 793 2570 systemate
811 2488 1006 2550 studiorum

174 2609 449 2693 gymnasiorum,
467 2611 512 2671 ad
526 2611 620 2692 quod
633 2630 759 2672 revera
774 2620 917 2692 praeter
934 2629 1005 2673 orn-

176 2753 256 2795 nem
274 2733 560 2814 expectationem
578 2733 791 2796 altissimas.
809 2733 1006 2796 maiestatis

173 2844 390 2917 resolutione
405 2857 476 2918 dt0.
492 2876 541 2932 24.
555 2854 767 2918 Novembris
784 2860 859 2934 1841
877 2876 1006 2936 provo-

175 2990 276 3040 catus
293 2987 358 3058 est,
379 2979 445 3039 hac
461 2988 581 3040 tamen
602 2978 819 3060 conditione,
841 2988 880 3041 ut
897 2978 1006 3041 Vien-

1088 651 1356 734 Nigrofanensis
1391 652 1552 734 petendi.
1574 662 1656 734 post
1694 661 1842 714 mortem
1879 653 1919 714 P.

1088 774 1203 836 Mauri
1219 775 1374 837 Vollsek
1390 795 1533 855 vacans
1550 775 1611 837 ubi
1628 775 1705 837 dies
1721 774 1818 837 vitae
1834 794 1919 836 suae

1088 897 1207 978 quiete
1223 898 1421 979 transigere
1439 900 1618 978 sperabat.
1643 897 1774 959 Animo
1795 897 1920 960 libenti

1088 1021 1211 1111 annuit
1227 1022 1339 1082 abbas
1361 1032 1397 1082 et
1414 1022 1458 1082 ad
1475 1019 1579 1083 finem
1600 1026 1679 1098 1846
1702 1020 1919 1083 Benedictus

1087 1142 1239 1205 Richter
1254 1144 1299 1204 ad
1316 1144 1431 1205 locum
1452 1153 1703 1225 praeoptatum
1725 1154 1919 1205 transmea-

1086 1265 1153 1345 vit,
1182 1265 1241 1327 ubi
1266 1266 1402 1328 medias
1427 1266 1519 1328 inter
1546 1265 1706 1328 turbines
1730 1265 1918 1347 variasque

1087 1387 1339 1449 altercationes
1367 1387 1475 1449 officii
1501 1387 1604 1449 huius
1629 1408 1772 1470 quoque
1797 1397 1918 1470 partes

1088 1509 1213 1570 eadem
1234 1508 1407 1572 industria
1429 1511 1625 1591 eodemque
1647 1509 1787 1573 fervore
1809 1510 1918 1571 adim-

1088 1630 1214 1710 plevit,
1243 1630 1346 1692 sicuti
1372 1632 1528 1713 Brunae,
1554 1634 1743 1715 Augustae
1760 1632 1918 1694 Vindeli-

1088 1772 1208 1815 corum
1232 1764 1268 1814 et
1293 1753 1464 1817 Viennae.
1497 1753 1635 1834 Quibus
1659 1754 1821 1817 omnibus
1845 1754 1918 1835 epi-

1088 1894 1218 1956 scopus
1242 1875 1436 1938 Brunensis
1463 1877 1615 1958 gratiam
1642 1877 1763 1940 retulit
1790 1877 1917 1940 iterata

1087 1997 1180 2078 vice,
1208 2017 1286 2059 cum
1312 1997 1546 2060 Benedictum
1574 2019 1666 2061 anno
1694 2003 1773 2062 1853
1804 1999 1917 2061 consi·

1087 2119 1187 2182 storii
1223 2120 1417 2183 Brunensis
1455 2120 1691 2184 consiliarium
1728 2121 1916 2202 titularem,

1091 2247 1171 2305 1858
1199 2263 1284 2305 vero
1314 2245 1487 2306 decanum
1512 2244 1748 2306 Rosicensem
1775 2253 1811 2306 et
1835 2244 1917 2305 visi·

1086 2376 1238 2428 tatorem
1260 2367 1457 2429 scholarum
1479 2367 1670 2429 trivialium
1695 2366 1729 2428 in
1754 2365 1917 2428 districtu

1086 2488 1277 2551 Rosicensi
1295 2489 1585 2570 denominaverit.
1610 2489 1735 2570 Neque
1754 2487 1916 2570 ampliori

1085 2610 1221 2672 muneri
1231 2609 1313 2673 huic
1326 2609 1540 2691 praefectus,
1549 2611 1700 2672 Richter
1713 2610 1914 2691 superiores
1989 2591 1993 2600 ¹

1085 2732 1913 2814 suosdestituit;-spiritussemperpromptus,

1086 2876 1168 2918 caro
1184 2876 1269 2918 vero
1285 2858 1368 2918 heu!
1391 2856 1493 2918 nimis
1515 2853 1652 2917 infirma
1673 2856 1912 2936 repugnabat;

1086 2977 1268 3041 doloribus
1299 2976 1486 3059 pericardii
1515 2988 1551 3040 et
1577 2977 1734 3058 pectoris
1766 2977 1913 3038 multum

173 3121 242 3163 nae
263 3100 470 3163 monasterii
493 3100 603 3162 nostri
633 3099 801 3181 expensis
828 3110 1005 3163 sustenta·
1044 3084 1047 3157 l
1084 3121 1229 3183 pressus
1245 3101 1377 3164 frustra
1394 3101 1521 3163 iterato
1537 3100 1751 3163 medicorum
1768 3098 1913 3161 consilio

173 3233 287 3304 retur,
317 3225 430 3286 donec
458 3222 560 3284 aliter
588 3242 666 3284 curn
690 3222 769 3303 ipso
794 3223 1005 3304 dispositum

174 3345 289 3408 fuerit.
314 3346 510 3425 Postquam
534 3344 710 3426 integrum
726 3364 856 3417 annum
876 3345 911 3407 in
933 3365 1005 3408 mo·

171 3467 329 3530 nasterio
361 3464 526 3530 Scotensi
559 3469 695 3549 degens
726 3468 761 3528 in
790 3468 885 3530 dicto
912 3488 1005 3531 novo

173 3600 370 3673 systemate
398 3588 617 3652 conficiendo
641 3590 830 3653 desudavit
854 3600 890 3653 et
914 3610 1026 3672 opus·

174 3712 325 3794 perfecit
342 3714 387 3774 ad
405 3712 699 3809 complacentiam
716 3711 909 3774 altissimae
932 3722 1005 3775 stu·

174 3836 310 3897 diorum
338 3835 603 3916 commissionis,
629 3834 777 3898 Octobri
804 3840 895 3916 1842,
924 3855 1005 3917 pro-

172 3957 347 4020 fessuram
357 3958 538 4040 religionis
552 3967 588 4020 et
598 3958 848 4041 paedagogiae
862 3958 897 4020 in
910 3959 1004 4022 univ.

173 4081 369 4143 Viennensi
397 4080 552 4160 accepit,
583 4080 716 4161 primus
744 4100 763 4142 e
790 4080 1004 4143 monasterio

172 4212 309 4283 nostr0,
335 4202 394 4283 qui
418 4203 524 4264 talem
549 4204 753 4264 cathedram
778 4204 1003 4265 ascenderat!

173 4323 1004 4387 AstultimisanniscommorationissuaeVien·

173 4466 240 4508 nae
261 4445 365 4528 signa
382 4449 532 4509 obscura
548 4446 652 4509 nimis
676 4447 711 4509 in
737 4449 836 4510 coelo
860 4446 1004 4528 politico

173 4572 411 4632 ascenderant
431 4570 718 4651 perturbationes
739 4570 821 4632 anni
842 4575 922 4649 1848
944 4590 1005 4632 an·

95 4748 97 4754 .
173 4693 389 4774 nuntiantia,
420 4695 466 4754 ob
494 4713 586 4774 quae
614 4705 805 4774 perspecta
833 4693 1005 4757 Benedic-

171 4826 230 4877 tus
251 4826 373 4878 noste'r
400 4825 519 4878 aetate
543 4815 762 4897 provectior,
788 4815 907 4878 divino
929 4814 1004 4878 fere

172 4940 300 5000 ductus
328 4937 454 5019 spiritu
479 4957 571 5000 anno
598 4942 676 5016 1846
701 4937 818 5001 officio
842 4957 906 5000 suo
932 4948 1005 5000 tarn

173 5059 366 5121 honorifico
392 5059 594 5121 valedicere
625 5069 724 5122 ratus
752 5070 807 5123 est
835 5069 871 5122 et
898 5079 1004 5122 curae

172 5181 367 5244 animarum
391 5181 485 5244 vires
512 5201 596 5244 suas
623 5182 790 5245 dedicare
819 5182 1004 5244 consilium

171 5303 295 5366 tenuit.
313 5302 531 5365 Avidissime
546 5303 666 5385 itaque
676 5305 918 5368 occassionem
933 5325 1005 5367 am·

1085 3243 1170 3285 usus
1187 3233 1251 3286 est.
1285 3222 1434 3304 Semper
1456 3223 1491 3285 in
1514 3221 1584 3285 fine
1608 3222 1744 3284 dierum
1771 3240 1913 3283 suorum

1084 3342 1222 3406 infirma
1238 3354 1347 3426 atque
1364 3345 1471 3407 etiam
1487 3364 1596 3428 aegra
1612 3343 1817 3407 valetudine
1837 3351 1913 3406 tan·

1086 3464 1167 3529 dem
1183 3467 1281 3529 oneri
1297 3467 1493 3548 succubuit,
1514 3487 1561 3531 10.
1578 3467 1642 3531 Iul.
1664 3471 1755 3547 1859,
1772 3465 1912 3547 placide

1085 3590 1248 3671 spiritum
1275 3590 1354 3652 Deo
1381 3592 1552 3672 reddens,
1584 3599 1621 3652 et
1650 3609 1716 3671 per
1746 3590 1913 3651 abbatem

1085 3711 1321 3793 Guntherum,
1353 3732 1454 3775 suum
1482 3712 1660 3793 quondam
1691 3711 1912 3792 discipulum,

1084 3855 1163 3897 cum
1184 3834 1307 3897 intimo
1328 3834 1622 3915 parochianorum
1642 3853 1756 3915 aeque
1780 3853 1821 3896 ac
1844 3832 1913 3895 ira·

1083 3967 1175 4019 trum
1204 3966 1239 4019 et
1265 3957 1457 4019 amicorum
1484 3956 1591 4019 animi
1618 3976 1734 4037 sensu,
1762 3957 1913 4018 honesto

1082 4080 1206 4143 funere
1236 4078 1424 4163 Nigrofani
1452 4080 1626 4143 humatur.
1655 4116 1696 4125 -
1727 4077 1912 4140 Benedicti

1083 4203 1234 4266 Richter
1249 4203 1346 4265 vitae
1362 4203 1572 4264 curriculum
1589 4201 1833 4283 ephemerides
1851 4199 1913 4260 ite·

1082 4335 1161 4388 rata
1188 4326 1266 4388 vice
1289 4325 1531 4407 publicarunt,
1559 4323 1627 4385 sic:
1656 4323 1913 4404 „Augsburger

1082 4446 1336 4529 Postzeitung“
1347 4457 1383 4509 et
1394 4444 1520 4527 „Sion“
1531 4465 1623 4507 anno
1634 4449 1724 4525 1841,
1737 4443 1911 4525 ,Aehren

1083 4569 1177 4631 lese“
1201 4588 1294 4630 anno
1319 4572 1409 4649 1868,
1436 4567 1564 4650 „Hlas“
1587 4567 1754 4629 idiomate
1771 4565 1912 4628 ‘slavico

1084 4710 1176 4753 anno
1190 4695 1270 4769 1850
1284 4700 1349 4753 etc.
1373 4689 1544 4753 Articulis
1557 4708 1643 4751 vero
1655 4688 1774 4769 operis
1787 4687 1912 4750 summi

1084 4812 1189 4893 pretii
1213 4812 1534 4896 „Biographisches
1550 4809 1728 4874 Lexicon“
1750 4831 1771 4872 a
1787 4809 1912 4872 Wurz-

1084 4936 1177 4997 bach
1193 4935 1279 4998 editi
1294 4935 1464 4997 insertum
1481 4955 1550 4997 non
1567 4932 1729 4996 occurrit.

1171 5073 1292 5156 Opera
1323 5075 1416 5155 eius,
1451 5094 1543 5156 quae
1574 5074 1672 5156 typis
1703 5071 1912 5154 prodierunt

1084 5207 1166 5260 sunt
1182 5198 1382 5279 sequentia:

1170 5327 1192 5382 1.
1215 5325 1299 5381 Rede
1320 5322 1398 5388 liber
1418 5323 1475 5379 den
1492 5320 1832 5389 Portiuncula·Ablass,
1858 5339 1911 5396 ge·

89 5438 93 5445 “
171 5425 300 5506 plexus
324 5434 394 5508 est,
422 5445 548 5488 munus
573 5425 685 5489 curati
709 5427 1005 5490 administratoris
1042 5395 1045 5495 i
1084 5430 1184 5486 halten
1205 5432 1234 5485 in
1250 5429 1303 5486 der
1320 5428 1431 5485 Kirche
1447 5428 1501 5485 der
1516 5409 1689 5504 Kapuziner
1704 5446 1739 5483 zu
1755 5427 1855 5484 Brdnn
1872 5428 1910 5482 im
