4178 6196
951 410 1233 481 „274-

225 601 363 681 dicitur,
386 599 687 681 puerulusadhuc
703 599 855 662 traditus
872 606 926 660 est
946 597 981 660 in
1003 597 1054 658 di·

228 723 413 805 sciplinam
431 720 532 784 fratri
548 731 633 784 natu
649 721 782 801 maiori,
804 721 964 803 quitum,
986 718 1054 781 Be-

226 845 389 908 nedictus
406 844 556 925 nomine,
577 844 612 906 in
632 843 848 907 monasterio
864 844 910 906 ad
927 841 1054 907 Scotos

223 968 385 1030 Viennae
403 967 547 1050 ingenio
564 977 600 1029 et
615 965 787 1029 industria
803 966 976 1028 elucebat.
994 965 1054 1027 Ab

224 1109 267 1154 eo
283 1109 352 1152 non
375 1090 487 1152 solum
503 1088 651 1152 Latinas
669 1086 897 1169 Graecaeque
917 1087 1054 1150 litteras

224 1222 368 1275 strenue
385 1213 543 1290 edoctus,
569 1210 748 1273 severiora
772 1209 879 1272 etiam
899 1209 1054 1292 philoso-

224 1334 331 1417 phiae
355 1344 550 1415 praecepta
574 1332 736 1414 percepit
761 1342 833 1395 tam
857 1331 954 1395 felici
975 1351 1053 1394 cum

224 1455 399 1540 profectu,
415 1465 454 1518 ut
468 1465 597 1535 essent,
611 1455 670 1537 qui
683 1456 729 1517 ad
742 1454 921 1535 publicam
934 1454 1054 1534 dispu-

223 1579 394 1641 tationem
412 1578 714 1641 adolescentulum
730 1577 931 1649 incitarent;
950 1596 1055 1658 quarn

225 1700 283 1764 ille
300 1720 369 1763 non
386 1702 490 1763 modo
507 1719 576 1763 non
589 1700 782 1781 abhorruit,
800 1701 874 1780 sed,
892 1718 963 1781 quo
979 1708 1055 1762 erat

225 1822 331 1885 animi
348 1822 473 1905 vigore
495 1833 531 1884 et
552 1821 684 1904 ingenii
707 1823 912 1902 alacritate,
925 1839 1056 1903 magno

227 1964 305 2008 cum
330 1946 506 2026 applausu
529 1943 690 2007 instituit.
714 1945 790 2006 Iam
815 1962 886 2024 quo
911 1941 1056 2005 liberius

227 2067 332 2130 saluti
355 2086 440 2129 suae
461 2065 666 2148 prospicere
688 2074 724 2127 et
744 2067 791 2127 ad
811 2066 982 2127 bonarum
1003 2083 1057 2126 ar·

227 2189 314 2252 tium
328 2188 483 2252 studium
495 2187 699 2250 incumbere
713 2196 845 2269 posset,
859 2196 1056 2268 praeterea,

229 2330 298 2393 quo
323 2310 454 2373 arctius
483 2330 562 2373 cum
586 2309 716 2371 dilecto
741 2308 851 2372 fratre
876 2308 998 2370 vivere
1022 2317 1058 2369 et

229 2433 431 2496 conversari
446 2432 579 2512 liceret,
601 2433 635 2494 in
652 2432 810 2494 ordinem
827 2452 854 2494 s.
871 2430 1057 2493 Benedicti

228 2557 274 2617 ad
295 2553 423 2618 Scotos
447 2554 579 2636 suscipi
602 2554 720 2635 petiit,
743 2555 889 2635 votique
914 2541 1077 2634 compos⁴

228 2677 345 2741 factus
373 2677 430 2741 die
458 2682 508 2741 28.
526 2677 605 2741 Oct.
632 2680 711 2756 1778
738 2697 764 2740 S.
787 2687 889 2740 veste
915 2676 1058 2738 indutus

230 2809 293 2863 est.
318 2800 457 2862 Exacto
473 2783 694 2881 probationis
711 2818 814 2878 anno,
836 2798 991 2861 studium
1008 2798 1059 2859 di-

230 2923 457 3005 sciplinarum
476 2941 503 2984 s.
521 2922 733 3004 theologiae,
758 2941 849 3003 quae
874 2941 917 2982 ea
940 2929 1059 2983 aetate

232 3046 326 3108 domi
342 3046 576 3108 tradebantur
592 3044 729 3106 clericis
746 3042 989 3124 Scotensibus,
1005 3063 1059 3105 ar·

230 3166 436 3230 dentissime
453 3167 649 3254 amplexus,
673 3167 767 3247 quod
784 3166 957 3246 reliquum
973 3177 1060 3227 tem·

229 3288 326 3370 poris
351 3289 514 3369 vacabat,
539 3287 574 3349 id
599 3307 701 3350 omne
726 3287 884 3349 classicis
906 3285 1060 3350 Graeco-

229 3430 305 3472 rum
334 3421 369 3472 et
392 3409 636 3472 Romanorum
661 3410 865 3473 auctoribus
890 3418 940 3490 et,
965 3411 1060 3490 quod

158 3576 161 3583 .
231 3542 306 3595 tum
323 3532 502 3614 singulare
519 3531 642 3613 visum,
660 3533 900 3595 addiscendae
916 3532 1060 3614 linguae

233 3653 548 3737 Franco-gallicae
575 3655 765 3717 tribuebat.
801 3655 857 3716 Ita
880 3655 992 3716 multa
1020 3673 1061 3715 ac

232 3776 345 3839 solida
367 3776 527 3838 doctrina
551 3775 717 3856 imbutuS,
743 3796 821 3838 cum
845 3776 902 3837 die
921 3779 970 3839 25.
988 3775 1061 3836 Ian.

235 3903 314 3977 1783
334 3898 471 3961 emissis
485 3898 645 3960 sollemni
661 3898 731 3960 ritu
744 3897 838 3961 votis
851 3898 935 3960 divo
949 3897 1063 3959 Bene-

233 4022 329 4085 dicto
350 4022 385 4084 in
408 4040 546 4084 omnem
568 4022 676 4083 vitam
703 4040 782 4083 sese
808 4029 1063 4100 consecrasset,

233 4144 291 4206 die
305 4149 333 4207 5.
349 4141 426 4207 Oct.
442 4144 600 4206 eiusdem
613 4143 696 4205 anni
709 4153 895 4225 neomysta
908 4144 954 4205 ad
968 4162 1063 4204 aram

233 4266 342 4328 stetit.
361 4264 490 4329 Statim
504 4277 651 4348 propter
663 4284 828 4346 magnam
846 4263 997 4326 docendi
1014 4262 1064 4325 fa-

234 4388 405 4450 cilitatem
436 4390 622 4450 catecheta
654 4389 689 4450 in
720 4388 841 4449 schola
872 4386 1086 4469 parochiae*

235 4510 433 4572 claustralis
447 4510 671 4590 constitutus,
680 4511 747 4572 hoc
759 4508 793 4571 in
807 4527 952 4571 munere
965 4527 1066 4590 egre·

234 4631 329 4713 giam
358 4650 502 4713 operam
535 4650 600 4711 per
627 4631 835 4693 decennium
868 4630 1066 4709 collocavit,

235 4753 445 4815 commercio
467 4762 653 4835 praeterea
676 4753 848 4815 litterario
872 4772 950 4815 cum
975 4751 1068 4814 illius

236 4875 315 4938 aevi
330 4875 578 4939 eruditissimis
591 4875 675 4937 viris
689 4874 906 4954 coniunctus,
921 4893 1068 4956 quorum

236 4997 380 5061 hortatu
407 5008 442 5061 et
464 4998 629 5080 exemplo
650 4997 747 5080 typis
767 4997 975 5079 impressam
997 4996 1069 5059 edi·

240 5119 291 5182 dit
308 5119 491 5183 historiam
505 5120 785 5183 ecclesiasticam
795 5121 1069 5184 Bonaventurae

236 5240 295 5303 Ra
303 5241 390 5322 cine,
416 5261 520 5323 quam
542 5261 586 5303 ex
603 5242 771 5306 idiomate
787 5243 815 5305 F
818 5241 1070 5324 rauco-gallico

241 5362 275 5424 in
298 5360 547 5427 Germanicum
568 5365 758 5428 transtulit.
788 5365 893 5427 Anno
920 5369 998 5443 1793
1025 5365 1070 5426 ad

1134 600 1351 700 suburbium,
1369 600 1430 682 qui
1449 599 1605 681 Campus
1621 597 1809 663 Scotorum
1825 598 1968 678 dicitur,

1134 731 1347 805 cooperator
1367 722 1496 785 missus
1520 723 1667 785 verbum
1689 721 1759 785 Dei
1784 720 1968 785 ferventer

1135 844 1366 927 praedicavit.
1399 846 1486 908 Inde
1514 854 1702 908 revocatus
1729 843 1765 907 in
1788 853 1967 908 monaste·
2060 828 2067 842 ⁴

1134 967 1233 1047 rium,
1244 966 1386 1029 biennio
1398 977 1481 1050 post
1493 967 1528 1029 in
1538 939 1709 1049 oppidum
1719 965 1971 1029 Gaunersdorf

1135 1089 1233 1151 abire
1250 1089 1376 1171 iussus,
1393 1109 1477 1152 mox
1490 1089 1680 1170 parochiae
1692 1088 1899 1170 praefectus
1911 1098 1967 1152 est

1135 1211 1169 1273 in
1182 1210 1463 1274 Hoebersbrunn
1477 1213 1661 1294 (18or-5),
1680 1210 1762 1274 dein
1774 1211 1915 1274 vicinae
1931 1210 1966 1274 in

1134 1332 1376 1414 Martinsdorf,
1393 1353 1499 1415 quam
1512 1334 1594 1395 dum
1608 1333 1892 1414 administrabat,
1906 1334 1966 1395 do·

1134 1475 1228 1517 mum
1256 1467 1292 1518 et
1318 1455 1387 1518 Dei
1418 1467 1453 1518 et
1481 1475 1581 1518 suam
1609 1464 1644 1518 et
1672 1455 1966 1538 parochianorum

1099 1597 1104 1606 ·
1133 1548 1230 1640 tecta
1256 1577 1420 1660 vitasque
1448 1580 1494 1640 ab
1521 1577 1675 1641 hostium
1701 1577 1821 1641 furore
1856 1577 1966 1640 tuitus

1135 1712 1199 1763 est.
1235 1701 1340 1762 Anno
1372 1705 1450 1779 1807
1481 1720 1588 1781 quum
1617 1720 1645 1763 c.
1674 1721 1700 1764 r.
1728 1701 1966 1783 gymnasium,

1136 1820 1218 1885 olim
1237 1822 1424 1885 Musaeum
1445 1823 1576 1885 dictum
1594 1821 1686 1885 curis
1703 1820 1891 1885 Scotorum
1909 1822 1967 1884 de·

1137 1946 1342 2008 mandatum
1366 1957 1401 2007 et
1424 1943 1629 2027 praefectus
1654 1944 1723 2006 iam
1747 1943 1967 2026 designatus,

1136 2066 1176 2128 P.
1205 2067 1372 2142 Andreas
1395 2065 1562 2147 Wenzel,
1590 2066 1730 2128 interim
1756 2066 1871 2127 abbas
1897 2083 1968 2127 mo·

1137 2188 1282 2250 nasterii
1308 2189 1442 2250 electus
1466 2198 1576 2268 esset,
1596 2189 1692 2250 haud
1712 2187 1859 2250 dubium
1881 2197 1967 2268 erat,

1138 2311 1276 2373 cuinam
1297 2330 1423 2373 munus
1447 2309 1653 2375 deferretur.
1682 2311 1808 2391 ltaque
1833 2310 1969 2373 accitus

1139 2452 1158 2496 e
1175 2432 1328 2496 statione
1345 2432 1450 2495 rurali
1467 2431 1507 2495 P.
1521 2431 1727 2494 Meinradus
1743 2431 1899 2495 libenter
1914 2451 1968 2494 su·

1139 2555 1253 2636 scepit
1278 2553 1559 2635 praefecturam,
1585 2574 1691 2634 quam
1723 2553 1862 2616 nonnisi
1890 2573 1969 2617 cum

1138 2678 1214 2740 vita
1241 2675 1415 2759 deposuit.
1451 2674 1519 2737 Hic
1545 2655 1650 2756 (luam
1673 2674 1784 2737 multa
1808 2686 1845 2739 et
1868 2696 1970 2758 prae·

1140 2800 1234 2861 clara
1254 2799 1422 2881 gesserit,
1443 2797 1538 2859 mille
1560 2806 1672 2860 testes
1689 2797 1859 2880 existunt,
1881 2816 1970 2879 quos

1139 2940 1269 3004 pueros
1292 2920 1368 2983 sine
1394 2939 1472 3003 spe,
1497 2920 1572 2981 sine
1594 2920 1722 3001 opibus
1743 2940 1844 2982 suam
1864 2921 1900 2982 in
1917 2931 1971 2982 tu·

1139 3046 1247 3108 telam
1268 3044 1418 3125 recepit,
1440 3044 1686 3105 adolescentes
1705 3062 1743 3105 re
1764 3052 1800 3106 et
1823 3043 1971 3106 consilio

1140 3167 1240 3247 iuvit,
1256 3166 1352 3229 viros
1370 3166 1476 3229 etiam
1494 3177 1529 3228 et
1545 3165 1581 3227 in
1595 3166 1739 3247 publico
1752 3186 1897 3230 munere
1911 3186 1972 3251 po-

1141 3290 1228 3352 sitos
1245 3288 1404 3370 patronis
1419 3288 1690 3351 commendavit.
1715 3289 1815 3351 Idem
1831 3308 1911 3352 cum
1927 3291 1973 3351 ab

1141 3411 1275 3494 inclyta
1288 3411 1460 3474 facultate
1473 3410 1718 3492 philosophica
1732 3411 1974 3475 universitatis

1141 3532 1355 3624 Viennensis
1376 3533 1421 3595 ad
1443 3533 1598 3595 doctoris
1620 3534 1770 3615 gradum
1789 3542 1974 3615 permotus

1147 3658 1237 3735 1809,
1259 3655 1416 3717 decanus
1433 3654 1558 3717 iterum
1577 3656 1670 3736 (1817
1689 3665 1725 3718 et
1746 3658 1839 3736 1823)
1861 3656 1975 3719 lectus

1141 3776 1278 3857 fuisset,
1306 3777 1341 3838 in
1369 3797 1498 3839 annum
1527 3777 1777 3840 scholasticum
1805 3781 1975 3840 1825-20

1142 3910 1259 3962 rector
1280 3897 1490 3982 magnificus
1511 3909 1660 3980 creatus,
1685 3919 1806 3962 curam
1827 3920 1977 3983 gymna-

1144 4022 1273 4084 siorum
1287 4041 1352 4102 per
1364 4021 1551 4084 Austriam
1564 4021 1774 4102 inferiorem,
1789 4041 1882 4103 quae
1895 4022 1977 4084 inde

1145 4147 1190 4206 ab
1206 4163 1299 4206 anno
1321 4149 1401 4205 1820
1423 4145 1455 4206 ei
1478 4163 1542 4206 ceu
1564 4163 1592 4207 c.
1610 4164 1635 4205 r.
1653 4144 1901 4207 vicedirectori
1917 4147 1978 4207 de-

1144 4267 1217 4328 lata
1239 4274 1324 4345 erat,
1351 4267 1440 4328 adeo
1465 4285 1533 4328 non
1556 4265 1705 4345 remisit,
1733 4275 1771 4328 ut
1798 4266 1978 4347 librorum,

1147 4388 1275 4469 quibus
1285 4387 1449 4469 discipuli
1461 4397 1654 4469 uterentur,
1664 4399 1738 4450 tum
1747 4408 1859 4451 novas
1871 4390 1979 4470 plane

1148 4509 1332 4590 editiones,
1350 4518 1424 4571 tum
1438 4528 1567 4591 eorum,
1582 4510 1640 4591 qui
1655 4510 1723 4572 iam
1735 4511 1770 4573 in
1783 4529 1850 4573 usu
1867 4521 1979 4594 erant,

1148 4631 1322 4694 editiones
1347 4631 1527 4694 indefesso
1550 4633 1666 4696 studio
1691 4644 1726 4695 et
1750 4634 1874 4696 labore
1897 4652 1980 4697 con·

1148 4755 1387 4817 summaverit.
1420 4753 1517 4834 Quas
1535 4755 1626 4816 inter
1645 4756 1811 4816 ardentes
1828 4774 1981 4837 occupa·

1149 4877 1264 4939 tiones
1282 4885 1354 4939 tam
1373 4877 1560 4959 gymnasio
1578 4877 1624 4938 ad
1641 4874 1778 4958 ScotOS,
1797 4897 1903 4958 quarn
1925 4897 1980 4941 ce·

1123 5051 1127 5058 .
1150 4999 1236 5061 teris
1255 5019 1319 5080 per
1336 5007 1446 5061 totam
1464 5000 1682 5080 provinciam
1700 5000 1777 5062 sitis
1794 4999 1982 5082 invigilare

1151 5142 1220 5184 non
1233 5122 1422 5184 desinebat
1439 5142 1580 5204 semper
1595 5142 1765 5203 praesens
1782 5123 1983 5185 tentamini-

1151 5246 1217 5306 bus
1235 5244 1377 5325 publice
1391 5244 1532 5306 habitis.
1557 5242 1614 5308 Ob
1627 5246 1715 5307 haec
1731 5245 1857 5307 merita
1872 5264 1983 5328 saepe

1151 5365 1318 5428 laudatus
1335 5386 1356 5428 a
1373 5366 1545 5448 regimine
1562 5366 1730 5429 Austriae
1751 5364 1927 5429 inferioris
1947 5376 1983 5429 et
