4208 6194
667 1620 1123 1706 iouoriirioiiis
1164 1621 1450 1705 Piiiviir.

321 2055 418 2158 Quia
441 2081 520 2156 apud
545 2099 649 2137 omnes
666 2079 729 2137 fere
753 2081 888 2137 homines
912 2081 1047 2138 eruditos
1063 2082 1143 2138 valet
1165 2085 1341 2149 auctoritas,
1365 2100 1442 2157 opus
1459 2083 1554 2138 maius
1578 2095 1638 2139 tum
1663 2082 1780 2140 demum
1797 2103 1925 2158 magnae

189 2190 325 2246 utilitatis
353 2202 445 2264 atque
472 2189 543 2246 boiii
567 2208 640 2245 usus
668 2207 737 2246 esse
765 2207 889 2264 operam
919 2190 1025 2246 studiis
1049 2190 1200 2246 literarum
1232 2188 1420 2254 navantibus
1452 2191 1476 2244 si
1497 2190 1653 2263 exquisitis
1681 2204 1711 2245 et
1739 2203 1832 2247 totam
1856 2190 1923 2247 libri

190 2290 343 2350 materiem
367 2292 637 2369 complectentibus
661 2308 837 2350 exornatum
856 2308 903 2352 est
921 2295 1079 2363 indicibuS,
1103 2308 1238 2351 nostruin
1262 2314 1331 2351 esse
1354 2296 1526 2370 putavimus
1549 2307 1611 2350 tres
1635 2295 1758 2361 indices,
1786 2309 1818 2351 ut
1840 2309 1924 2353 recte

189 2400 328 2473 iustoque
360 2400 388 2452 in
419 2397 514 2453 literis
544 2397 691 2473 postulari
720 2376 839 2473 potest,
871 2397 1049 2472 adiungere,
1085 2417 1146 2473 quo
1182 2397 1262 2454 facto
1295 2398 1362 2454 huic
1399 2401 1441 2454 rei
1477 2413 1581 2455 nostra
1616 2399 1736 2473 quidem
1774 2402 1921 2456 sententia

189 2521 277 2577 quam
301 2503 415 2577 optime
439 2514 485 2557 est
509 2520 697 2576 responsum.
733 2501 937 2571 Quamobrem
962 2503 1142 2559 antecedant
1165 2506 1276 2559 ceteris
1298 2521 1404 2578 pauca,
1429 2522 1506 2577 quae
1530 2502 1774 2578 interpretantur,
1799 2504 1870 2578 quid
1894 2506 1923 2560 in

189 2604 338 2663 indicibus
355 2605 548 2661 conficiendis
570 2608 816 2681 spectaverimus,
840 2606 945 2680 quales
961 2608 1239 2672 existimaverimus,
1264 2626 1326 2681 quo
1350 2607 1440 2663 modo
1464 2606 1520 2662 illis
1536 2609 1574 2662 sit
1597 2607 1748 2663 utendum.
1780 2605 1924 2681 Sequitur

187 2714 264 2766 enim
289 2723 411 2787 praeter
434 2723 536 2765 cetera
564 2708 589 2788 1)
614 2711 739 2785 primum
763 2710 851 2766 ziedex
868 2720 1053 2785 personarum
1077 2710 1184 2766 deinde
1209 2709 1238 2789 2)
1262 2712 1383 2767 locorum
1407 2712 1471 2767 sive
1492 2711 1697 2785 geographicas
1719 2724 1780 2767 tum
1808 2709 1839 2790 3)
1862 2730 1922 2767 ma·

187 2818 321 2872 ferierunt
348 2814 396 2870 vel
424 2816 526 2889 potius
555 2815 734 2888 seiigularum
760 2816 948 2872 scientiarum.
992 2815 1038 2871 De
1067 2817 1164 2890 primo
1193 2815 1312 2889 quidem
1343 2815 1439 2871 indice
1467 2833 1565 2890 pauca
1593 2827 1706 2871 tantum
1737 2814 1825 2872 nobis
1852 2829 1921 2871 sunt

187 2919 323 2977 dicenda.
362 2919 481 2974 Etenim
506 2920 562 2974 iam
587 2937 623 2973 ex
647 2920 770 2974 notione
794 2937 848 2974 sua
872 2921 1014 2986 continet,
1038 2919 1075 2975 de
1092 2918 1201 2993 quibus
1218 2932 1317 2976 actum
1334 2933 1381 2976 est
1396 2918 1581 2988 auctoribus,
1606 2919 1753 2995 disposita
1768 2920 1920 2976 literarum

187 3024 292 3080 ordine
316 3026 436 3080 nomina
458 3036 549 3098 atque
573 3022 629 3079 sub
646 3023 732 3099 prelo
754 3037 916 3098 quaesunt
939 3023 1121 3099 interlapsae
1145 3024 1333 3098 singulorum
1358 3023 1493 3081 locorum
1510 3043 1588 3099 quae
1605 3025 1716 3098 corrigi
1735 3026 1792 3080 iam
1816 3026 1920 3099 nequi·

188 3142 297 3184 verunt
329 3131 581 3203 transpositiones
613 3127 799 3195 emendatas;
839 3147 898 3203 qua
929 3128 966 3184 de
998 3147 1089 3184 causa
1119 3129 1253 3202 singulas
1285 3129 1372 3184 huius
1404 3130 1505 3203 operis
1535 3130 1663 3203 paginas
1693 3131 1920 3186 nominavimus·

186 3235 343 3288 Nominum
367 3246 467 3287 autem
492 3232 539 3287 hic
562 3232 621 3288 illic
646 3229 723 3287 libro
747 3245 1050 3288 commemoratorum
1074 3250 1135 3288 non
1158 3246 1204 3288 est
1228 3232 1307 3289 facta
1331 3233 1390 3288 ulla
1414 3234 1539 3300 mentio;
1572 3251 1639 3288 nain
1662 3232 1729 3298 illis,
1759 3245 1919 3309 praeterea

184 3339 308 3393 minoris
338 3349 437 3392 tamen
465 3338 616 3402 momenti,
646 3337 778 3410 receptis
807 3347 836 3391 ct
862 3336 1001 3392 volumen
1029 3335 1134 3391 indicis
1162 3333 1381 3415 (personarum)
1409 3354 1598 3412 supervacue
1626 3335 1861 3411 amplificaretur
1888 3349 1919 3392 et

186 3440 378 3498 difficultates
409 3459 446 3496 eo
475 3439 627 3496 utentibus
655 3440 721 3515 plus
751 3441 827 3495 iuste
855 3454 1047 3514 augerentur.
1076 3473 1118 3482 —
1145 3439 1261 3516 Singuli
1292 3442 1417 3515 singulis
1446 3441 1615 3498 nominibus
1643 3443 1775 3517 propriis
1806 3439 1917 3516 adpicti

184 3548 322 3602 asterisci
345 3542 383 3624 (¹³)
407 3545 496 3601 dicere
517 3544 616 3599 volunt
637 3544 704 3600 illos
728 3545 811 3600 viros
834 3542 970 3613 abbates,
1000 3543 1061 3600 bini
1085 3542 1141 3623 (**)
1165 3548 1338 3621 episcopos,
1371 3547 1446 3601 terni
1470 3542 1544 3622 (m)
1567 3563 1640 3601 vero
1668 3520 1917 3620 archiepiscopo's

185 3669 264 3720 esse,
287 3664 337 3706 aut
363 3650 465 3706 fuisse.
505 3650 700 3726 Compendia,
725 3650 831 3724 quoin
855 3651 1037 3706 monasterio
1061 3651 1128 3724 quis
1144 3653 1183 3706 sit
1205 3662 1256 3706 aut
1280 3650 1376 3716 fuerit,
1401 3651 1583 3724 exponentia
1606 3668 1716 3726 perse
1741 3651 1807 3725 ipsa
1829 3649 1917 3705 intel·

184 3755 331 3828 leguntur.
377 3753 473 3810 Sacer
495 3755 583 3810 Mons
606 3755 778 3810 Pannoniae
806 3752 944 3810 omnibus
972 3755 1048 3810 locis
1082 3754 1138 3826 „de
1166 3774 1189 3810 s.
1215 3755 1253 3810 M.
1279 3755 1384 3821 Pan.“,
1413 3773 1437 3810 s.
1461 3754 1542 3810 Petri
1566 3753 1736 3828 Salisburgi
1762 3752 1913 3830 ,Salisbf‘

183 3859 359 3934 simpliciter
382 3860 580 3916 nominantur.
612 3860 724 3916 Verum
753 3861 907 3916 enimvero
936 3860 993 3916 hoc
1018 3859 1115 3916 indice
1143 3873 1202 3915 tam
1225 3858 1303 3916 bene
1327 3861 1367 3915 uti
1392 3861 1506 3934 possis,
1539 3871 1571 3914 ut
1598 3871 1739 3915 auctores
1763 3856 1839 3914 libro
1863 3858 1916 3914 de·

183 3966 315 4038 scriptos
340 3965 438 4018 statim
463 3965 607 4019 invenias.
631 3995 674 4004 —

317 4064 346 4145 2)
371 4067 463 4123 Indici
487 4067 622 4122 locorum
646 4069 710 4123 sive
738 4068 947 4143 geographico
979 4067 1017 4123 ad
1045 4087 1132 4123 unum
1162 4069 1261 4123 omnia
1284 4070 1384 4124 insunt
1412 4070 1541 4134 nomina,
1573 4086 1700 4143 quorum
1731 4070 1759 4125 in
1791 4072 1916 4146 singulis

183 4173 315 4228 virorum
339 4173 409 4227 vitis
432 4170 512 4226 facta
535 4185 581 4226 cst
604 4173 726 4237 menti0,
751 4174 840 4227 etiam
861 4172 968 4228 ordine
991 4173 1143 4228 literarum
1167 4173 1324 4247 disposita.
1364 4173 1422 4242 Qui
1440 4173 1529 4229 index
1545 4187 1575 4229 et
1590 4192 1623 4229 re
1640 4188 1669 4229 et
1688 4193 1744 4230 usu
1768 4189 1814 4232 est
1837 4177 1914 4242 talis,

183 4275 279 4350 qualis
303 4277 425 4332 omnino
449 4274 536 4330 index
560 4277 786 4351 geographicus
810 4278 949 4353 componi
974 4277 1061 4333 solet.
1093 4276 1195 4345 Quare
1219 4295 1278 4333 non
1302 4275 1421 4333 difficile
1441 4279 1506 4343 erit,
1531 4280 1604 4351 quin
1628 4276 1704 4333 libro
1728 4291 1815 4335 utens
1832 4300 1914 4337 coni·

183 4380 294 4457 pendia
319 4382 383 4437 eius
408 4393 505 4436 mente
522 4382 587 4455 ipse
611 4383 772 4456 percipias.
811 4382 885 4438 Cum
908 4394 1008 4438 autem
1029 4384 1078 4437 uni
1101 4381 1196 4437 eidem
1221 4379 1394 4438 habitaculo
1418 4384 1520 4437 variae
1541 4379 1743 4437 attribuuntur
1764 4385 1914 4453 notiones,

183 4486 247 4541 fieri
271 4503 330 4541 non
354 4502 446 4560 posse
470 4485 713 4552 existimavimus,
743 4487 814 4560 quin
837 4485 956 4541 silentio
980 4479 1220 4561 praetereundae
1245 4499 1355 4540 essent.

311 4585 342 4666 3)
365 4589 434 4644 Non
457 4606 552 4663 parva
575 4607 648 4644 vero
676 4589 764 4646 nobis
795 4603 861 4645 erat
889 4589 1048 4646 difficultas
1078 4592 1107 4645 in
1135 4589 1233 4646 indice
1262 4591 1452 4645 materiarum
1475 4589 1696 4664 componendo.
1736 4589 1804 4659 Qua
1829 4593 1858 4648 iii
1881 4609 1915 4646 re

183 4693 271 4750 nobis
295 4692 433 4768 profecto
458 4711 581 4768 operam
605 4693 702 4750 daturi
727 4713 856 4762 eramus,
879 4706 914 4750 ut
935 4696 1048 4770 scripta
1070 4691 1225 4768 librosque
1248 4695 1298 4759 ita,
1323 4706 1354 4748 ut
1374 4695 1418 4749 eis
1441 4694 1616 4768 inscriptum
1640 4707 1695 4760 est,
1720 4694 1825 4751 ordine
1848 4697 1914 4753 lite‘·

182 4817 280 4854 rarum
297 4797 482 4866 afferremus,
504 4798 621 4872 qualem
639 4798 786 4854 tractandi
803 4798 923 4854 modum
939 4796 1075 4874 partibus
1092 4796 1300 4874 biographicis
1319 4795 1526 4854 constantibus
1542 4816 1592 4854 res
1608 4800 1675 4874 ipsa
1691 4817 1763 4854 sane
1779 4800 1914 4875 postula·

181 4905 285 4971 visset,
318 4905 373 4959 nisi
398 4916 497 4959 autem
521 4921 616 4978 opera
638 4903 686 4959 vel
711 4905 790 4978 typis
814 4903 863 4959 vel
890 4921 978 4959 manu
1001 4905 1114 4979 scripta
1137 4902 1246 4976 linguis
1274 4891 1475 4958 dissimillimis
1498 4914 1600 4958 essent
1627 4902 1777 4979 expedita.
1824 4903 1913 4973 Quod

182 5025 259 5075 cum,
285 5008 379 5063 titulis
403 5009 431 5062 in
455 5026 624 5064 sermonem
648 5008 771 5063 latinum
799 5011 966 5077 conversis,
990 5011 1074 5065 notio
1097 5021 1302 5063 verumtamen
1325 5005 1425 5062 multis
1448 5007 1477 5062 in
1500 5006 1576 5063 locis
1600 5007 1705 5063 similis
1727 5006 1828 5074 modo,
1859 5008 1914 5064 sed

180 5130 240 5167 non
264 5109 368 5166 eadem
386 5123 476 5177 esset,
501 5111 564 5168 fieri
581 5130 641 5168 non
657 5124 787 5187 poterat,
811 5115 883 5187 quin
900 5114 975 5169 tituli
999 5113 1185 5188 singulorum
1209 5130 1334 5188 operum
1350 5110 1437 5167 aliter
1453 5130 1488 5167 ac
1505 5110 1605 5186 lingua
1629 5113 1775 5186 cuiusque
1798 5115 1912 5169 autoris

180 5215 341 5272 vernacula
370 5215 465 5280 literis
494 5217 753 5290 consignarentur.
794 5217 900 5292 Itaque
922 5218 971 5274 hic
994 5217 1082 5274 index
1105 5217 1278 5272 necessario
1303 5229 1348 5272 tot
1371 5230 1473 5293 partes
1489 5217 1679 5283 continuerit,
1703 5228 1778 5291 quot
1793 5216 1913 5291 linguae

182 5322 212 5376 iii
237 5331 367 5374 tractato
392 5336 486 5394 opere
510 5332 638 5376 exstant.
676 5320 838 5377 Praeterea
861 5321 949 5405 nobis
978 5335 1042 5379 erat
1065 5321 1271 5398 spectandum,
1303 5340 1339 5377 ne
1363 5323 1392 5377 iii
1416 5320 1636 5379 conscribendo
1658 5321 1792 5395 generali
1815 5321 1913 5379 indice

179 5424 272 5480 latino
298 5422 431 5490 eaedem,
456 5441 531 5497 quas
547 5425 638 5500 paulo
654 5439 724 5482 ante
740 5428 1051 5496 commemoravimus,
1075 5425 1265 5482 difficultates
1282 5444 1315 5481 se
1332 5425 1483 5482 offerrent.
1519 5425 1587 5481 Hoc
1604 5424 1693 5482 modo
1709 5438 1809 5482 autem
1824 5426 1911 5483 huius

1653 5527 1686 5574 ⁶8
