4178 6196
848 467 1132 539 ,205-

120 653 214 718 votis
234 652 464 715 sollemnibus
489 660 576 715 ets.
600 653 803 736 theologiae
827 653 953 717 studiis

122 774 296 838 absolutis
319 775 377 837 die
399 778 449 836 28.
466 775 561 857 Aug.
587 779 665 838 1832
689 778 879 860 presbyter
899 796 952 839 or·

124 898 265 960 dinatus
289 907 353 960 est.
383 897 443 959 Ab
468 917 561 960 anno
586 901 752 961 1832-30
773 897 953 981 professor

121 1019 305 1102 Sopronii,
334 1023 497 1098 1836-41
525 1019 664 1105 Papae,
694 1024 858 1100 1841-42
884 1021 952 1084 Ρο-

121 1143 220 1224 sonii,
235 1147 402 1221 1842—48
412 1142 638 1225 professoret
648 1144 843 1207 studiorum
851 1162 953 1227 prae·

121 1265 237 1329 iectus
250 1266 347 1347 apud
359 1266 519 1328 alumnos
532 1287 559 1329 s.
571 1265 704 1328 ordinis
713 1265 854 1348 lamini,
872 1270 952 1345 1848

121 1391 245 1451 -1851
266 1387 359 1451 idem
375 1388 411 1451 in
427 1408 454 1451 s.
472 1397 600 1470 monte,
622 1391 789 1451 1851-οὁ
806 1388 953 1452 admini-

122 1519 253 1573 strator
268 1511 457 1591 parochiae
473 1511 509 1573 in
524 1510 686 1592 Ravazd,
708 1514 874 1590 1866-78
892 1511 953 1573 ad·

99 1619 103 1631 ¹
121 1633 340 1698 ministrator
359 1635 531 1697 bonorum
552 1634 588 1696 in
603 1633 704 1715 Fiiss,
729 1654 775 1697 ex
799 1654 869 1717 quo
894 1635 953 1696 de-

123 1778 217 1821 mum
237 1767 397 1838 tempore
420 1755 455 1818 in
476 1757 623 1819 abbatia
638 1757 679 1819 B.
696 1756 746 1821 M.
756 1757 800 1822 V.
822 1759 867 1820 de
882 1756 953 1820 Do-

122 1879 218 1942 mblk
235 1877 351 1941 officio
367 1877 495 1960 prioris
510 1878 680 1961 fungitur.

207 2018 273 2080 Vir
300 2018 427 2081 litteris
451 2018 615 2081 asceticis
639 2017 827 2099 plurimum
851 2037 953 2101 occu-

121 2150 227 2223 patus
243 2142 332 2203 haec
349 2141 476 2203 edidit:

207 2286 229 2342 Ι.
256 2286 393 2341 Krisztus
418 2280 611 2341 kdvetcserdl
635 2285 714 2361 negy
739 2285 849 2360 1101171.
875 2281 904 2362 (i.
927 2302 953 2341 e.

122 2390 204 2449 Libri
222 2390 263 2448 IV
280 2389 317 2446 de
335 2391 500 2446 imitatione
513 2389 624 2461 Christi
641 2393 670 2446 in
683 2390 753 2465 ling.
767 2390 868 2464 Hung.
882 2408 954 2447 con·

121 2491 222 2571 versi.)
239 2490 335 2570 0761.
353 2491 497 2568 Streibig.
520 2492 610 2567 1845.
629 2492 670 2551 80.
687 2508 746 2567 351
767 2513 796 2570 p.

209 2599 245 2655 ll.
270 2598 314 2654 Az
335 2594 383 2655 eid
407 2597 475 2654 leiki
497 2596 671 2655 rozsafdzer
692 2599 725 2655 es
746 2617 764 2655 a
784 2596 866 2654 bold.
884 2594 953 2654 sztiz

122 2703 218 2761 Maria
237 2698 424 2779 szepldtelen
444 2721 485 2759 sz.
508 2703 650 2759 szivenek
672 2702 829 2795 tisztelete.
857 2697 951 2777 Gydr.

123 2805 295 2886 (Rosarium
310 2803 433 2884 vivum.)
450 2823 480 2879 4.
494 2807 541 2864 ed.
559 2805 649 2881 1847.
666 2806 761 2864 Liber
772 2809 848 2882 orig.
862 2807 952 2863 etiam

123 2915 152 2970 in
176 2912 306 2987 linguam
328 2910 470 2968 German.
495 2912 657 2969 translatus
681 2908 777 2991 (,[)01
793 2909 952 2986 lebendige

65 3029 68 3037 ’
123 3014 353 3095 Rosenkranz“)
369 3017 504 3073 Viennae
520 3028 664 3092 quattuor
679 3016 750 3073 edit.
766 3018 883 3073 meruit.

208 3122 261 3178 Ill.
275 3119 538 3178 Szentkeresztdti
552 3120 727 3196 ajtatossag.
740 3118 805 3199 (ie.
816 3121 872 3178 Via
885 3138 952 3176 cru·

123 3225 187 3307 cis.)
203 3227 290 3283 Becs.
312 3224 402 3299 1854.

97 3343 107 3357 ⁸
210 3332 262 3388 IV.
273 3331 362 3408 Je'zus
376 3332 409 3387 es
418 3330 515 3387 Maria
527 3331 618 3398 szive‚
630 3330 752 3387 iidviink
764 3329 816 3386 ket
828 3325 952 3404 legfdbb

124 3436 298 3493 menedeke.
316 3432 346 3512 (i.
360 3454 386 3491 e.
400 3436 462 3491 Cor
474 3436 543 3491 lesu
556 3448 586 3491 01
597 3432 732 3514 Mariae.)
748 3435 829 3491 Pest.
846 3432 954 3508 Kiadja

123 3559 141 3598 a
157 3560 198 3597 sz.
215 3539 466 3597 Istvan-trirsulat.
488 3538 578 3614 1855.
596 3539 638 3597 80.
655 3537 715 3612 463
735 3559 764 3615 p.

208 3645 244 3702 V.
264 3645 353 3722 Jezus
374 3645 406 3702 e's
428 3644 523 3702 Maria
543 3645 631 3702 01010.
653 3641 683 3723 (1.
701 3663 727 3700 0.
745 3645 814 3702 Vita
834 3644 902 3699 Iesu
924 3655 955 3699 et

126 3747 260 3826 Mariae.)
277 3751 357 3806 Pest.
374 3750 490 3807 Emich.
513 3748 603 3823 1867.
621 3749 663 3807 8⁰.
680 3747 738 3822 581
761 3768 789 3825 p.

208 3854 259 3910 Vl.
277 3854 370 3911 Varia
391 3856 517 3923 minora,
538 3854 702 3929 praecipue
718 3871 825 3929 preces
842 3850 953 3927 indulg.

128 3956 223 4015 11111.
240 3958 359 4035 period.
379 3937 551 4030 ,Tarsum
568 3953 723 4015 artesae.

211 4063 277 4145 Vll.
292 4063 550 4139 Csillag·korona.
564 4059 593 4141 (i.
608 4080 633 4119 e.
647 4062 769 4119 Corona
782 4057 955 4139 stellarum.)

125 4169 274 4226 Manuscr.

215 4315 274 4388 Itz
312 4313 363 4386 de
395 4313 661 4388 Mildenstein
703 4325 955 4387 Eduardus

126 4443 724 4526 (Breunoveno·Braunensis),
745 4454 849 4506 natus
869 4443 956 4506 Pra-

127 4586 196 4650 gae
212 4566 300 4631 Boh.
319 4587 369 4645 19.
386 4566 472 4630 Dec.
494 4570 585 4648 1789,
601 4575 739 4628 vestem
756 4565 889 4629 ordinis
905 4565 956 4628 in-

127 4689 203 4752 duit
219 4693 310 4770 1809,
324 4686 956 4770 11091101119101010110112780711.

132 4816 222 4893 1812,
240 4820 276 4874 01
292 4811 417 4874 eodem
434 4830 527 4873 anno
545 4832 595 4890 29.
611 4809 701 4872 Nov.
718 4811 886 4873 sacerdos
902 4829 956 4873 01-

128 4934 279 4998 dinatus.
304 4935 411 4996 Anno
432 4938 507 4995 1821
532 4933 569 4995 in
592 4953 620 4997 c.
636 4953 663 4995 1.
679 4932 773 4996 univ.
790 4933 956 5017 Pragena

127 5056 373 5140 philosophiae
389 5066 426 5118 et
441 5076 493 5118 aa.
507 5056 541 5117 ll.
554 5056 674 5118 laurea
689 5054 879 5139 insignitus
891 5076 957 5139 per

128 5179 263 5261 aliquot
279 5187 420 5260 tempus
436 5178 589 5241 docebat
604 5177 640 5240 in
652 5178 838 5262 gymnasio
851 5179 956 5243 Klat·

126 5300 289 5382 toviensi‚
312 5301 440 5363 deinde
457 5300 491 5363 in
507 5301 705 5364 Braunensi
725 5321 839 5385 usque
864 5306 955 5383 1830,

128 5439 199 5505 quo
212 5442 305 5485 anno
318 5422 349 5486 ei
362 5425 576 5486 demandata
586 5422 653 5486 fuit
665 5442 750 5486 cura
762 5423 956 5487 animarum

991 649 995 688 '
1033 653 1224 734 parochiae
1240 653 1468 735 Braunensis,
1491 674 1597 735 quam
1612 655 1763 737 gerebat
1784 673 1864 737 sep-

1033 784 1105 838 tem
1120 794 1242 838 annos.
1267 775 1409 838 Abhinc
1418 774 1613 838 Btevnovii
1627 787 1863 840 commoratus

1036 897 1382 960 1850bibliothecarii
1391 897 1522 961 ibidem
1531 908 1737 982 pergratum
1746 918 1864 962 susce·

1031 1018 1086 1100 pit
1097 1038 1223 1081 munus
1237 1038 1302 1081 nec
1317 1019 1449 1083 dimisit
1461 1039 1575 1103 usque
1588 1022 1633 1083 ad
1642 1021 1738 1083 vitae
1746 1020 1863 1086 finem.

1031 1142 1139 1204 Anno
1170 1145 1250 1204 1856
1278 1162 1299 1204 a
1326 1141 1505 1206 facultatis
1532 1144 1801 1226 philosophicae
1828 1144 1864 1207 in

1032 1264 1127 1327 univ,
1140 1263 1307 1346 Pragena
1320 1266 1525 1329 doctoribus
1538 1267 1694 1329 decanus
1711 1267 1863 1349 eligitur,

1033 1394 1068 1449 et
1093 1390 1171 1448 1862
1198 1407 1224 1449 s.
1247 1387 1479 1468 professionis
1504 1408 1589 1452 suae
1614 1399 1650 1452 et
1674 1389 1864 1453 sacerdotii

1032 1529 1163 1572 annum
1176 1509 1508 1593 quinquagesimum
1525 1512 1764 1574 celebrantem
1780 1512 1863 1574 emi·

1033 1631 1259 1694 nentissimus
1287 1632 1529 1715 archipraesul
1551 1634 1744 1717 Pragensis
1771 1635 1862 1698 inter

1032 1753 1189 1816 notarios
1216 1774 1300 1818 suos
1327 1755 1461 1818 iuratos
1488 1776 1667 1820 assumere
1696 1757 1863 1840 dignatus

1033 1884 1097 1937 est.
1129 1876 1188 1938 Ab
1216 1896 1309 1940 anno
1340 1881 1420 1941 1863
1449 1878 1567 1942 senior
1592 1879 1702 1942 totius
1728 1880 1862 1962 gremii,

1038 2000 1118 2075 1864
1145 1997 1339 2061 Bievnovii
1367 2000 1580 2064 constitutus
1607 2010 1663 2064 est
1689 2002 1862 2083 subprior.

1038 2123 1115 2199 1871
1136 2120 1229 2183 diem
1246 2121 1434 2185 sevidisse
1453 2124 1598 2206 gaudet,
1617 2143 1687 2206 quo
1703 2133 1785 2186 ante
1803 2125 1863 2187 de-

1033 2261 1111 2304 cem
1120 2242 1230 2305 lustra
1239 2243 1275 2305 in
1284 2244 1516 2309 universitate
1526 2228 1863 2309 Carolo-Ferdinan-

1033 2365 1101 2426 dea
1109 2365 1285 2448 Pragensi
1301 2377 1441 2429 creatus
1454 2366 1570 2431 fuerat
1580 2369 1713 2448 doctor,
1731 2379 1767 2431 et
1784 2373 1861 2448 1872

1033 2487 1298 2570 sexagesimum
1311 2488 1499 2571 religiosae
1512 2489 1742 2570 professionis
1759 2501 1795 2554 et
1809 2511 1863 2553 sa-

1033 2609 1182 2673 cerdotii
1191 2610 1245 2673 sui
1255 2611 1450 2674 celebravit
1460 2611 1739 2675 anniversarium
1752 2632 1864 2675 senex

1033 2749 1174 2813 semper
1193 2732 1298 2814 agilis
1323 2741 1359 2796 et
1374 2753 1561 2816 nunquam
1584 2753 1655 2798 11011
1677 2733 1862 2797 facundus

1032 2853 1148 2917 Annis
1164 2856 1309 2918 tandem
1321 2857 1402 2937 plus
1416 2874 1521 2938 quam
1533 2858 1656 2919 morbo
1669 2876 1863 2938 oppressus

1031 2975 1184 3039 animam
1212 2997 1313 3040 suam
1336 2977 1415 3040 Deo
1442 2977 1598 3040 reddidit
1622 2978 1679 3041 die
1704 2984 1734 3041 3.
1758 2978 1862 3044 Μο11.

1036 3101 1128 3178 1875.
1153 3098 1358 3164 Studiorum
1375 3120 1517 3164 suorum
1538 3110 1574 3163 et
1595 3102 1863 3165 meditationum

1033 3238 1177 3284 suarum
1193 3221 1339 3305 fructus,
1356 3242 1445 3306 quos
1462 3223 1605 3286 chartae
1621 3225 1862 3306 mandaverat,

1032 3344 1128 3406 haud
1143 3344 1249 3425 pauci
1265 3353 1356 3426 sunt,
1379 3355 1415 3407 et
1435 3345 1628 3408 carminum
1643 3364 1785 3408 suorum
1801 3366 1863 3408 nu-

1034 3485 1152 3528 merus
1167 3466 1229 3528 vix
1246 3465 1519 3547 computabitur.

1120 3605 1263 3688 Scripta
1282 3606 1380 3689 typis
1401 3625 1574 3688 expressa
1594 3608 1682 3669 haec
1706 3607 1865 3670 innotue-

1033 3736 1130 3790 runt:

1122 3854 1296 3912 I.F1'irden
1312 3852 1428 3911 Thron.
1452 3854 1647 3912 Denkschrift
1668 3854 1716 3911 fiir
1736 3843 1865 3912 Fr'irsten

1035 3958 1094 4015 und
1107 3958 1231 4016 leker.
1248 3956 1278 4037 (i.
1292 3978 1319 4016 e.
1333 3961 1392 4016 Pro
1405 3961 1479 4017 sede
1493 3961 1587 4034 regia,
1600 3956 1741 4038 libellus.)
1757 3959 1824 4016 Vol.
1839 3975 1864 4016 1.
1972 4019 1974 4023 ,

1036 4063 1078 4122 80.
1096 4065 1230 4140 Lipsiae,
1251 4063 1341 4138 1853.
1358 4066 1397 4122 H.
1414 4066 1549 4140 Hunger.

1122 4170 1161 4227 11.
1178 4170 1281 4228 Rosen
1298 4190 1352 4228 aus
1369 4169 1478 4227 Saron.
1499 4170 1620 4246 Heilige
1641 4169 1785 4243 Gesange
1807 4167 1865 4224 und

1035 4273 1148 4331 Lieder
1164 4293 1218 4331 aus
1234 4275 1312 4332 allen
1325 4275 1517 4332 christlicben
1528 4274 1777 4351 Jahrhunderten.
1795 4268 1864 4350 (1.0.

1036 4378 1139 4436 Rosae
1155 4397 1193 4436 ex
1209 4377 1318 4447 Saron,
1335 4398 1441 4437 sacrae
1458 4374 1646 4457 cantilenae.)
1667 4377 1734 4434 Vol.
1757 4392 1782 4433 1.
1804 4381 1864 4433 120.

1036 4483 1171 4561 Lipsiae,
1193 4482 1283 4559 1854.
1299 4485 1339 4542 H.
1354 4485 1491 4560 Hunger.
1595 4500 1599 4508 ’

1124 4589 1176 4646 111.
1194 4589 1251 4646 Die
1263 4587 1556 4645 Sittenverderbniss
1568 4586 1628 4644 und
1641 4585 1695 4643 der
1706 4583 1865 4660 Unglaube

1036 4711 1164 4749 unserer
1183 4694 1258 4750 Zeit.
1279 4689 1308 4770 (i.
1326 4711 1352 4749 e.
1369 4692 1532 4769 Corruptio
1546 4710 1664 4768 morum
1681 4704 1712 4748 et
1727 4692 1865 4767 impietas

1036 4793 1201 4875 moderna.)
1217 4798 1305 4854 Fasc.
1324 4812 1349 4854 1.
1366 4796 1408 4854 80.
1425 4797 1559 4874 Lipsiae,
1577 4795 1667 4869 1854.
1680 4795 1719 4853 H.
1728 4796 1863 4871 Hunger.

1122 4901 1173 4959 IV.
1196 4903 1323 4978 Johann,
1347 4903 1450 4978 Konig
1472 4919 1532 4958 von
1551 4899 1697 4958 Sachsen.
1721 4895 1751 4978 (i.
1773 4918 1799 4957 e.
1819 4900 1865 4956 De

1035 5006 1149 5064 loaune
1174 5024 1248 5082 rege
1271 5003 1447 5085 Saxonum.)
1473 5007 1561 5062 Fasc.
1588 5020 1613 5062 1.
1642 5011 1702 5063 120.
1730 5005 1863 5081 Lipsiae,

1035 5114 1068 5168 B.
1084 5112 1190 5168 Hinze.
1211 5110 1301 5185 1854.

1121 5217 1157 5274 V.
1182 5217 1240 5273 Die
1255 5215 1371 5274 Volker
1391 5193 1554 5273 der⁸Erde
1582 5217 1644 5272 Fdr
1666 5213 1715 5271 die
1737 5213 1863 5290 Jugend.

1035 5319 1065 5400 (i.
1087 5339 1113 5384 e..
1137 5322 1185 5378 De
1201 5320 1372 5378 nationibus
1388 5320 1472 5378 orbis
1489 5315 1658 5396 terrarum.)
1674 5318 1764 5375 Tom.
1783 5333 1807 5375 1.
1822 5316 1864 5376 80.

1036 5427 1170 5503 Lipsiae,
1187 5427 1296 5484 Bernb.
1313 5424 1464 5484 Schlicke.
1486 5425 1576 5499 1854.
