4178 6196
904 467 1183 540 ,273-

170 654 216 716 ad
233 653 367 717 obitum
388 657 435 718 18.
451 653 526 717 11111.
544 656 625 716 1858
638 650 760 734 phtysi
773 651 1002 715 tuberculosa

170 784 411 856 consumptus.
436 773 612 856 Imagines
633 772 684 836 sic
706 772 821 836 dictas
844 770 1003 855 981111611-

170 896 290 959 etten“
309 895 526 959 confratrum
542 892 732 958 artificiose
749 892 922 957 exaravit.

258 1055 351 1124 Rede‚
375 1055 517 1133 gehalten
540 1054 589 1112 bei
611 1055 665 1112 der
680 1055 789 1112 Weihe
812 1056 895 1111 einer
908 1055 1002 1131 Jung·

171 1161 367 1219 franeniahne
382 1178 429 1217 am
441 1161 533 1217 Feste
546 1161 642 1216 Maria
653 1158 774 1216 Geburt
785 1179 820 1215 zu
832 1157 1003 1233 Grobming
1020 1166 1032 1174 ·

171 1268 208 1322 im
223 1266 314 1342 Jahre
334 1263 414 1337 1848
431 1283 491 1322 von
508 1265 540 1321 P.
558 1263 673 1352 §erald
689 1264 833 1332 Lehnert,
855 1262 1002 1320 Benedic-

172 1369 527 1446 tiner·Ordenspricster.
552 1369 619 1426 Den
635 1368 827 1444 Mitgliedern
843 1367 898 1425 des
908 1367 1002 1443 Jung-

171 1474 417 1531 srauenvereines
437 1472 610 1549 gewidmet.
636 1469 709 1550 (1.6.
732 1471 840 1529 Sermo
862 1473 891 1528 in
909 1469 1002 1528 bene·

171 1580 303 1637 dictione
314 1578 415 1637 vexilli
427 1592 534 1637 coetus
543 1580 689 1654 virginum
699 1575 840 1656 habitus.)
854 1575 1001 1645 8⁰.·Graz,

175 1683 266 1760 1850.
284 1685 317 1743 C.
335 1684 541 1742 Danzer'sche
557 1682 811 1761 Buchdruckerei.

258 1817 472 1924 Leuthner
490 1859 769 1943 Wolfgangus
792 1856 1004 1942 (Cremifae

171 1979 343 2061 nensis),
371 1988 478 2041 antea
505 1977 732 2059 Theophilus,
760 1976 817 2039 die
847 1996 874 2056 7.
896 1975 1001 2039 Febr.

177 2119 257 2179 1744
284 2100 320 2162 in
346 2119 429 2163 arce
453 2097 685 2163 Scharnstein
711 2097 905 2194 superioris
928 2098 1002 2160 Au-

171 2221 280 2286 striae
296 2230 411 2302 natus,
436 2220 554 2283 studia
571 2197 698 2283 cuncta
713 2218 942 2282 humanitatis
966 2226 1002 2283 et

171 2343 416 2426 philosophiae
429 2342 465 2405 in
477 2342 662 2405 academia
671 2340 928 2405 Cremiianensi
939 2343 1002 2405 ab·

170 2465 286 2548 solvit,
308 2464 438 2547 quibus
458 2462 630 2527 coniectis
651 2463 903 2527 monasterium
919 2462 1002 2528 Cre·

169 2586 367 2651 misenense
381 2586 564 2671 ingressus
577 2585 635 2648 die
653 2606 699 2649 11.
710 2584 800 2648 Nov.
815 2589 893 2665 1762
907 2586 1001 2649 votis

171 2728 250 2773 sese
267 2708 497 2771 sollemnibus
512 2707 649 2791 ligavit.
675 2703 811 2771 Studiis
827 2707 1001 2791 theologi-

171 2831 265 2894 eisin
275 2829 506 2894 celeberrima
514 2828 610 2891 univ.
618 2825 882 2911 Salisburgensi
893 2848 1000 2910 quum

170 2963 346 3035 vacasset,
371 2952 427 3015 die
453 2972 479 3013 1.
500 2950 588 3014 Maii
608 2953 688 3031 1768
710 2950 821 3012 sacris
841 2949 1001 3014 initiatus

171 3084 235 3138 est.
259 3074 416 3137 Primum
437 3081 649 3154 cooperator
667 3072 704 3135 in
720 3071 1000 3155 Weisskirchen,

171 3197 298 3260 deinde
314 3195 496 3279 professor
510 3195 780 3279 grammaticae;
803 3203 876 3258 tum
892 3194 1001 3258 Vien-

170 3339 252 3384 nam
263 3318 391 3382 missus
407 3318 492 3381 iuris
505 3317 718 3400 prudentiae
733 3335 878 3399 operam
891 3317 999 3382 dedit.

171 3440 311 3504 Vienna
326 3442 442 3504 redux
457 3441 609 3522 primum
621 3439 835 3523 professoris
846 3441 1000 3522 pandec-

170 3574 285 3627 tarum
305 3563 503 3646 adiunctus,
528 3563 656 3626 dehinc
680 3562 765 3625 iuris
786 3562 900 3625 civilis
920 3581 1000 3644 pro-

169 3686 298 3759 fessor;
320 3687 461 3749 sublato
477 3705 556 3749 curn
572 3684 757 3748 academia
777 3684 863 3746 iuris
884 3684 1001 3748 studio

170 3810 346 3890 parochus
362 3784 398 3870 in
414 3807 635 3890 Kirchberg;
660 3809 706 3869 ab
726 3825 821 3870 anno
841 3810 919 3887 1787
943 3826 1000 3870 us·

171 3951 240 4013 que
252 3932 299 3994 ad
311 3950 441 3994 annum
456 3935 536 4010 1793
546 3931 643 4012 prior
655 3939 692 3994 et
703 3929 920 4013 aliquamdiu
929 3929 1000 4012 spi-

170 4027 347 4117 ritualium
363 4053 642 4127 administrator;
665 4054 711 4116 ab
727 4046 821 4116 anno
842 4058 920 4133 1793
937 4072 1001 4135 pa·

170 4178 297 4240 rochus
319 4176 354 4239 in
370 4175 555 4239 Thalheim
581 4176 638 4239 die
660 4180 711 4241 23.
727 4177 791 4240 1111.
813 4176 896 4239 anni
920 4182 1001 4240 1800

170 4302 283 4363 abbas
299 4300 504 4363 monasterii
516 4299 667 4384 eligitur,
681 4298 902 4382 iniquissima
913 4308 1000 4363 tem-

171 4442 258 4504 pora
269 4441 409 4505 passuS,
423 4422 535 4505 ignes,
548 4421 705 4504 fulmina,
718 4431 889 4486 terrorem
900 4421 1000 4484 belli·

170 4565 249 4608 cum
269 4545 468 4627 trinamque
489 4545 645 4609 hostium
664 4544 899 4620 invasionem;
925 4545 1001 4627 qui-

170 4670 238 4730 bus
253 4670 344 4730 adeo
360 4667 495 4731 fractus
516 4687 586 4731 non
608 4676 673 4749 est,
695 4676 734 4730 ut
754 4686 781 4731 s.
798 4667 1000 4749 supellecti-

170 4791 239 4852 lem
260 4801 419 4872 augeret,
442 4789 622 4872 hospitum
646 4789 776 4852 cubilia
799 4799 999 4872 exornaret,

172 4914 281 4976 multa
297 4910 459 4975 aedificia
474 4913 689 4975 instauraret
711 4921 747 4975 et
767 4912 885 4975 studia
901 4912 1000 4975 theo-

171 5036 290 5119 logica
310 5035 345 5097 in
365 5034 444 5117 ipso
461 5035 675 5098 monasterio
696 5036 876 5098 conderet.
901 5033 1000 5099 Obiit

173 5159 231 5221 die
247 5162 298 5221 23.
315 5156 419 5220 Febr.
436 5157 518 5220 anni
539 5161 630 5221 1812.

259 5299 446 5364 Professor
458 5299 542 5362 iuris
552 5299 666 5362 civilis
679 5299 890 5381 conscripsit
901 5298 1001 5361 libel·

174 5426 245 5488 lum
255 5447 262 5486 ε

1171 651 1355 709 Dissertatio
1387 649 1424 707 de
1452 651 1576 707 torturis
1603 660 1661 705 etc.
1692 647 1805 714 Lincii,
1833 647 1912 722 typis

1082 755 1291 814 Pramsteidel.
1309 753 1352 813 8⁰.
1374 770 1432 828 144
1449 773 1478 830 p.

1076 913 1079 919 ⁴
1169 881 1504 958 Lichtensteiner
1531 892 1781 957 Benedictus
1805 889 1912 975 (Sco-

1083 1013 1239 1095 tensis),
1267 1011 1379 1075 irater
1401 1011 1513 1074 maior
1535 1022 1621 1075 natu
1648 1009 1792 1074 illustris
1820 1009 1913 1072 illius

1083 1134 1258 1198 Meinradi
1282 1133 1568 1198 Lichtensteiner
1591 1129 1788 1215 (Scotens.),
1816 1130 1912 1195 vitae

1081 1259 1200 1320 lumen
1222 1256 1310 1319 adiit
1325 1255 1563 1320 Vindobonae
1584 1255 1641 1318 die
1664 1259 1715 1318 26.
1735 1254 1800 1318 Iul.
1821 1256 1911 1332 1748.

1083 1375 1119 1442 S.
1141 1377 1266 1441 habitu
1282 1397 1310 1442 s.
1326 1376 1366 1440 P.
1384 1398 1417 1440 n.
1434 1375 1621 1440 Benedicti
1645 1395 1724 1439 cum
1746 1383 1842 1438 esset
1862 1374 1913 1436 in·

1082 1501 1189 1563 dutus
1206 1500 1263 1562 die
1284 1503 1331 1564 13.
1344 1498 1434 1564 Νον.
1452 1503 1543 1581 1768,
1556 1497 1650 1561 votis
1666 1496 1827 1560 sollemni
1842 1495 1913 1558 ritu

1083 1622 1140 1685 die
1161 1627 1208 1686 13.
1221 1621 1311 1684 Nov.
1330 1626 1410 1702 1769
1422 1621 1636 1702 nuncupatis
1648 1616 1913 1683 sacerdotio'in-

1082 1755 1278 1827 auguratus
1294 1753 1350 1807 est
1370 1743 1427 1807 die
1445 1764 1495 1823 29·
1512 1742 1612 1825 Sept.
1634 1760 1725 1822 1772.
1748 1741 1912 1805 Diversis

1081 1868 1231 1948 posthac
1248 1867 1283 1929 in
1299 1867 1386 1930 locis
1399 1875 1667 1947 cooperatorem
1680 1883 1719 1927 se
1732 1864 1914 1946 praestitit

1081 1987 1179 2069 pium
1191 1997 1443 2069 strenuumque
1456 1987 1491 2050 in
1503 1985 1724 2050 Zellerndorf
1734 1988 1911 2068 1781—84,

1082 2107 1117 2171 in
1133 2109 1274 2173 Pulkau
1289 2128 1354 2193 per
1369 2109 1505 2191 aliquot
1520 2128 1671 2191 menses,
1687 2109 1770 2172 dein
1787 2112 1913 2189 1784-

1086 2234 1164 2312 1787
1176 2232 1212 2294 111
1221 2229 1475 2314 Gaunersdorf,
1485 2240 1702 2314 postremum
1712 2232 1758 2293 ad
1767 2251 1794 2294 s.
1802 2230 1912 2294 Udal-

1081 2351 1388 2433 ricum1787—93.
1413 2351 1501 2416 Cum
1523 2353 1651 2416 deinde
1672 2352 1819 2435 parochi
1840 2372 1913 2415 mu·

1081 2495 1148 2538 nus
1167 2475 1341 2558 gessisset
1362 2475 1397 2537 in
1417 2475 1516 2539 Platt
1536 2481 1714 2559 1793-94,
1736 2477 1913 2557 parochus

1082 2597 1291 2681 designatus
1312 2606 1368 2661 est
1389 2598 1425 2661 in
1440 2598 1676 2662 Martinsdorf
1693 2602 1909 2678 1797-1805

1081 2740 1147 2783 nec
1156 2720 1270 2783 nonin
1281 2720 1592 2803 Engersdorfmin.
1606 2725 1685 2785 1865
1697 2722 1909 2786 -ἀ.5ο.1111.

1086 2846 1176 2922 1867.
1201 2841 1306 2905 Unde
1323 2842 1357 2904 in
1370 2843 1624 2907 monasterium
1636 2852 1836 2925 revocatus,
1854 2862 1911 2905 ca-

1080 2963 1221 3028 merarii
1230 2963 1347 3028 officio
1354 2964 1499 3029 functus
1508 2975 1562 3029 est
1576 2970 1720 3045 1867-9
1730 2985 1911 3049 magnam·

1081 3106 1151 3170 que
1178 3107 1224 3150 ex
1249 3106 1292 3150 eo
1319 3107 1464 3151 munere
1491 3089 1650 3171 gerendo
1676 3088 1817 3151 laudem
1843 3088 1911 3150 sibi

1081 3212 1312 3293 comparavit.
1329 3211 1419 3274 Tum
1431 3230 1516 3275 vero
1532 3211 1736 3295 parochiam
1752 3211 1911 3293 suscepit

1080 3332 1116 3396 in
1137 3334 1316 3417 suburbio,
1342 3334 1471 3397 dictam
1493 3336 1538 3396 ad
1563 3352 1590 3397 s.
1608 3332 1826 3415 Udalricum,
1849 3333 1911 3396 ubi

1080 3456 1264 3540 professus
1276 3456 1450 3519 iubilaeus
1464 3456 1523 3519 die
1540 3461 1587 3519 13.
1596 3454 1687 3520 Nov.
1701 3459 1781 3535 1819
1794 3474 1911 3519 sacer-

1081 3579 1167 3643 dotii
1184 3577 1239 3642 sui
1254 3578 1445 3642 iubilaeum
1462 3578 1519 3642 die
1537 3599 1587 3657 ²9·
1601 3576 1700 3660 Sept.
1723 3582 1801 3640 1822
1820 3579 1911 3640 cele·
1976 3610 1979 3620 ·

1079 3701 1207 3765 bravit.
1232 3698 1307 3765 Sex
1326 3701 1456 3764 deinde
1472 3701 1573 3763 annis
1588 3700 1648 3783 pie
1663 3699 1820 3782 peractis
1834 3699 1910 3763 fere

1080 3822 1340 3907 octogenarius,
1364 3822 1475 3886 totius
1496 3821 1642 3906 capituli
1662 3822 1791 3905 senior,
1815 3840 1910 3885 amo-

1079 3965 1154 4009 rem
1169 3915 1274 4008 hdius
1288 3944 1378 4008 lucis
1393 3945 1641 4008 immortalium
1658 3963 1722 4026 spe
1738 3947 1910 4009 bonorum

1079 4054 1196 4132 laetus
1211 4067 1362 4150 proiecit
1383 4077 1419 4132 et
1439 4069 1485 4131 ad
1502 4066 1659 4131 divinum
1675 4067 1761 4130 illud
1778 4066 1909 4129 animo·

1080 4211 1157 4254 rum
1173 4189 1360 4254 concilium
1375 4185 1505 4273 plenus
1518 4188 1654 4252 meritis
1668 4187 1836 4272 migravit
1852 4187 1909 4251 die

1082 4317 1132 4378 23.
1149 4314 1238 4396 Apr.
1259 4317 1350 4377 1828.

1168 4454 1281 4537 Typis
1297 4453 1409 4517 edidit
1425 4453 1645 4517 concionem:

1167 4597 1290 4674 Predigt
1310 4596 1360 4654 bei
1376 4596 1577 4673 Gelegenheit
1597 4599 1680 4653 eines
1696 4594 1909 4652 Titularsestes

1080 4723 1116 4759 zu
1133 4703 1236 4760 Ehren
1252 4702 1305 4760 des
1322 4702 1452 4779 heiligen
1468 4704 1629 4760 Benedicts
1651 4720 1698 4757 um
1720 4702 1787 4758 eine
1803 4698 1909 4776 gldclc·

1080 4807 1176 4883 selige
1193 4806 1421 4866 Sterbestunde.
1439 4805 1467 4888 (i.
1484 4827 1510 4865 e.
1529 4809 1562 4864 ln
1578 4807 1657 4865 sesto
1673 4805 1783 4864 titulari
1799 4805 1838 4862 ad
1854 4805 1908 4862 ho·

1080 4930 1184 4968 norem
1201 4933 1226 4969 s.
1239 4912 1392 4970 Benedicti
1405 4931 1461 4989 pro
1474 4912 1554 4970 felici
1570 4913 1645 4969 hora
1660 4913 1766 4968 mortis
1778 4907 1908 4989 concio.)

1086 5031 1097 5072 1
1113 5018 1173 5074 vol.
1191 5016 1233 5075 8⁰.
1251 5019 1395 5084 Viennae,
1412 5020 1492 5094 typis
1510 5015 1732 5075 Sonnleithner.

1167 5163 1501 5241 Lichtensteiner
1527 5175 1770 5239 Meinradus
1796 5175 1907 5238 Iose-

1082 5295 1188 5378 phus
1205 5293 1457 5378 (Scotensis),
1473 5306 1578 5357 natus
1594 5294 1652 5356 die
1672 5296 1719 5357 18.
1735 5293 1809 5356 Ian.
1828 5295 1907 5370 1759

1082 5418 1118 5482 111
1135 5418 1304 5481 suburbio
1319 5417 1525 5498 Viennensi,
1547 5418 1642 5498 quod
1663 5412 1913 5498 Gumpendorf

1244 5547 1247 5551 “
1652 5531 1683 5584 35
