4178 6196
904 458 946 468 —
991 422 1114 486 XCIII
1159 461 1198 469 -

173 646 315 727 zellner,
340 646 528 708 Modestus
551 646 668 729 Piirzl,
694 645 898 729 Stephanus
921 648 1202 732 Rudenberger,
1227 649 1468 733 Wolfgangus
1491 652 1633 735 Pledel,
1664 651 1914 736 Sigismundus

171 783 447 846 Hochkirchner
469 787 582 847 abbas
606 787 845 868 (1543-1565)
876 797 958 850 sunt
981 788 1139 870 insignes
1156 790 1188 870 ¹).
1235 787 1304 869 Qui
1332 790 1366 851 in
1396 792 1612 854 monasterio
1641 793 1687 854 ad
1715 813 1742 856 s.
1766 792 1912 855 Petrum

174 923 378 1008 Salisburgi
402 924 535 1007 scripta
558 925 760 1007 theologica
775 925 831 988 his
847 926 1066 1008 temporibus
1088 927 1308 1008 tradiderint,
1325 929 1515 992 maximam
1533 941 1671 1011 partem
1689 931 1911 1013 Ignoramus;

175 1065 241 1126 sed
265 1065 387 1126 schola
411 1065 457 1126 ad
481 1084 508 1125 s.
525 1063 672 1126 Petrum
696 1084 740 1126 ea
763 1073 882 1127 aetate
905 1063 1035 1127 florens
1058 1065 1262 1137 testimonio
1286 1076 1350 1149 est,
1374 1068 1410 1129 in
1430 1068 1496 1130 hac
1520 1069 1765 1151 antiquissima
1781 1070 1914 1132 ordinis

173 1203 288 1266 nostri
312 1204 397 1266 sede
422 1203 565 1266 saeculo
589 1202 673 1266 XV.
703 1214 739 1266 et
762 1204 905 1266 saeculo
930 1203 1042 1286 XVI,
1074 1225 1144 1285 quo
1172 1204 1263 1268 falsa
1288 1207 1433 1269 Lutheri
1463 1207 1624 1270 doctrina
1646 1227 1717 1270 non
1740 1208 1855 1290 magis
1878 1208 1914 1270 in

172 1345 243 1405 hoc
267 1341 483 1405 monasterio
507 1362 613 1423 quarn
637 1342 672 1405 in
688 1342 944 1405 Lunaelaeensi
960 1343 1154 1405 consistere
1179 1355 1331 1427 poterat,
1356 1346 1511 1409 studium
1531 1346 1727 1409 litterarum
1743 1346 1912 1429 viguisse.

174 1481 333 1562 Quorum
363 1481 505 1544 nomina
535 1483 581 1544 ad
609 1493 766 1544 nostram
793 1492 1034 1564 pervenerunt
1057 1483 1277 1564 memoriam,
1308 1494 1390 1546 sunt
1413 1484 1542 1547 Erhart
1564 1485 1713 1566 Lomptz
1728 1486 1750 1565 2)
1776 1484 1912 1564 Abbas,

172 1618 378 1703 Simplicius
401 1629 437 1682 et
459 1621 627 1684 Kilianus
649 1621 827 1700 monachi,
856 1621 917 1702 qui
939 1621 1025 1685 iuris
1049 1622 1210 1685 canonici
1234 1622 1339 1704 periti
1363 1624 1597 1686 celebrantur.

307 1758 477 1825 Similiter
500 1759 724 1853 theologicae
754 1759 963 1842 disciplinae
992 1761 1146 1824 studium
1177 1762 1212 1824 in
1243 1761 1458 1824 monasterio
1490 1763 1536 1823 ad
1567 1784 1593 1826 s.
1617 1763 1846 1826 Lambertum
1877 1763 1911 1824 in

174 1896 286 1962 Stiria
314 1897 465 1961 florebat
495 1899 648 1961 maxime
679 1899 903 1981 praesulibus
933 1900 1128 1982 Rudolpho
1158 1901 1202 1962 de
1225 1901 1449 1984 Lichtenegg
1482 1902 1749 1984 (1387—1419),
1781 1901 1841 1984 qui
1866 1903 1913 1963 ob

174 2039 360 2101 scientiam
380 2038 645 2120 disciplinarum
669 2039 951 2121 theologicarum
967 2049 1114 2103 vocatus
1131 2048 1186 2103 est
1201 2041 1224 2119 ³)
1248 2041 1295 2102 ad
1312 2038 1497 2102 concilium
1514 2037 1797 2121 Constantiense,
1815 2040 1911 2103 Hen-

173 2177 249 2239 rico
267 2177 421 2259 Moyker
435 2179 457 2258 ⁴)
484 2179 733 2276 (raro-1455),
757 2178 890 2239 Ioanne
907 2177 951 2241 II.
976 2175 1178 2241 Schachner
1201 2177 1451 2258 (1455—1478),
1476 2177 1535 2258 qui
1559 2186 1758 2260 tractatum,
1786 2198 1912 2262 ,super

174 2316 364 2398 passione“
383 2316 534 2397 scripsit,
558 2316 692 2379 Ioanne
708 2317 769 2379 III.
795 2315 907 2380 Sachs
926 2316 1175 2397 (1478-1518),
1200 2315 1261 2397 qui
1285 2336 1439 2399 ,morum
1465 2319 1628 2398 candore,
1653 2317 1788 2400 pietate
1804 2328 1912 2400 atque

174 2454 325 2519 scientia
350 2455 543 2536 ,omnibus
568 2455 627 2536 qui
643 2464 727 2517 ante
743 2454 895 2536 fuerunt,
920 2455 1141 2536 praestitisse
1158 2454 1346 2518 dicebatur
1370 2464 1406 2518 et
1430 2457 1691 2538 disputationes
1715 2476 1785 2518 non
1808 2456 1912 2538 parvi

173 2592 360 2656 momenti:
393 2595 438 2656 de
470 2594 721 2676 suscipiendis,
753 2594 949 2676 probandis
980 2604 1016 2656 et
1045 2613 1109 2675 per
1138 2592 1398 2676 professionem
1427 2594 1663 2676 suscipiendis
1686 2595 1849 2658 novitiis“
1876 2605 1912 2657 et

175 2734 241 2813 ,de
264 2732 379 2795 tribus
403 2732 697 2795 substantialibus
721 2732 833 2795 votis“
859 2733 971 2796 edidit
984 2733 1018 2814 ⁵).
1066 2733 1203 2813 Quibus
1234 2733 1480 2796 illustrissimis
1508 2733 1593 2796 viris
1623 2734 1857 2816 regnantibus
1887 2754 1908 2796 a

175 2870 417 2952 compluribus
440 2871 621 2934 monachis
644 2870 679 2933 in
703 2871 883 2952 publicum
907 2873 1115 2954 prodierunt
1144 2872 1413 2934 dissertationes
1443 2872 1685 2954 theologicae,
1716 2872 1751 2934 in
1783 2871 1911 2952 quibus

174 3020 371 3074 memoratu
395 3011 525 3094 dignus
548 3021 620 3073 est:
652 3020 846 3094 ,tractatus
871 3014 915 3073 de
939 3021 1162 3073 sacramento
1185 3009 1448 3093 poenitentiae“
1478 3031 1499 3073 a
1528 3010 1676 3072 Nicolao
1700 3008 1911 3071 Landecker

174 3151 403 3234 compositus,
428 3163 463 3213 et
487 3149 732 3232 Christophori
755 3149 976 3214 Schleicher:
1003 3150 1139 3233 „Notae
1163 3150 1476 3212 commentatoriae
1500 3149 1535 3212 in
1558 3149 1718 3231 regulam
1742 3167 1768 3211 s.
1793 3147 1908 3209 Bene-

174 3289 281 3353 dicti“
307 3300 343 3352 et
368 3287 650 3372 „Poenitentiale
675 3287 856 3351 Cellense“
874 3286 907 3368 ⁶).

304 3429 430 3510 Neque
460 3427 515 3490 his
542 3428 737 3490 Bohemiae
768 3427 930 3490 monachi
961 3426 1146 3490 inferiores
1180 3425 1332 3489 fuerunt.
1375 3426 1432 3490 Ita
1465 3424 1717 3489 monasterium
1751 3425 1910 3487 Blevno-

174 3568 297 3630 viense
325 3567 448 3649 primis
471 3568 614 3629 saeculo
638 3566 722 3629 XV.
755 3566 934 3657 decenniis
966 3566 1159 3647 scriptores
1189 3564 1391 3647 theologiae
1422 3563 1556 3645 peritos
1587 3564 1747 3646 proferre
1778 3573 1910 3646 potest,

175 3725 323 3787 quorum
345 3706 515 3788 princeps
531 3705 598 3768 fuit
613 3706 765 3769 Ioannes
783 3708 827 3769 de
843 3706 1071 3786 Holleschau,
1089 3704 1148 3786 qui
1164 3704 1493 3785 interpretationem
1510 3705 1695 3785 praeclara
1712 3704 1910 3766 eruditione

174 3855 336 3908 ornatam
365 3846 409 3907 de
438 3845 592 3908 carmine
617 3865 732 3925 sacro,
762 3846 855 3926 quod
879 3864 982 3907 nemo
1006 3844 1242 3906 Bohemorum
1266 3842 1407 3925 ignorat
1439 3840 1637 3925 „Gospodi,
1669 3843 1811 3925 pomiluj
1841 3841 1909 3924 ny“

304 4135 327 4213 ¹)
350 4137 389 4193 Ηί
413 4138 552 4194 monachi
576 4138 741 4193 floruerunt
769 4149 989 4208 1450-1550.
1029 4137 1075 4193 De
1099 4155 1203 4193 eorum
1227 4137 1349 4212 scriptis
1371 4135 1440 4192 vide
1464 4133 1595 4192 Stauffer
1619 4135 1636 4191 l.
1663 4155 1688 4192 c.

305 4247 326 4327 2)
350 4249 461 4306 Erhart
484 4252 613 4326 Lomptz
638 4246 849 4326 (Ziegelbauer
872 4247 890 4304 l.
915 4267 941 4305 c.
966 4267 1033 4304 eum
1057 4262 1147 4305 vocat
1169 4245 1292 4327 Lainez)
1322 4249 1504 4304 monasterio
1532 4267 1556 4304 s.
1579 4249 1660 4304 Petri
1684 4242 1908 4320 Salisburgensi

173 4361 304 4438 praefuit
332 4361 553 4436 1435—1436.
589 4363 622 4418 In
645 4363 732 4418 huius
756 4362 895 4419 coenobii
920 4362 1072 4436 catalogo,
1105 4365 1151 4419 cui
1180 4365 1259 4419 inest
1281 4364 1376 4418 series
1399 4360 1552 4429 abbatum,
1578 4361 1703 4419 dicitur:
1736 4358 1910 4432 „Erhardus

175 4476 307 4552 Lomptz
331 4475 496 4532 liberalium
521 4479 628 4532 artium
653 4478 806 4550 magister,
830 4476 954 4533 scholae
970 4489 1093 4533 nostrae
1109 4477 1193 4551 prius
1216 4487 1319 4532 rector
1341 4493 1376 4531 ac
1399 4476 1476 4531 intra
1499 4476 1566 4531 anni
1591 4475 1720 4549 spatium
1743 4472 1910 4548 professus.

172 4590 257 4664 prior
280 4602 312 4644 et
334 4585 430 4644 abbas
454 4602 567 4657 noster,
591 4591 638 4645 vir
662 4591 788 4646 eximiae
812 4589 967 4646 doctrinae
991 4608 1026 4645 ac
1051 4590 1181 4664 pietatis,
1207 4589 1257 4662 qui
1282 4588 1381 4643 missis
1405 4586 1546 4645 fratribus
1570 4587 1783 4644 monasterium
1806 4586 1910 4641 Ossia-

173 4719 265 4757 cense
290 4700 494 4758 reformauit.“
536 4700 665 4778 Scripsit
692 4705 928 4778 ,expositionem
953 4702 982 4757 in
1006 4700 1151 4777 psalmum
1175 4701 1263 4756 XII“.

304 4805 453 4893 ³)'Series
477 4817 658 4891 scriptorum
682 4815 943 4872 Lambertinorum
968 4815 986 4870 1.
1013 4833 1039 4870 c.
1075 4814 1173 4870 Etiam
1202 4813 1348 4869 sacerdos
1375 4812 1490 4868 aulicus
1519 4824 1583 4867 erat
1611 4809 1691 4886 apud
1720 4809 1910 4865 Guilielmum

174 4927 319 4984 Austriae
343 4927 458 4983 ducem.
1793 4899 1797 4906 ⁶

302 5038 325 5119 4)
349 5040 484 5097 Vocatus
507 5054 554 5097 est
577 5041 615 5097 ad
639 5042 795 5098 concilium
820 5042 1004 5099 Basileense.
1029 5038 1133 5096 Series
1157 5040 1175 5096 l.
1193 5059 1219 5096 c.

304 5150 328 5231 ⁵)
352 5152 453 5211 Series
478 5153 496 5209 l.
522 5173 548 5210 c.

303 5261 326 5344 6)
349 5267 491 5323 Nicolaus
514 5266 695 5323 Landecker
723 5264 798 5322 obiit
829 5281 919 5340 1471.
950 5265 1186 5340 christophorus
1214 5261 1389 5319 Schleicber
1419 5273 1507 5317 antea
1537 5257 1635 5317 abbas
1659 5259 1911 5335 Weihenstepha·

168 5382 275 5438 nensis
300 5391 435 5436 mortuus
459 5392 506 5435 est
528 5392 630 5436 rector
654 5378 801 5435 ecclesiae
824 5379 937 5435 Mariae
960 5376 1108 5435 Cellensis
1135 5388 1225 5448 1507.
1259 5373 1304 5431 CI.
1329 5370 1454 5428 Seriem.
