4178 6196
945 427 1228 498 -,,,-

214 612 422 676 clericorum
442 620 478 673 et
496 608 658 692 magistri
678 607 901 690 novitiorum,
924 614 1045 673 1858-

221 740 299 797 1862
329 732 514 797 sacristiae
541 732 737 813 directoris,
770 736 936 795 1858-68
964 735 1046 795 sub-

215 856 344 940 prioris
365 866 400 919 et
426 859 591 933 1868—74
616 854 743 935 prioris
766 863 803 917 et
822 855 968 936 parochi
991 876 1047 919 ec-

215 979 347 1044 clesiae
368 977 568 1041 claustralis
590 988 626 1040 et
645 982 726 1057 1874
747 977 805 1040 die
826 998 873 1055 14.
890 978 963 1041 Ian.
986 979 1048 1040 ab·

217 1106 283 1166 bas
300 1102 435 1164 electus
453 1109 517 1164 est.

293 1236 508 1320 'Festpredigt
517 1243 657 1318 gehalten
667 1245 695 1299 in
708 1241 762 1299 der
771 1241 1048 1319 Stistspfarrkirche

216 1351 271 1408 der
296 1347 616 1408 Benediktiner·Abtei
640 1348 796 1422 Gottweig
822 1367 869 1405 arn
898 1363 948 1422 29.
973 1348 1047 1425 Apr.

222 1455 277 1530 185
282 1470 311 1529 5.
325 1451 354 1533 (i.
365 1473 391 1512 0.
401 1455 516 1511 Concio
525 1453 678 1509 sollemnis
690 1451 792 1509 habita
802 1454 964 1509 occasione
975 1471 1047 1528 pro-

217 1560 403 1618 clamationis
419 1557 609 1633 dogmaticae
626 1558 743 1614 immac.
754 1569 892 1632 concept.
905 1557 937 1613 B.
952 1557 992 1613 M.
1000 1553 1047 1635 V.)

217 1666 306 1721 Feier
322 1663 375 1720 der
391 1662 619 1736 dogmatischen
632 1659 861 1735 Entscheidung
877 1673 935 1717 etc.
952 1662 981 1717 in
993 1659 1047 1717 der

217 1771 349 1827 Didcese
365 1767 410 1824 St.
428 1767 542 1823 Pdlten.
565 1780 620 1838 145
639 1785 668 1842 p.

304 1932 545 2007 Gilssmann
587 1942 755 2006 Paulus
795 1940 1046 2024 (Seitensta-

216 2062 408 2143 diensis),
424 2061 585 2124 Viennae
602 2061 637 2123 in
654 2060 802 2123 Austria
824 2059 882 2123 die
899 2081 928 2123 2.
945 2059 1045 2143 Sept.

221 2191 301 2266 1739
325 2195 430 2247 natus
451 2179 570 2265 ibique
591 2181 820 2248 humanitatis
841 2192 949 2264 atque
969 2183 1046 2263 phi·

215 2305 399 2388 losophiae
421 2304 616 2387 disciplinis
637 2303 799 2366 excultus
823 2302 880 2366 die
908 2324 934 2368 1.
955 2303 1045 2367 Nov.

221 2433 299 2509 1757
331 2428 515 2510 ingressus
546 2435 602 2489 est
627 2434 767 2488 coetum
795 2425 1046 2488 monachorum

216 2547 581 2628 Seitenstadiensium,
602 2566 749 2629 quorum
771 2564 835 2629 per
855 2545 1046 2628 professio-

216 2693 296 2736 nem
313 2673 518 2735 sollemnem
538 2669 595 2732 die
621 2691 646 2734 1.
663 2668 753 2734 Nov.
775 2673 855 2747 1758
881 2668 1046 2732 emissam

216 2795 349 2860 sodalis
366 2803 422 2857 est
432 2793 560 2882 factus,
577 2791 764 2855 Absolutis
780 2792 814 2854 in
832 2790 1046 2854 monasterio

217 2940 244 2981 s.
269 2915 471 2998 theologiae
496 2912 624 2977 studiis
649 2891 697 2975 ad
725 2912 962 2975 sacerdotium
987 2911 1046 2975 die

218 3044 247 3103 8.
276 3038 376 3121 Sept.
409 3041 489 3117 1760
519 3045 676 3118 evectus,
704 3035 811 3098 variis
842 3033 1047 3097 monasterii

217 3161 344 3226 officiis
373 3158 528 3222 maxima
559 3177 638 3221 cum
672 3157 777 3219 laude
809 3166 864 3218 est
894 3154 1047 3223 functus.

217 3285 403 3348 Postremo
427 3289 546 3343 aetate
573 3251 707 3342 fractus
734 3277 898 3341 omnibus
922 3276 1047 3341 officiis

217 3426 256 3469 se
284 3403 465 3468 abdicavit
492 3411 529 3464 et
555 3400 728 3462 iubilaeus
752 3398 984 3482 professionis
1012 3409 1048 3462 et

217 3525 408 3590 sacerdotii
425 3524 460 3586 in
476 3532 594 3587 monte
611 3531 735 3585 sancto
752 3522 818 3585 soli
831 3522 909 3584 Deo
922 3521 1048 3585 vivens

218 3648 275 3711 die
297 3668 343 3710 12.
360 3647 434 3709 Iun.
456 3649 536 3723 1819
553 3642 705 3706 animam
722 3642 935 3724 exspiravit.

305 3775 472 3858 Scripsit:

305 3910 471 3988 Suppetiae
486 3909 525 3965 ad
541 3907 653 3983 aliquid
670 3907 828 3965 dicendum
844 3909 892 3966 vel
913 3907 1048 3965 scriben-

218 4016 286 4074 dum
303 4015 341 4072 de
357 4014 507 4071 inferioris
524 4013 665 4070 Austriae
681 4010 803 4068 abbatia
825 4015 854 4068 in
870 4011 1049 4069 Seitenstet·

219 4136 278 4180 ten.
295 4122 430 4177 Manusc.
448 4134 465 4174 2
480 4118 589 4174 volum.
604 4120 632 4173 in
645 4115 782 4173 biblioth.
793 4130 921 4174 monast.
930 4114 1049 4173 Seiten·

218 4226 381 4284 stadiensis
397 4223 547 4279 adservat.

306 4387 483 4463 Gutrath
510 4400 680 4463 Ioannis
708 4399 776 4463 Ev.
807 4401 841 4482 (a
867 4418 893 4461 5.
922 4398 1049 4462 Petro

219 4516 486 4602 Salisburgi),
517 4530 623 4582 natus
655 4517 856 4601 Salisburgi
890 4539 940 4581 22.
970 4516 1049 4583 Oct.

224 4642 314 4722 1707,
331 4641 486 4704 novitius
504 4663 554 4706 22.
571 4642 659 4723 Apr.
680 4645 770 4722 1723,
793 4639 975 4722 professus
998 4645 1048 4704 30.

220 4762 308 4844 Apr.
334 4783 424 4845 1724,
446 4773 633 4846 neomysta
649 4785 699 4842 24.
717 4761 817 4845 Sept.
838 4766 930 4844 1730,
946 4764 1050 4825 abso·

219 4884 303 4947 lutis
319 4886 445 4947 studiis
461 4885 644 4948 altioribus
665 4895 702 4947 et
722 4883 885 4948 examine
907 4904 954 4947 ex
975 4883 1049 4947 uni·

219 5027 324 5071 versa
344 5007 525 5090 theologia
545 5027 609 5090 pro
629 5009 750 5071 laurea
774 5026 951 5089 suprema,
977 5005 1070 5087 pri-0

221 5150 314 5192 mum
340 5135 419 5209 1734
436 5129 736 5210 bibliothecarius,
763 5133 843 5208 1736
865 5127 1049 5211 poeniten·

221 5249 344 5313 tiarius
361 5250 395 5312 in
410 5250 654 5333 Maria-Flam,
680 5272 756 5332 1741
781 5250 994 5315 novitiorum
1014 5259 1050 5313 et

222 5372 428 5435 clericorum
448 5372 633 5455 magister,
662 5377 741 5452 1753
765 5372 919 5436 vicarius
946 5391 1049 5454 paro·

1126 611 1227 675 chiae
1240 612 1276 675 in
1286 611 1465 693 Abtenau,
1483 617 1562 692 1756
1575 614 1801 697 praepositus
1813 615 1849 677 in
1857 614 1959 677 Wie-

1127 734 1214 816 ting‚
1236 735 1376 797 demum
1397 738 1476 814 1759
1498 734 1738 799 confessarius
1753 737 1957 799 monialium

1127 875 1158 919 o.
1186 875 1213 918 s.
1238 856 1279 919 B.
1307 855 1343 918 in
1370 855 1555 938 Laengsee
1584 857 1797 922 constitutus
1824 857 1957 921 ibidem

1127 976 1216 1039 obiit
1237 998 1283 1039 11.
1301 976 1375 1041 Iun.
1397 982 1487 1057 1775.
1512 977 1678 1060 Scripsit:

1214 1104 1236 1160 Ι.
1265 1102 1427 1160 Druzbichi
1454 1104 1545 1181 Casp.
1574 1104 1606 1162 S.
1630 1106 1652 1161 Ι.
1684 1105 1845 1163 Probstein
1873 1110 1957 1163 eines

1128 1207 1249 1264 wahren
1265 1207 1398 1276 Geistes,
1420 1207 1495 1264 oder
1510 1207 1725 1285 denkwiirdige
1741 1211 1958 1286 Erwagungen

1127 1332 1188 1369 von
1203 1312 1257 1370 der
1271 1312 1546 1369 Vollkommenheit
1566 1315 1625 1370 und
1650 1314 1833 1373 Grundleste
1854 1316 1957 1373 stand·

1127 1415 1225 1472 hafter
1240 1416 1419 1491 Tugenden.
1436 1413 1465 1496 (i.
1483 1437 1509 1473 e.
1522 1418 1594 1474 Veri
1610 1421 1735 1494 spiritus
1747 1419 1889 1496 probatio
1903 1438 1957 1476 seu

1126 1520 1164 1577 de
1174 1520 1361 1597 perfectione
1370 1534 1400 1578 01
1408 1521 1600 1579 fundamento
1611 1526 1750 1580 virtutum
1764 1521 1957 1604 disquisitio.)

1126 1625 1190 1682 Aus
1206 1625 1272 1682 dem
1289 1626 1502 1683 Lateinischcn
1519 1628 1548 1682 in
1564 1627 1618 1684 das
1635 1629 1788 1686 Deutsche
1805 1627 1958 1686 iibersetzt

1126 1729 1186 1785 und
1202 1731 1254 1785 mit
1275 1727 1470 1806 beigesiigten
1486 1730 1605 1788 Texten
1628 1751 1683 1789 aus
1708 1733 1763 1789 der
1784 1733 1880 1808 Regel
1903 1733 1957 1789 des

1125 1834 1164 1890 hl.
1196 1834 1342 1891 Benedikt
1371 1836 1532 1893 vermehrt.
1565 1836 1757 1913 Tegernsee,
1790 1852 1880 1911 1740.
1913 1837 1955 1895 8⁰.

1148 1936 1189 1995 06
1229 1982 1236 1995 .

1126 1953 1143 2043 ᾇ
1206 1958 1250 2100 il.
1268 2045 1376 2100 Oratio
1392 2046 1421 2100 in
1435 2045 1662 2103 confirmatione
1676 2047 1786 2112 Bedae,
1802 2046 1957 2109 electiab·

1125 2145 1204 2204 batis
1224 2167 1249 2204 s.
1266 2149 1347 2205 Petri
1363 2146 1542 2224 Salisburgi.
1566 2148 1747 2227 Salisburgi,
1777 2165 1866 2225 1753.
1892 2151 1957 2209 Fol.

1213 2293 1389 2368 Gutrath
1418 2306 1597 2391 Oddo‘(a
1623 2329 1650 2373 s.
1674 2309 1802 2373 Petro
1831 2309 1958 2375 Salis-

1125 2422 1276 2505 burgi),
1309 2421 1509 2508 Salisburgi
1541 2430 1588 2491 15.
1618 2426 1697 2491 001.
1730 2433 1808 2507 1705
1841 2439 1957 2511 natus,

1126 2545 1290 2607 absoluta
1317 2547 1494 2610 rhetorica
1522 2569 1603 2641 1720
1630 2549 1785 2613 1101111105
1812 2560 1849 2613 01
1865 2568 1953 2630 ’1721

1125 2665 1308 2749 professus
1333 2669 1552 2750 monasterii,
1583 2634 1726 2734 emenso
1751 2692 1855 2735 cursu
1880 2672 1958 2755 phi-

1125 2787 1307 2870 losophico
1324 2800 1360 2854 et
1376 2792 1577 2875 theologico
1595 2813 1644 2872 27.
1659 2791 1758 2875 Sept.
1777 2814 1856 2874 1729
1874 2816 1959 2858 neo·

1126 2919 1252 2993 mysta‚
1270 2916 1349 2992 1735
1368 2913 1555 2994 primarius
1570 2915 1860 2980 bibliothecarius
1874 2938 1958 2981 con-

1126 3031 1293 3115 stituitur,
1317 3035 1381 3097 sed
1404 3036 1569 3118 sequenti
1593 3037 1662 3100 iam
1685 3058 1778 3102 anno
1801 3012 1958 3120 philoso-

1126 3155 1245 3237 phiam
1269 3155 1304 3219 in
1325 3157 1418 3221 univ.
1435 3156 1564 3222 Salisb.
1586 3160 1714 3223 docere
1737 3161 1854 3224 iussus
1878 3182 1957 3225 eam

1126 3278 1270 3342 biennio
1283 3280 1446 3343 absolvit.
1464 3281 1570 3344 Anno
1590 3287 1668 3361 1743
1686 3282 1744 3345 die
1760 3288 1789 3347 6.
1799 3284 1887 3365 Apr.
1901 3304 1958 3347 su-

1127 3419 1250 3482 prema
1265 3422 1292 3466 s.
1309 3402 1511 3485 theologiae
1531 3404 1652 3467 laurea
1673 3406 1863 3469 decoratus
1884 3408 1956 3488 pri·

1128 3544 1222 3587 mum
1249 3524 1509 3587 controversias
1535 3524 1619 3588 fidei
1645 3526 1680 3588 in
1708 3527 1802 3589 univ.
1828 3526 1957 3593 Salisb.

1129 3644 1258 3729 docuit,
1280 3647 1344 3708 sed
1359 3646 1523 3728 sequenti
1539 3667 1632 3711 anno
1649 3658 1841 3718 vacantem
1859 3651 1958 3713 theo·

1128 3766 1247 3850 logiae
1263 3767 1406 3829 moralis
1428 3769 1632 3831 cathedram
1656 3790 1807 3832 unacum
1831 3769 1958 3834 officiis

1128 3889 1310 3952 secretarii
1349 3898 1385 3952 et
1422 3889 1680 3953 bibliothecarii
1716 3892 1958 3956 universitatis

1128 4021 1236 4092 atque
1252 4014 1298 4074 ab
1314 4031 1407 4074 anno
1424 4016 1587 4091 1748—51
1604 4013 1762 4096 religiosi
1775 4015 1959 4078 convictus

1128 4134 1286 4216 regentis
1314 4134 1482 4216 suscepit.
1507 4135 1567 4197 Ab
1594 4155 1686 4198 anno
1714 4141 1795 4215 1748
1823 4138 1958 4200 theolo-

1128 4256 1223 4340 giam
1240 4257 1479 4339 dogmaticam
1491 4257 1622 4339 docuit,
1636 4278 1741 4340 quam
1754 4259 1958 4322 cathedram

1129 4399 1221 4442 anno
1247 4383 1326 4458 1756
1347 4399 1427 4442 cum
1447 4379 1617 4443 cathedra
1639 4381 1958 4444 controversiarum

1129 4509 1344 4564 commutare
1360 4509 1507 4583 propter
1523 4501 1873 4564 suameruditionem
1890 4502 1959 4571 ius-

1129 4642 1189 4685 sus
1206 4633 1271 4705 est,
1294 4622 1422 4704 quibus
1438 4622 1608 4685 docendis
1628 4623 1735 4686 etiam
1752 4623 1958 4686 immortuus

1130 4750 1185 4804 est
1202 4763 1252 4806 22.
1268 4741 1333 4806 Iul.
1353 4745 1444 4824 1759,
1465 4761 1633 4824 magnum
1648 4762 1734 4806 suae
1751 4744 1958 4807 eruditionis

1129 4873 1166 4927 et
1180 4864 1326 4946 pietatis
1341 4862 1555 4927 desiderium
1571 4865 1782 4947 relinquens.

1216 5001 1421 5085 Sequuntur
1437 5003 1509 5065 eius
1526 5003 1673 5085 scripta:

1215 5148 1239 5205 I.
1261 5147 1458 5206 Universalia.
1479 5146 1660 5224 Salisburgi,
1682 5150 1777 5224 Mayr.
1804 5164 1893 5224 1737.
1916 5149 1958 5208 8⁰.
2030 5231 2040 5244 .

1216 5270 1253 5328 11.
1273 5270 1374 5327 Prima
1393 5272 1500 5327 mentis
1512 5257 1661 5346 ¹operatio
1677 5273 1892 5331 summulistice
1908 5293 1959 5331 011·

1130 5377 1241 5451 posita.
1259 5374 1334 5432 Ibid.
1357 5389 1447 5450 1737.
1465 5375 1507 5432 8⁰.
