4208 6194
886 510 928 519 —
973 473 1055 536 LIII
1102 512 1140 521 -

138 699 273 762 Tuberi
288 701 322 780 ¹),
346 699 563 782 Mattseone,
587 719 666 762 cum
690 720 734 762 ne
758 700 795 762 id
818 699 961 781 quidem
985 700 1093 763 certis
1116 699 1335 782 argumentis
1357 699 1503 781 probari
1525 700 1657 781 possit,
1689 721 1750 764 eas
1779 701 1878 782 Ipsas

137 838 333 904 exstitisse.
378 839 504 921 Neque
536 832 658 902 tamen
687 838 833 901 dubium
865 837 1008 901 videtur
1039 858 1135 920 esse,
1166 839 1250 921 quin
1280 838 1424 901 ineunte
1455 838 1598 901 saeculo
1629 857 1723 901 nono
1753 839 1789 902 in
1822 839 1877 902 his

138 996 281 1058 quoque
304 977 530 1041 monasteriis
552 978 696 1041 scholae
718 977 861 1059 fuerint,
885 997 965 1041 cum
989 997 1035 1039 ex
1059 977 1248 1058 capitulari
1272 976 1388 1040 Caroli
1412 976 1536 1059 Magni
1552 978 1574 1057 2)
1604 977 1639 1039 in
1662 997 1877 1060 unoquoque

138 1115 355 1179 monasterio
379 1117 537 1178 scholam
561 1135 641 1179 esse
665 1124 861 1196 oporteret,
888 1115 925 1177 in
948 1135 1018 1197 qua
1041 1115 1142 1197 pueri
1166 1114 1344 1178 discerent
1371 1116 1546 1197 psalmos,
1578 1124 1681 1178 notas
1712 1115 1876 1196 musicas,

138 1264 293 1334 cantum,
315 1253 431 1317 fastos
453 1273 585 1335 sacros,
608 1255 877 1337 grammaticam
891 1257 927 1335 ³).
965 1254 1098 1317 Verum
1127 1267 1183 1318 est
1212 1254 1335 1337 igitur,
1362 1256 1458 1336 quod
1487 1254 1610 1317 scribit
1639 1253 1876 1318 Schwarzius:

140 1392 248 1474 „Man
270 1392 367 1454 kann
391 1391 584 1474 eigentlich
607 1393 642 1455 in
662 1394 763 1474 jeder
779 1393 1160 1457 Benedictiner-Abtei
1177 1393 1256 1456 eine
1273 1391 1403 1457 Schule
1420 1394 1629 1475 annehmen,
1654 1393 1877 1476 wenngleich

137 1529 174 1591 in
198 1530 368 1593 mancher
390 1550 456 1592 nur
479 1551 521 1593 zu
546 1531 667 1595 Zeiten
692 1533 763 1594 und
786 1531 822 1595 in
845 1532 1009 1615 wenigen
1027 1530 1306 1615 Gegenstiinden
1331 1532 1565 1595 unterrichtet
1585 1533 1707 1594 wurde
1730 1533 1802 1595 und
1819 1533 1878 1595 bei

138 1668 282 1731 weitem
307 1669 405 1732 nicht
428 1669 497 1732 alle
522 1670 591 1732 den
615 1670 753 1733 Namen
776 1669 874 1732 einer
898 1668 1028 1733 Schule
1053 1670 1245 1733 erhielten“
1262 1671 1297 1750 ⁴).

270 1809 515 1889 Docebantur,
544 1819 583 1871 ut
606 1809 642 1872 in
666 1809 854 1890 capitulari
877 1808 994 1872 Caroli
1017 1809 1158 1892 Magni,
1193 1810 1289 1891 quod
1319 1828 1427 1891 supra
1460 1809 1592 1872 dictum
1625 1817 1694 1889 est,
1726 1809 1879 1892 legimus

143 1955 303 2029 „septem
341 1946 508 2009 liberales
546 1947 663 2011 artes“
700 1947 734 2010 in
770 1947 912 2011 trivium
952 1958 988 2011 et
1023 1947 1246 2029 quadrivium
1281 1947 1428 2012 divisae.
1479 1947 1638 2010 Trivium
1672 1947 1880 2011 continebat

139 2087 410 2166 grammaticam
432 2089 465 2168 (a
482 2107 552 2168 qua
567 2087 766 2169 praemissa
780 2087 924 2170 legendi
940 2086 1190 2169 scribendique
1205 2097 1282 2150 arte
1299 2087 1418 2169 coepit
1433 2085 1631 2168 institutio),
1655 2086 1878 2168 rhetoricam,

140 2224 384 2298 dialecticam;
416 2194 638 2307 quadrivium
669 2227 726 2289 vel
755 2226 992 2308 quadruplum
1019 2226 1262 2309 geometriam,
1294 2225 1553 2288 arithmeticam
1580 2225 1878 2306 -computandi

140 2370 254 2424 artem
270 2363 392 2445 digitis
409 2365 597 2444 docebant,
618 2375 726 2446 atque
742 2367 856 2427 abaco
872 2365 1072 2445 utebantur,
1085 2365 1206 2426 tabula
1223 2384 1331 2427 arena
1347 2382 1542 2444 conspersa
1557 2399 1600 2410 -
1615 2364 1877 2444 astronomiam,

141 2501 325 2564 musicam.

272 2639 437 2702 Docendi
459 2641 550 2704 ratio
573 2642 782 2723 plerumque
798 2643 887 2703 haec
904 2649 991 2721 erat,
1014 2652 1054 2703 ut
1069 2660 1158 2703 voce
1174 2641 1449 2725 explicarentur,
1469 2662 1561 2724 quae
1578 2652 1679 2705 erant
1694 2642 1879 2723 tradenda,

142 2797 295 2859 cumque
318 2778 387 2840 rari
412 2789 533 2842 essent
555 2779 650 2859 libri,
683 2799 749 2842 nec
772 2780 839 2842 nisi
862 2799 993 2862 magno
1015 2780 1131 2860 pretio
1155 2789 1374 2862 constarent,
1405 2800 1536 2863 pueros
1568 2781 1744 2862 permulta
1776 2801 1879 2863 opor-

142 2919 244 2979 tebat
267 2916 430 2980 versibus
452 2917 528 2981 fere
553 2919 751 3001 composita
779 2918 960 3001 magistris
988 2918 1205 2981 dictantibus
1236 2919 1404 3000 excipere
1434 2930 1542 3001 atque
1573 2919 1723 3002 singulis
1754 2920 1881 2982 diebus

142 3056 304 3139 singulas
328 3057 522 3137 particulas
545 3058 736 3120 memoriae
759 3058 979 3137 mandares).

273 3194 382 3276 Libri,
405 3195 466 3277 qui
482 3196 517 3258 in
533 3215 599 3258 usu
616 3206 727 3277 erant,
752 3216 799 3259 ex
814 3204 918 3277 parte
935 3204 1037 3258 erant
1052 3194 1169 3275 iidem,
1194 3195 1253 3276 qui
1270 3195 1306 3257 in
1320 3194 1565 3257 Romanorum
1581 3195 1713 3257 scholis
1727 3195 1879 3276 fuerant,

141 3344 182 3396 ut
205 3331 397 3416 Satyricon
419 3334 592 3397 Marciani
615 3335 726 3397 Minei
749 3334 880 3397 Felicis
903 3333 1087 3417 Capellae,
1120 3334 1215 3415 quod
1245 3333 1338 3397 circa
1369 3352 1400 3397 a.
1425 3352 1489 3412 470
1517 3333 1649 3396 editum
1678 3334 1759 3415 plus
1786 3333 1881 3396 mille

142 3491 256 3535 annos
271 3481 462 3553 manserat,
478 3473 733 3555 grammaticae
748 3473 892 3555 Donati,
909 3472 1081 3536 Prisciani
1094 3471 1130 3555 ⁶),
1154 3472 1312 3535 Dindimi
1329 3483 1365 3536 et
1380 3471 1633 3555 Hugoccionis,
1660 3473 1726 3556 „de
1742 3483 1881 3554 septem

142 3610 302 3673 artibus“
328 3610 542 3693 Cassiodori,
568 3632 647 3695 „ars
670 3611 848 3675 dictandi“
874 3613 932 3674 vel
958 3613 1023 3695 „de
1040 3611 1261 3674 institutione
1278 3611 1477 3674 divinarum
1493 3573 1710 3674 litterarum“
1728 3610 1880 3690 Boethii,

143 3749 375 3834 Etymologia
397 3750 525 3813 Isidori
548 3751 709 3832 episcopi
733 3750 969 3833 Hispalensis,
995 3749 1096 3811 Beda
1119 3749 1355 3831 Venerabilis,
1378 3750 1569 3832 Euclydes,
1594 3749 1662 3814 alii.

277 3887 423 3952 Summa
447 3888 673 3970 detrimenta,
706 3908 799 3971 quae
830 3887 1046 3951 monasteria
1069 3907 1115 3949 ex
1137 3887 1390 3971 Hungarorum
1413 3887 1673 3951 incursionibus
1702 3896 1881 3969 ceperant,

145 4029 273 4090 eadem
298 4028 334 4090 in
357 4028 498 4091 scholas
520 4029 779 4110 redundarunt,
809 4037 848 4090 ut
870 4048 941 4090 una
964 4027 1223 4108 relinqueretur
1245 4025 1446 4110 Salisburgi
1474 4028 1520 4089 ad
1544 4047 1570 4089 s.
1595 4027 1759 4107 Petrum,
1792 4045 1884 4107 quae

144 4168 262 4229 altera
286 4166 432 4230 dimidia
454 4176 557 4249 parte
581 4166 714 4229 saeculi
738 4165 866 4229 decimi
889 4185 955 4247 per
971 4164 1224 4228 Chunibertum
1241 4163 1522 4247 sangallensem,
1547 4163 1756 4228 Sindfritum
1780 4163 1884 4226 alios-

144 4325 215 4387 que
246 4307 360 4368 claros
390 4307 554 4370 doctores
578 4307 696 4368 denuo
720 4305 884 4367 effloruit.
931 4303 1063 4368 Secuta
1094 4313 1150 4366 est
1179 4304 1305 4366 laetior
1328 4314 1446 4385 aetas,
1479 4323 1525 4365 ex
1556 4324 1626 4385 quo
1650 4303 1884 4386 congregatio

279 4516 300 4596 ¹)
324 4519 493 4593 Bergmann
517 4517 534 4574 Ι.
560 4536 586 4575 c.

280 4629 303 4709 2)
326 4631 392 4686 Lex
415 4650 442 4686 a.
469 4629 530 4704 789
554 4629 633 4706 apud
657 4630 754 4696 Perta,
779 4629 911 4684 Monum.
936 4627 1039 4683 Germ.
1063 4627 1141 4700 Leg.

280 4740 304 4821 ³)
328 4742 473 4810 Theium,
498 4742 683 4799 Geschichte
708 4740 763 4797 der
785 4740 963 4815 geistlichen
987 4738 1290 4813 Bildungsanstalten.

280 4852 303 4933 ⁴)
327 4854 479 4923 Schuetz,
503 4853 777 4928 Erziehungslehre
801 4854 823 4908 Ι.

280 4964 304 5045 5)
329 4968 422 5042 Mayr,
448 4967 633 5025 Geschichte
657 4965 713 5022 der
735 4967 885 5039 geistigcn
910 4964 1024 5021 Cultur.

279 5076 303 5158 6)
663 5079 741 5150 „Die
766 5077 874 5135 besten
897 5077 946 5133 die
969 5079 1023 5132 wir
1046 5095 1083 5132 an
1107 5076 1311 5133 Grammaticis
1334 5076 1401 5142 han,

664 5190 719 5246 daz
743 5209 806 5247 was
831 5190 969 5247 anaitus
993 5189 1051 5245 und
1074 5190 1226 5246 Prisciin:

663 5303 859 5360 Aristarchus
883 5322 951 5359 man
974 5321 1033 5358 von
1058 5303 1143 5358 rehte
1167 5302 1212 5358 sol

663 5415 759 5472 under
782 5416 830 5473 die
853 5414 960 5473 besten
984 5415 1088 5471 zehlen
1113 5414 1200 5471 wol.“
1398 5408 1574 5489 (Thomasin
1598 5433 1658 5471 von
1681 5411 1845 5491 Zirclaria.)
