4178 6196
918 471 966 558 ἦ
1027 447 1096 519 179
1148 471 1199 545 ,-

185 640 262 696 Msn.
280 654 321 712 54
339 635 375 719 (1)
399 657 465 696 cum
485 640 562 714 sign.
580 637 657 716 BsK.
677 639 699 694 l.
721 634 747 709 β.
769 652 795 704 1,
815 635 1019 695 bibliothecae

186 740 334 818 Raigrad.

274 848 349 904 Eius
371 847 642 923 correspondentia
666 866 722 904 nec
743 866 802 905 non
823 861 891 904 acta
911 847 945 904 C.
963 847 981 902 i.
999 845 1017 903 6

170 945 172 949 ’
185 953 299 1009 archivi
317 952 525 1010 adservantur.

272 1062 486 1138 Heisterer
506 1075 621 1138 Beda
643 1077 676 1156 (a
696 1095 723 1138 s.
745 1077 871 1139 Petro
889 1075 1017 1140 Salis-

184 1190 333 1274 burgi),
351 1192 514 1256 Bavarus
531 1213 577 1256 ex
592 1194 745 1278 Palling,
762 1205 867 1258 natus
884 1199 913 1258 5.
927 1195 1016 1277 Apr.

189 1317 280 1395 1828,
301 1313 430 1377 studiis
446 1315 710 1378 humanioribus
726 1316 924 1400 Frisingae,
940 1308 1017 1399 phi-

185 1435 379 1516 losophicis
422 1436 602 1500 Monachii
648 1439 819 1501 absolutis
861 1439 1017 1502 novitius

184 1577 234 1619 21.
256 1557 346 1621 Nov.
366 1562 457 1641 1860,
477 1557 669 1643 presbyter
686 1561 869 1624 ordinatus
885 1566 936 1624 31.
952 1563 1016 1626 Iul.

187 1683 280 1762 1864,
297 1680 455 1743 sollemn.
470 1681 563 1745 votis
580 1681 718 1745 emissis
741 1704 792 1762 ²4·
811 1681 910 1767 Sept.
936 1688 1014 1747 1865

182 1821 303 1864 curam
327 1802 522 1867 animarum
546 1805 581 1866 in
604 1804 789 1888 Abtenau,
817 1807 1016 1888 Annaberg

182 1923 270 1986 etin
288 1925 392 1987 Plain
408 1926 576 2008 suscepit.
601 1925 767 2009 Scripsit:

270 2051 292 2108 1.
319 2052 377 2108 Die
401 2050 645 2119 Sabbat·Feier,
671 2052 760 2111 oder:
789 2055 939 2125 „Brancht
963 2054 1017 2111 der

182 2155 327 2212 Katholik
351 2158 404 2212 mit
429 2156 483 2213 der
507 2156 734 2232 Heilighaltung
758 2157 812 2214 der
835 2157 933 2214 Sonn·
957 2159 1016 2215 und

181 2259 206 2314 F
207 2260 344 2334 eiertage
361 2279 394 2317 es
407 2261 543 2318 wirklich
561 2261 642 2318 nicht
659 2281 694 2318 so
711 2281 808 2337 genau
825 2283 860 2318 zu
878 2264 1014 2328 nehmen.

181 2366 238 2419 wie
255 2383 288 2420 es
306 2365 354 2422 die
372 2367 485 2422 Kirche
500 2363 677 2441 verlangt?“
702 2363 732 2445 (i.
750 2386 776 2424 e.
793 2365 889 2425 Sacra
905 2366 1015 2426 sabba·

181 2470 240 2526 tica
256 2469 294 2526 de
312 2468 519 2528 celebratione
536 2470 650 2528 dierum
667 2469 835 2550 festorum.)
856 2469 1014 2548 Salzburg,

182 2574 335 2630 Zaunrith.
359 2573 448 2647 1876.
466 2574 508 2631 8⁰.
525 2589 565 2648 47
584 2595 613 2651 p.

268 2678 304 2735 11.
322 2678 563 2756 Primizpredigt,
576 2679 719 2755 gehalten
731 2680 780 2738 bei
793 2679 847 2736 der
861 2681 948 2737 Feier
961 2681 1014 2738 des

181 2795 283 2839 ersten
300 2782 340 2839 hl.
357 2783 545 2859 Messopfers
567 2783 621 2840 des
641 2784 758 2840 hochw.
776 2785 876 2841 Herrn
892 2783 1014 2843 Simeon

179 2886 347 2962 Hutzinger
370 2906 417 2944 am
443 2903 492 2961 29.
515 2888 569 2944 Iul.
597 2887 676 2962 1877
701 2891 731 2944 in
754 2889 808 2945 der
823 2888 1014 2947 Wallfahrts·

179 2969 285 3048 kirche
303 2993 398 3049 Maria
415 2992 507 3048 Plain.
525 2990 554 3070 (i.
568 3012 595 3050 e.
613 2993 721 3049 Oratio
738 2994 892 3050 sollemnis
909 2997 937 3051 in
953 2997 1014 3071 pri·

178 3098 269 3174 mitiis
284 3094 408 3176 habita.)
421 3096 582 3173 Salzburg,
596 3099 748 3155 Zaunrith.
766 3097 857 3172 1877.
874 3099 917 3157 8⁰.
932 3114 969 3172 23
983 3120 1013 3177 p.

267 3207 563 3283 Helferstorfer
596 3220 818 3285 othmarus
845 3223 871 3285 Ι.
901 3222 1012 3305 (Sco-

177 3336 347 3418 tensis),
372 3339 578 3401 monasterii
602 3340 643 3401 Β.
669 3340 717 3403 Μ.
737 3341 781 3405 V.
810 3343 857 3404 ad
885 3341 1013 3406 Scotos

178 3449 341 3512 Viennae
365 3470 406 3513 ac
431 3472 457 3514 s.
484 3450 668 3535 Stephani,
692 3455 788 3538 regis
815 3457 1011 3540 apostolici,

179 3572 223 3633 de
237 3572 353 3655 Telky
371 3572 406 3635 in
422 3572 610 3657 Hungaria
626 3577 739 3639 abbas
754 3576 897 3661 LXVI.,
915 3579 1011 3642 vitae

177 3694 296 3756 lumen
312 3694 401 3757 adiit
417 3696 544 3760 Baden
559 3717 672 3780 prope
688 3698 864 3764 Viennam
885 3701 942 3763 die
963 3723 1010 3780 19.

175 3816 238 3880 Iul.
261 3820 352 3899 1810,
374 3816 522 3900 Caspari
542 3839 670 3883 nomen
690 3821 726 3883 in
746 3841 773 3885 s.
794 3823 1011 3904 baptismate

176 3939 344 4020 adeptus.
382 3939 545 4003 Honesto
573 3961 615 4004 ac
642 3953 851 4023 pervetusto
877 3964 1010 4026 genere

176 4059 363 4143 oriundus,
395 4062 603 4142 parentibus
639 4067 807 4127 utebatur
840 4066 1009 4150 ruricolis,

176 4183 236 4263 qui
258 4181 405 4247 filiolum
426 4184 582 4267 optimae
605 4186 731 4249 indolis
752 4189 797 4250 ad
813 4187 1009 4252 litterarum

175 4305 332 4367 studium
360 4305 537 4370 Viennam
566 4310 759 4375 adduxere.
798 4308 1010 4376 Grammati-

176 4445 253 4489 cam
281 4427 392 4510 igitur
421 4448 500 4490 cum
528 4431 793 4494 humanioribus
820 4431 947 4495 litteris
974 4434 1009 4496 in

176 4568 203 4612 c.
231 4569 258 4613 r.
285 4551 474 4632 gymnasio
507 4553 553 4613 ad
584 4550 712 4615 Scotos
748 4555 895 4637 egregio
930 4575 1009 4619 cum

175 4670 339 4753 profectu
357 4674 507 4736 edoctus
525 4693 567 4735 ac
585 4673 833 4755 philosophiae
856 4676 1009 4760 discipli·

174 4794 228 4857 nis
255 4795 291 4856 in
320 4796 415 4859 univ.
436 4796 590 4860 Vindob.
615 4797 841 4862 laudabiliter
868 4801 1009 4864 absolu-

174 4906 229 4989 tis,
251 4926 331 4969 cum
356 4928 383 4973 s.
400 4908 440 4972 P.
458 4930 490 4972 n.
509 4910 696 4973 Benedicti
712 4912 844 4975 ordinis
860 4914 906 4976 ad
924 4911 1009 4977 Sco·

173 5037 229 5091 tos
257 5029 457 5094 tirocinium
484 5042 642 5115 peteret,
673 5053 744 5096 non
768 5042 839 5096 tam
864 5054 1009 5118 suscep·

174 5159 230 5215 tus
248 5171 354 5234 quam
370 5152 542 5217 invitatus
559 5164 623 5217 est.
645 5155 771 5238 Itaque
789 5157 845 5218 die
863 5177 913 5221 20.
928 5156 1006 5222 Oct.

177 5279 256 5338 1828
274 5274 366 5338 inter
382 5275 509 5339 fratres
526 5277 680 5341 novitios
696 5290 911 5362 numeratus,
927 5301 1008 5365 pro·

122 5442 126 5449 .
171 5396 327 5460 bationis
359 5408 522 5479 tempore
554 5400 695 5483 elaps0,
727 5411 812 5464 vota
846 5403 1007 5466 sollemni

1097 633 1167 694 ritu
1191 631 1410 712 nuncupavit
1432 631 1490 693 die
1516 651 1566 692 21.
1588 629 1691 693 Mart.
1718 633 1809 692 1832.
1838 628 1927 694 Con·

1098 764 1272 816 summato
1289 754 1426 816 interea
1442 771 1547 815 cursu
1563 751 1764 834 theologico
1780 750 1816 815 in
1832 752 1927 852 univ,

1097 876 1261 956 Vindob.,
1284 876 1454 938 sacerdos
1470 884 1658 957 cooptatus
1679 882 1734 937 est
1754 875 1812 938 die
1828 895 1855 938 s.
1872 875 1927 938 Ia·

1098 997 1177 1060 cobi
1198 1000 1276 1060 1833
1295 997 1480 1078 tribusque
1497 996 1623 1058 diebus
1636 1006 1718 1076 post
1731 997 1789 1059 die
1802 1001 1852 1061 28.
1862 998 1926 1062 Iul.

1098 1119 1256 1184 eiusdem
1283 1119 1366 1183 anni
1396 1118 1587 1182 sacerdotii
1611 1118 1665 1181 sui
1691 1118 1865 1201 primitias
1891 1120 1927 1185 in

1097 1242 1248 1306 ecclesia
1279 1242 1443 1305 asceterii
1474 1242 1678 1304 celebravit.
1709 1242 1927 1327 Neomystae

1096 1364 1195 1428 varia
1211 1365 1339 1428 deinde
1353 1384 1499 1427 munera
1512 1365 1703 1447 adsignata
1715 1376 1806 1429 sunt.
1823 1367 1926 1430 Post-

1097 1507 1203 1568 quam
1230 1487 1322 1549 enim
1354 1491 1520 1550 1833-35
1544 1487 1694 1550 alumnis
1722 1489 1926 1552 cantoribus

1097 1609 1291 1671 educandis
1303 1608 1467 1691 praefuit,
1484 1611 1530 1671 ab
1543 1628 1636 1671 anno
1651 1613 1729 1672 1835
1744 1619 1925 1674 strenuum

1097 1730 1171 1813 egit
1188 1730 1222 1793 in
1239 1731 1407 1813 parochia
1420 1731 1601 1794 claustrali
1616 1741 1776 1796 curatum
1793 1742 1829 1796 et
1845 1752 1926 1796 con·

1097 1854 1323 1935 donatorem,
1333 1854 1433 1917 cuius
1445 1855 1480 1917 in
1494 1854 1615 1936 primis
1627 1853 1715 1918 mira
1727 1855 1761 1917 in
1775 1855 1925 1919 dicendo

1096 1995 1160 2057 pro
1178 1995 1204 2038 s.
1218 1975 1448 2039 concionibus
1468 1976 1627 2039 suavitas
1643 1977 1831 2041 coniuncta
1847 1997 1925 2040 cum

1095 2097 1274 2180 gravitate
1297 2098 1519 2161 laudabatur.
1549 2097 1628 2180 Quo
1648 2119 1792 2173 munere
1812 2120 1925 2182 usque

1054 2211 1057 2294 l
1095 2221 1141 2283 ad
1166 2221 1258 2283 diem
1287 2243 1312 2283 1.
1338 2221 1425 2303 Apr.
1452 2225 1531 2301 1842
1557 2231 1704 2303 retente,
1729 2231 1850 2303 partes
1872 2223 1925 2286 bi·

1094 2342 1316 2405 bliothecarii
1340 2362 1433 2406 anno
1460 2347 1540 2406 1838
1567 2353 1754 2425 susceptas
1778 2345 1924 2428 egregie

1094 2466 1208 2548 gessit
1216 2468 1524 2547 usqueadannum
1539 2470 1629 2528 1861.
1643 2465 1723 2548 Qua
1735 2466 1769 2530 in
1782 2467 1924 2549 provin-

1095 2587 1150 2651 cia
1175 2589 1368 2651 collocatus
1388 2589 1466 2669 ipse
1490 2589 1658 2651 librorum
1679 2591 1923 2674 peritissimus

1094 2709 1228 2790 mirum,
1246 2730 1351 2791 quam
1367 2711 1459 2772 bene
1473 2710 1518 2772 de
1531 2710 1747 2774 bibliotheca
1760 2712 1925 2776 asceterii

1093 2831 1271 2912 meruerit,
1295 2852 1374 2895 cum
1396 2842 1601 2914 comparata
1621 2853 1751 2915 magna
1774 2835 1923 2914 optimo-

1093 2975 1170 3017 rum
1185 2954 1352 3017 librorum
1373 2955 1477 3036 copia
1500 2962 1574 3017 tum
1597 2954 1789 3037 praecipue
1813 2957 1848 3019 in
1869 2977 1923 3020 or-

1094 3076 1212 3139 dinem
1229 3076 1383 3139 redactis
1395 3077 1611 3140 voluminum
1626 3078 1767 3140 milibus
1783 3078 1858 3142 fere
1870 3100 1921 3158 40.

1093 3199 1192 3262 Idem
1223 3198 1405 3279 professor
1434 3199 1599 3262 classium
1629 3201 1860 3264 humanarum
1888 3201 1923 3265 in

1093 3342 1122 3384 c.
1135 3343 1161 3385 r.
1178 3322 1366 3405 gymnasio
1380 3323 1425 3385 ad
1439 3321 1567 3386 Scotos
1584 3342 1663 3385 cum
1680 3323 1816 3386 interea
1829 3344 1922 3387 anno

1097 3450 1174 3523 1842
1194 3445 1402 3527 designatus
1419 3455 1525 3526 esset,
1542 3445 1599 3508 die
1612 3450 1664 3508 31.
1677 3445 1751 3508 Mai
1768 3450 1847 3524 1845
1862 3447 1922 3508 de·

1092 3567 1245 3629 claratus
1261 3577 1315 3629 est
1331 3567 1558 3630 concionator
1578 3567 1715 3630 aulicus
1736 3587 1922 3631 summam-

1092 3708 1161 3769 que
1178 3708 1224 3751 ex
1240 3708 1283 3751 eo
1295 3708 1439 3752 munere
1452 3690 1593 3752 laudem
1606 3690 1673 3752 sibi
1690 3691 1844 3774 collegit,
1860 3691 1921 3773 ita,

1091 3820 1131 3874 ut
1148 3810 1204 3873 die
1221 3815 1267 3874 15.
1280 3810 1353 3873 Mai
1371 3815 1451 3890 1854
1469 3812 1644 3893 capellani
1657 3832 1798 3895 quoque
1817 3813 1922 3875 aulici

1091 3933 1143 3996 tit.
1162 3933 1372 4016 dignitatem
1388 3934 1435 3997 sit
1451 3936 1614 4018 adeptus.
1630 3934 1737 3998 Domi
1749 3952 1835 3998 vero
1847 3956 1922 3998 mu·

1091 4075 1157 4119 nus
1182 4058 1381 4120 addebatur
1404 4058 1553 4131 muneri;
1582 4057 1717 4140 quippe
1742 4058 1802 4139 qui
1829 4078 1921 4121 anno

1090 4180 1195 4241 modo
1213 4179 1308 4242 dicto
1320 4180 1485 4261 subprior
1497 4180 1661 4244 asceterii
1675 4190 1710 4243 et
1727 4184 1806 4243 1856
1819 4200 1920 4263 gym-

1089 4300 1180 4364 nasii
1207 4302 1252 4364 ad
1280 4300 1408 4365 Scotos
1435 4303 1589 4366 director
1617 4273 1827 4385 designatus
1855 4312 1918 4366 est.

1089 4423 1249 4487 Tandem
1269 4424 1305 4486 in
1324 4425 1542 4507 amplissimo
1558 4425 1702 4488 honoris
1719 4424 1920 4507 dignitatis-

1090 4566 1159 4628 que
1167 4548 1282 4629 gradu
1292 4548 1485 4610 collocatus
1499 4557 1568 4610 est:
1584 4546 1814 4630 Sigismundo
1828 4546 1920 4609 enim

1090 4670 1221 4731 abbate
1242 4668 1299 4731 die
1324 4690 1349 4732 1.
1365 4669 1469 4734 Mart.
1492 4673 1568 4731 1861
1590 4679 1739 4750 mortuo,
1764 4668 1920 4732 unanimi

1088 4789 1236 4852 fratrum
1252 4810 1426 4853 consensu
1448 4792 1506 4854 die
1531 4812 1577 4854 10.
1594 4792 1683 4874 Apr.
1705 4795 1782 4855 1861
1805 4793 1919 4854 abbas

1089 4912 1258 4975 canonice
1275 4913 1410 4976 electus
1426 4914 1555 4995 dieque
1573 4913 1784 4996 insequente
1799 4913 1919 4977 infulis

1088 5032 1351 5115 pontificalibus
1373 5036 1557 5100 redimitus
1584 5047 1649 5099 est.
1681 5036 1728 5099 Et
1751 5038 1919 5118 quemad·
1980 5088 1981 5092 ,

1088 5157 1230 5219 modum
1251 5157 1321 5219 iam
1345 5167 1450 5221 antea
1472 5159 1634 5222 omnibus
1657 5158 1693 5221 in
1716 5158 1919 5222 muneribus

1087 5279 1255 5363 gerendis
1287 5299 1507 5344 communem
1543 5289 1681 5345 tantum
1716 5281 1918 5345 monasterii

1087 5402 1306 5486 fratrumque
1337 5413 1563 5484 spectaverat
1592 5404 1760 5487 salutern,
1791 5405 1843 5470 ita
1872 5407 1918 5468 ad

1654 5511 1705 5570 23*
