4178 6196
906 444 1191 516 -345-

175 637 226 695 28.
244 631 306 694 Iul.
326 635 417 714 1763,
434 631 572 714 ingenti
593 642 709 694 terrae
726 641 823 694 motu
838 651 909 694 una
927 651 1007 694 cum

175 755 332 837 capitulo
348 765 384 816 et
396 754 613 817 bibliotheca
625 753 660 816 in
673 753 914 818 fundamentis
924 774 1007 818 con-

175 897 281 940 cussa
297 877 449 940 ecclesia
465 897 615 959 magnas
628 877 762 959 egisset
775 877 891 958 rimaS,
906 897 1006 959 quas,

174 1011 214 1061 ut
237 1010 430 1081 repararet,
454 1019 549 1061 mors
573 1007 800 1080 praematura
821 999 1006 1081 praeposi-

174 1134 268 1204 tum,
303 1122 392 1184 alias
427 1123 473 1184 de
504 1121 720 1184 monasterio
756 1133 877 1184 nostro
913 1123 1006 1184 hene

174 1243 348 1326 meritum,
366 1244 557 1325 prohibuit.
589 1242 739 1307 Sublimi
759 1243 934 1326 dignitate
955 1243 1006 1306 in·

175 1368 343 1450 signitus,
369 1366 531 1448 quamvis
555 1367 746 1428 innumeris
771 1375 843 1429 tam
864 1368 1006 1448 provin·

175 1488 334 1570 cialibus,
353 1509 457 1571 quam
474 1488 679 1552 domesticis
692 1488 846 1570 negotiis
859 1488 1006 1569 impedi·

175 1622 233 1676 tus
256 1633 297 1675 ac
317 1612 518 1693 implicatus
535 1623 641 1693 esset,
659 1612 923 1693 Bonaventura,
944 1611 1007 1674 vix

175 1737 351 1816 crederes,
368 1735 522 1797 animum
538 1756 560 1797 a
576 1734 704 1797 studiis
716 1754 895 1816 nunquam
911 1754 1006 1798 amo-

174 1857 237 1921 vit.
260 1857 355 1920 Dum
372 1857 475 1938 enim,
496 1857 546 1919 rei
564 1856 814 1937 diplomaticae
835 1842 1007 1938 peritissi-

174 2000 253 2042 mus
270 1988 306 2041 et
323 1979 357 2041 in
373 1981 440 2042 hac
458 1978 607 2041 scientia
623 1979 709 2040 nulli
722 1978 777 2041 sui
789 1979 869 2040 aevi
882 1997 1006 2040 secun-

176 2103 252 2183 duS,
277 2103 387 2164 totius
411 2099 701 2183 congregationis
725 2099 908 2163 secretarii
933 2120 1006 2163 mu-

174 2243 258 2286 nere
271 2222 498 2306 fungehatur,
508 2243 577 2285 non
591 2232 727 2286 tantum
738 2223 792 2285 sui
801 2222 1007 2286 monasterii

174 2347 364 2410 sedetiam
385 2347 533 2409 aliorum
555 2346 716 2410 ordinum
740 2345 776 2408 in
797 2346 945 2408 Boemia
970 2356 1006 2407 et

174 2469 336 2531 Moravia
363 2469 599 2532 bibliothecas
631 2480 667 2531 et
698 2467 842 2531 archiva
869 2467 1006 2557 lynceis

174 2592 458 2672 perlustraverat
475 2592 596 2673 oculiS,
613 2603 649 2654 et
666 2591 770 2654 exiis
786 2592 938 2673 plurima
951 2591 1006 2655 lit·

174 2712 304 2777 teraria
321 2714 412 2777 eruit
429 2722 657 2776 monumenta
673 2715 846 2777 hactenus
862 2713 1005 2795 inedita,

173 2857 244 2899 non
257 2847 390 2898 temere
401 2845 437 2898 et
446 2845 553 2917 prout
566 2855 643 2899 sors
657 2835 831 2898 offerebat
844 2837 1005 2916 collecta,

173 2961 237 3022 sed
251 2971 389 3022 maturo
403 2960 567 3021 examine
580 2959 723 3022 selecta.
739 2957 834 3021 Dum
843 2958 1006 3021 Viennae

173 3083 316 3165 agentis
332 3091 455 3163 partes
468 3083 628 3165 gerebat,
642 3081 796 3144 virorum
811 3083 1005 3162 doctorum,

172 3205 366 3287 praecipue
384 3205 557 3268 illustriss
575 3207 666 3269 dom.
684 3205 832 3268 Antonii
844 3205 1005 3268 Thaulov

1089 629 1335 714 ,Monasticon
1350 628 1597 698 Moraviense“
1619 648 1682 691 seu
1701 627 1916 712 „Historiam

1087 751 1242 814 omnium
1264 752 1558 815 monasteriorum
1574 752 1759 814 Moraviae
1781 772 1803 814 a
1821 770 1916 814 saec.

1087 873 1281 937 XI-XIV
1297 894 1410 956 usque
1421 874 1669 937 fundatorum“
1686 894 1821 938 summo
1837 895 1917 937 cum
1943 960 1948 968 0

1086 996 1208 1058 labore
1225 996 1356 1078 condit,
1379 996 1665 1079 doctissimisque
1681 998 1917 1062 adnotationi-

1086 1120 1154 1181 bus
1175 1118 1337 1183 illustrat.
1361 1119 1422 1182 Ad
1443 1120 1728 1201 diplomatarium
1745 1121 1916 1184 Boiimiae

1087 1261 1228 1304 manum
1244 1253 1372 1324 postea
1385 1244 1567 1316 admovet3
1584 1215 1739 1305 ast'dum
1756 1245 1914 1325 pretioso

1086 1363 1168 1427 huic
1185 1364 1284 1446 operi
1300 1363 1406 1428 finem
1422 1376 1534 1447 parat,
1557 1385 1640 1452 ecee
1661 1367 1774 1429 labori
1794 1366 1916 1430 immo·

1087 1487 1182 1550 ritur.
1208 1488 1316 1550 Febri
1333 1489 1425 1551 enim
1442 1499 1625 1572 quartana,
1642 1510 1663 1552 a
1677 1512 1747 1572 qua
1763 1511 1801 1553 se
1817 1491 1917 1554 bien·

1086 1609 1144 1671 nio
1156 1609 1309 1673 liberare
1322 1630 1391 1673 non
1404 1611 1528 1694 potuit,
1541 1612 1717 1694 laborans,
1727 1613 1821 1677 vires
1829 1634 1917 1696 pau·

1086 1731 1185 1794 latim
1215 1734 1423 1795 decrescere
1454 1733 1723 1809 animadvertit;
1759 1738 1917 1800 remedia

1087 1854 1365 1936 exquisitissima
1377 1866 1569 1939 tentantur,
1580 1857 1799 1939 ingravescit
1810 1860 1917 1925 febri-

1086 1977 1129 2040 lis
1149 1989 1280 2060 aestus,
1301 1979 1555 2042 recrudescunt
1572 1982 1712 2044 dolores
1729 1993 1765 2047 et
1782 1983 1915 2048 diutius

1086 2098 1129 2161 iis
1149 2101 1360 2182 gravissime
1382 2101 1606 2166 conflictatus
1629 2107 1817 2170 succubuit
1840 2119 1917 2170 tan·

1088 2222 1168 2283 dem
1195 2222 1448 2286 Bonaventura
1479 2228 1711 2290 sacramentis
1741 2230 1916 2293 ecclesiae

1087 2343 1253 2425 munitus,
1274 2345 1393 2408 XVII.
1411 2348 1495 2411 Kal.
1512 2349 1603 2412 Iunii
1625 2352 1688 2431 (15.
1705 2351 1803 2434 Maii)
1824 2372 1916 2415 anno

1087 2485 1113 2527 s.
1141 2471 1229 2548 1764,
1254 2468 1383 2531 aetatis
1406 2488 1492 2532 suae
1516 2474 1566 2551 56,
1593 2473 1686 2534 etin
1710 2484 1837 2556 crypta
1860 2496 1916 2539 ec·

1087 2588 1217 2651 clesiae
1244 2592 1503 2654 monasterialis
1534 2613 1600 2674 per
1626 2595 1717 2658 dom.
1746 2598 1914 2660 abbatem

1087 2713 1405 2776 Zabrdovicensem
1426 2717 1607 2798 sepelitur.
1630 2719 1672 2781 In
1694 2719 1751 2781 die
1771 2721 1913 2801 deposi-

1086 2837 1191 2899 tionis
1222 2839 1398 2918 parochus
1424 2839 1847 2922 Magno-Niemdicensis
1879 2854 1915 2907 et

1085 2958 1324 3023 vicedecanus
1349 2961 1522 3044 Iosephus
1545 2962 1679 3027 Petseh
1706 2966 1913 3029 concionem

1086 3080 1178 3144 dixit
1214 3084 1281 3144 sub
1312 3083 1432 3147 titulo:
1470 3085 1649 3165 „Holkost
1685 3087 1913 3170 nejhoidejsl“

1087 3204 1276 3283 (acerbitas
1292 3206 1534 3287 acerbissima)
1556 3209 1648 3271 inter
1667 3210 1733 3273 Ms.
1751 3211 1835 3274 bibl.
1852 3231 1914 3274 no·

173 3329 217 3389 de
243 3327 459 3409 Rosenthal,
488 3326 645 3409 supremi
668 3347 697 3390 c.
720 3347 746 3389 r.
774 3326 908 3390 archivi
932 3338 956 3390 t.
981 3337 1004 3388 t.
1044 3296 1047 3402 Ι
1085 3335 1181 3387 strae
1205 3325 1308 3407 (Msn.
1327 3331 1398 3391 555.
1424 3327 1522 3412 Sign.
1543 3330 1572 3391 F
1575 3332 1636 3408 JK.
1658 3332 1702 3395 ΙΙ.
1724 3334 1750 3408 β.
1775 3334 1826 3415 23)
1853 3336 1914 3395 ad·

174 3448 350 3532 praefecti
377 3451 494 3533 gratia
519 3461 554 3514 et
579 3449 792 3513 auctoritate
815 3449 928 3512 fretus
953 3449 1005 3512 in·

173 3572 349 3655 signique,
362 3594 428 3655 per
440 3575 590 3635 eundern
603 3574 648 3634 ad
662 3573 778 3635 aulam
789 3571 1004 3635 transmissis

171 3695 300 3757 litteris
314 3695 622 3777 commendatitiis,
636 3715 664 3756 c.
674 3716 700 3758 r.
711 3695 881 3758 Boemiae
894 3694 1004 3757 histo-

171 3818 354 3900 riographi
375 3818 478 3880 titulo
494 3819 683 3880 decoratus
690 3867 699 3900 ,
724 3817 859 3881 aditum
883 3820 930 3880 ad
951 3818 1004 3880 bi·

169 3940 385 4003 bliothecam
402 3960 495 4004 caes.
513 3940 618 4003 facile
634 3940 702 4002 sibi
718 3940 907 4024 patefecit,
931 3961 1004 4004 om-

171 4063 231 4124 nia
246 4062 321 4124 fere
343 4061 438 4124 illius
453 4062 520 4125 Ms.
541 4062 782 4145 perlustravit,
807 4083 852 4125 ex
877 4063 928 4126 eis
952 4063 1002 4125 in-

171 4205 332 4266 numera,
353 4184 566 4267 antiquitate
583 4186 802 4268 veneranda,
827 4187 872 4248 ad
894 4186 1003 4249 histo·
1094 4252 1096 4257 ⁴

171 4307 259 4369 riam
298 4307 467 4369 Boemiae
506 4317 541 4368 et
578 4306 763 4371 Moraviae
801 4309 1002 4390 spectantia

172 4429 363 4511 excerpsit,
389 4449 430 4491 ac
449 4429 606 4511 ,priorem
624 4430 693 4492 iam
710 4431 915 4512 opulentam
931 4431 1001 4494 col-

171 4551 361 4615 lectionem
372 4552 476 4614 valde
488 4551 651 4615 dilatavit
660 4562 695 4615 et
705 4553 814 4615 auxit.
829 4553 888 4615 Ad
901 4571 1002 4635 prae-

172 4673 369 4754 posituram
392 4673 569 4756 Raigrad.
593 4674 736 4737 tandem
765 4685 911 4737 evectus
939 4674 1002 4737 im-

171 4815 329 4858 mensam
353 4798 444 4859 hanc
471 4815 585 4858 rerum
611 4797 839 4860 collectarum
863 4797 1001 4879 copiam

170 4919 207 4980 in
235 4928 370 4982 certum
401 4919 560 4981 ordinem
589 4919 753 5002 redigere
781 4920 1000 5003 aggreditur.

171 5039 323 5105 Selectis
345 5042 466 5123 itaque
492 5042 746 5123 diplomatibus
774 5063 913 5125 regum,
939 5044 1002 5105 du·

171 5183 250 5226 cum
272 5173 308 5226 et
323 5164 564 5227 marchionum
580 5164 775 5247 Moraviae,
797 5184 842 5227 ss.
860 5163 1001 5247 pontifi-

1084 3458 1272 3512 Servatam.

1171 3605 1340 3688 Sequitur
1356 3608 1520 3690 omnium,
1541 3611 1617 3673 sive
1639 3612 1707 3675 iam
1729 3614 1912 3698 editorum,

1084 3728 1170 3809 sive,
1181 3729 1247 3790 nisi
1257 3750 1350 3792 mors
1360 3731 1516 3793 consiliis
1525 3732 1796 3819 intercessisset,
1806 3740 1914 3801 eden·

1084 3852 1207 3914 dorum
1223 3872 1296 3915 rev.
1311 3854 1401 3916 dom.
1420 3854 1695 3921 Bonaventurae
1715 3859 1814 3923 Piter
1829 3880 1913 3943 ope-

1082 3994 1158 4037 rum
1175 3977 1375 4058 catalogus:

1111 4149 1147 4231 a)
1164 4149 1270 4212 Prelo
1287 4151 1458 4232 subiecta,
1476 4152 1511 4216 in
1527 4153 1642 4217 lucem
1658 4155 1881 4236 prodierunt:

1170 4313 1191 4368 I.
1210 4312 1283 4369 Hlas
1300 4332 1338 4369 na
1354 4316 1481 4389 visosti.
1498 4315 1641 4372 Naiikini
1653 4334 1671 4371 a
1684 4316 1772 4374 elate
1785 4317 1910 4376 Rachel.

1082 4413 1110 4495 (i.
1125 4434 1151 4473 e.
1165 4418 1267 4474 Voces
1282 4421 1412 4493 gemitus
1429 4416 1565 4498 Rachel.)
1589 4421 1614 4477 V
1634 4421 1747 4478 Hradci
1770 4423 1910 4481 Kralove.

1087 4519 1176 4594 1778.
1202 4521 1245 4579 8⁰.
1278 4523 1312 4578 ln
1339 4538 1443 4580 nostra
1470 4523 1542 4582 bibl.
1567 4524 1666 4593 deest,
1691 4540 1858 4602 conceptus
1881 4530 1911 4584 in

1081 4627 1163 4683 arch.
1180 4628 1268 4684 Biev.
1287 4627 1342 4684 sub
1360 4629 1392 4685 C.
1410 4630 1446 4686 X.
1469 4643 1516 4701 13.

1168 4760 1205 4816 ΙΙ.
1223 4761 1323 4816 Pietas
1340 4758 1540 4819 benedictina.
1558 4762 1702 4830 Veneriis,
1723 4777 1814 4838 1751,
1831 4763 1910 4841 apud

1081 4863 1103 4919 I.
1121 4865 1208 4939 Bapt.
1225 4863 1363 4921 Albrizzi.
1381 4866 1413 4921 In
1430 4880 1534 4923 nostra
1550 4865 1622 4924 bibl.
1640 4867 1696 4925 sub
1708 4868 1761 4926 Bu.
1775 4883 1847 4943 905.
1865 4867 1909 4928 8⁰.

1081 4966 1144 5041 39⁶
1162 4987 1191 5044 o·

1168 5101 1221 5157 III.
1246 5084 1362 5158 Rehole
1388 5100 1445 5158 neb
1466 5103 1563 5161 zilron
1584 5123 1629 5160 sv.
1646 5104 1725 5163 Otce
1741 5106 1911 5165 Benedilrta

1081 5219 1183 5282 opata,
1206 5206 1251 5263 te'l
1270 5205 1340 5281 jeho
1361 5210 1451 5264 livor.
1474 5204 1503 5286 (i.
1523 5227 1549 5264 e.
1572 5209 1690 5284 Regula
1706 5224 1736 5267 et
1751 5214 1813 5268 vita
1835 5231 1859 5269 s.
1877 5213 1909 5270 P.

172 5305 250 5348 cum
267 5286 382 5368 bullis,
403 5287 553 5369 aliisque
570 5289 615 5349 ad
632 5307 706 5350 rem
723 5286 1002 5350 eeclesiasticam
1081 5308 1257 5389 Benedicti.)
1279 5312 1306 5368 v
1322 5312 1409 5380 ssfng,
1431 5311 1521 5386 1700,
1539 5314 1696 5388 Vytiltena
1712 5336 1730 5372 u
1747 5316 1910 5375 Emanuele

171 5408 434 5492 spectantibus,
457 5411 582 5473 horum
603 5410 816 5474 auctoritate
838 5409 1001 5475 suffultus
1040 5360 1044 5474 i
1081 5415 1237 5492 Svobody.
1255 5418 1307 5474 Bn.
1329 5416 1440 5492 19716.
1459 5417 1501 5476 8⁰.
1520 5433 1582 5493 ²24
1598 5439 1628 5496 p.

1541 5533 1685 5608 Ι41
