4178 6196
631 1491 728 1636 os
766 1553 1131 1636 birsellum
1167 1553 1421 1637 sroous.

962 1855 1066 1920 CAP.
1091 1856 1117 1920 I.

307 2049 369 2167 id,
402 2088 497 2169 quod
528 2088 761 2149 mandaverat
792 2086 975 2167 discipulis
1007 2085 1080 2148 suis
1111 2085 1243 2147 ordinis
1274 2106 1300 2148 s.
1329 2095 1468 2168 auctor,
1500 2097 1539 2148 ut
1570 2086 1676 2148 certis
1707 2085 1777 2148 diei
1808 2086 1905 2150 horis

170 2246 319 2309 operam
347 2228 474 2288 darent
500 2225 664 2308 legendis
695 2236 730 2287 et
760 2224 1019 2308 cognoscendis
1050 2243 1077 2286 s.
1102 2223 1305 2306 scripturis,
1336 2224 1537 2288 necessario
1569 2224 1704 2306 effecit,
1735 2235 1774 2287 ut
1806 2225 1905 2288 insti-

172 2375 359 2429 tuerentur
381 2363 620 2427 bibliothecae
644 2373 680 2427 et
703 2363 903 2426 colerentur
925 2372 1021 2425 artes
1045 2371 1082 2426 et
1104 2362 1254 2426 litterae.
1333 2447 1335 2450 Α

304 2503 497 2567 Clarissimi
535 2502 697 2586 magistri
733 2504 954 2565 voluntatem
991 2501 1179 2584 diligenter
1217 2501 1329 2563 secuti
1368 2502 1550 2584 discipuli,
1592 2502 1652 2582 qui
1688 2502 1831 2567 fuerunt
1869 2503 1905 2566 in

174 2641 324 2724 imperio
348 2641 796 2724 Austriaco·HungaricO,
825 2639 895 2702 iam
926 2642 972 2702 ab
1003 2639 1256 2721 antiquissimis
1286 2640 1506 2721 temporibus
1538 2660 1650 2722 usque
1680 2644 1725 2704 ad
1749 2652 1906 2705 nostram

173 2782 377 2845 memoriam
402 2780 529 2842 studiis
552 2780 748 2842 litterarum
766 2789 802 2842 et
817 2779 953 2842 artibus
970 2779 1123 2841 maxime
1140 2779 1267 2842 intenti
1290 2788 1401 2841 erant.
1432 2779 1523 2841 Nam
1546 2790 1585 2843 ut
1609 2781 1644 2842 in
1668 2782 1764 2864 agris
1788 2783 1905 2844 colen·

175 2920 229 2981 dis
252 2921 303 2982 ita
334 2919 369 2981 in
401 2919 599 2981 excolendo
630 2918 773 3001 ingenio
805 2917 1083 2981 vetustissimum
1113 2917 1367 2980 monasterium
1398 2918 1444 2980 ad
1479 2937 1506 2981 s.
1530 2918 1676 2982 Petrum
1706 2918 1904 3002 Salisburgi

174 3057 324 3140 primum
348 3057 518 3120 vexillum
541 3057 678 3140 artium,
702 3066 741 3119 ut
764 3055 922 3138 dicimus,
946 3057 1138 3120 constituit.
1184 3056 1263 3137 Quo
1286 3056 1322 3119 in
1345 3056 1559 3120 monasterio
1584 3056 1732 3120 Carolus
1754 3075 1905 3140 magnus

176 3197 368 3277 imperator
391 3206 431 3259 ut
453 3197 488 3258 in
512 3196 640 3259 ceteris
656 3197 847 3278 opulentae
864 3195 1084 3259 Franconiae
1108 3196 1331 3259 monasteriis
1354 3198 1510 3260 studium
1533 3197 1727 3260 litterarum
1752 3196 1904 3260 maxime

176 3334 285 3398 auxit.
330 3334 500 3397 Praebuit
531 3335 621 3397 enim
650 3334 746 3397 socio
778 3334 937 3397 eruditae
970 3335 1169 3397 sodalitatis
1200 3355 1301 3416 suae,
1325 3336 1462 3398 Arnoni
1493 3336 1614 3399 abbati
1645 3337 1837 3400 Elnonensi
1869 3337 1904 3399 in

176 3474 386 3555 Brabantia,
416 3474 474 3555 qui
498 3485 575 3538 erat
598 3473 783 3536 clarissimi
805 3472 965 3556 magistri
996 3473 1138 3537 Alcuini
1169 3473 1362 3556 discipulus
1394 3483 1430 3537 et
1458 3474 1605 3557 amicus,
1636 3479 1696 3554 785
1725 3475 1906 3538 abbatiam

176 3615 221 3675 ad
245 3632 272 3674 s.
296 3613 442 3675 Petrum
465 3633 534 3675 una
558 3633 637 3675 cum
661 3632 822 3676 connexo
846 3614 1056 3695 episcopatu
1078 3611 1352 3695 Salisburgensi,
1378 3613 1447 3694 qui,
1471 3622 1510 3675 ut
1533 3613 1687 3677 studium
1710 3614 1907 3677 litterarum

176 3750 376 3833 Salisburgi
403 3751 472 3813 iam
505 3754 551 3813 ab
581 3761 808 3814 antecessore
834 3751 986 3834 Virgilio
1002 3752 1024 3834 ¹)
1056 3753 1187 3813 abbate
1215 3760 1251 3814 et
1282 3751 1453 3833 episcopo
1482 3750 1662 3832 inceptum
1690 3752 1839 3815 celerius
1871 3761 1907 3814 et

176 3889 380 3972 diligentius
418 3890 607 3970 coleretur,
646 3890 834 3970 plurimum
873 3890 1030 3954 contulit.
1076 3889 1211 3951 Eodem
1245 3889 1391 3951 Amone
1429 3899 1574 3951 auctore
1613 3889 1827 3952 monasterio
1861 3892 1906 3953 ad

176 4048 202 4090 s
219 4028 365 4090 Petrum
380 4025 580 4110 Salisburgi
604 4048 683 4090 cum
706 4029 827 4091 schola
848 4028 949 4111 regia
972 4027 1089 4091 Caroli
1109 4027 1234 4109 Magni
1255 4046 1373 4089 rerum
1396 4028 1443 4088 ad
1458 4036 1685 4090 monumenta
1709 4037 1744 4089 et
1767 4028 1904 4090 litteras

176 4167 414 4248 spectantium
444 4166 645 4229 intercessit
676 4167 923 4231 commercium
959 4176 1066 4248 atque
1097 4167 1173 4230 eius
1205 4167 1347 4229 scholae
1378 4166 1518 4229 litterae
1551 4178 1590 4231 ut
1620 4167 1909 4250 Evangeliarium

177 4305 383 4369 Cutberchti
398 4306 420 4386 2)
456 4306 500 4367 de
532 4317 639 4388 gente
672 4305 1042 4389 Angelo-Saxonum,
1078 4307 1238 4370 Annales
1273 4305 1477 4369 monasterii
1510 4304 1826 4387 Lindisfarnensis,
1862 4307 1907 4366 ab

178 4445 330 4508 Alcuino
366 4446 412 4506 ad
447 4446 563 4506 aulam
598 4445 733 4527 regiam
765 4445 1018 4509 Franconicam
1050 4446 1195 4527 perlati,
1228 4443 1474 4526 Salisburgum
1510 4455 1591 4506 sunt
1626 4444 1754 4507 missae
1789 4444 1910 4525 ibique

177 4583 277 4646 initia
308 4593 409 4646 erant
441 4582 771 4647 commentariorum
785 4586 829 4666 ³),
860 4605 949 4667 quos
980 4585 1093 4647 seduli
1124 4585 1286 4647 monachi
1318 4585 1354 4646 in
1384 4583 1597 4646 monasterio
1630 4584 1676 4644 ad
1707 4604 1733 4644 S.
1764 4583 1910 4645 Petrum

178 4722 342 4784 viventes
366 4720 593 4802 scripserunt.
633 4720 832 4805 Salisburgi
856 4743 920 4804 per
943 4723 1137 4806 Wizonem,
1162 4723 1304 4786 Alcuini
1328 4723 1548 4803 discipulum,
1573 4722 1672 4783 Arno
1696 4720 1910 4804 singularem

179 4861 337 4922 scholam
360 4859 448 4921 artis
471 4859 649 4922 scribendi
673 4880 781 4922 causa
804 4861 1002 4942 constituit,
1027 4879 1118 4943 quae
1141 4862 1223 4942 plus
1246 4881 1352 4943 quarn
1376 4859 1433 4922 CL
1456 4860 1652 4939 volumina,
1678 4879 1769 4940 quae
1793 4859 1912 4921 omnia

310 5175 332 5255 ¹)
357 5174 390 5232 S.
406 5177 551 5250 Virgilius
577 5177 804 5248 ,Glossarium‘⁴
832 5179 991 5253 scripsisse
1014 5189 1144 5251 putatur.
1176 5178 1243 5243 Pez,
1269 5177 1298 5232 T
1300 5177 1416 5232 hesaur.
1441 5176 1579 5232 anecdot.
1605 5177 1627 5232 Ι.

309 5287 332 5368 ²)
356 5289 438 5356 Folz,
463 5288 645 5346 Geschichte
669 5289 723 5346 der
746 5288 929 5363 Salzburger
951 5287 1170 5345 Bibliotheken.

309 5400 334 5479 3)
359 5403 554 5459 Nominantur
577 5401 615 5459 ab
639 5401 777 5459 omnibus
805 5400 928 5458 annales
955 5402 1137 5458 luvavenscs
1166 5401 1305 5456 maiores
1338 5398 1383 5457 Cl.
1408 5402 1509 5469 Pertz,
1541 5401 1673 5458 Monum.
1698 5401 1800 5458 Germ.
1825 5417 1865 5455 ss
1891 5400 1914 5453 l.
