4178 6196
1005 491 1080 560 450
1137 514 1181 521 --

172 681 275 753 parte
293 682 328 735 et
345 682 481 753 ornata,
503 681 542 734 ut
563 672 676 734 cuivis
698 674 776 735 urbi
798 675 908 735 decus
926 693 1005 736 esse
1087 685 1122 735 et
1138 675 1277 755 pertica
1294 695 1372 737 curn
1390 676 1486 756 spira
1507 689 1673 739 movente
1696 679 1921 743 coniunctae.

172 796 295 877 possit.
325 796 593 856 Monumentum
618 804 736 855 autem
762 793 932 856 indefessi
955 795 1005 855 la·
1086 795 1185 858 Haec
1213 797 1309 877 spira
1332 817 1494 879 movens,
1520 819 1611 879 quae
1634 808 1790 862 attracta
1813 812 1850 862 et
1871 801 1921 863 in·

171 918 267 979 boris
289 928 325 979 et
346 917 542 979 acutissimi
564 915 697 998 ingenii
714 935 796 977 aere
813 916 1005 996 perennius
1085 928 1189 980 tensa
1198 919 1440 1000 globimotum
1450 919 1560 983 efficit
1573 921 1730 984 inferiori
1743 923 1823 985 axis
1836 925 1920 1004 polo

172 1039 240 1100 sibi
258 1038 381 1121 exegit
399 1037 547 1120 ,globo“
562 1058 698 1098 summa
714 1046 791 1099 arte
809 1046 1003 1118 exstructo,
1085 1041 1225 1101 adnexa
1253 1052 1289 1102 et
1318 1043 1486 1122 capsulae
1517 1043 1670 1124 inclusa,
1699 1045 1783 1106 dum
1811 1054 1920 1108 attra-

172 1162 276 1242 quia
302 1161 388 1223 viris
413 1161 629 1222 doctissimis
653 1160 819 1221 laudatus
842 1159 1003 1240 planiore
1084 1164 1200 1224 hendo
1225 1163 1435 1245 intenditur,
1459 1176 1598 1246 septem
1624 1166 1920 1229 circumactiones

172 1283 411 1363 descriptione
429 1282 557 1363 dignus
574 1291 644 1343 est:
670 1279 807 1342 Globus
819 1280 886 1361 hic,
905 1281 1004 1342 cuius
1043 1240 1045 1347 i
1084 1284 1254 1366 admittit,
1280 1306 1427 1366 quarum
1451 1307 1521 1348 una
1545 1286 1677 1350 sufficit
1700 1289 1746 1350 ad
1770 1290 1918 1370 globum

173 1405 345 1467 diameter
361 1414 416 1466 est
437 1426 484 1482 1·4
498 1404 610 1485 metri,
628 1414 663 1466 et
680 1403 780 1466 cuius
797 1401 1003 1484 superficies
1042 1356 1045 1489 i
1084 1424 1149 1485 per
1160 1415 1233 1467 tres
1243 1406 1319 1467 dies
1331 1409 1637 1481 commovendum;
1652 1407 1763 1490 igitur
1776 1419 1916 1490 septem

173 1531 222 1588 6¹2
242 1536 432 1589 metrorum
449 1528 712 1607 quadratorum,
730 1525 798 1586 iam
812 1543 905 1586 anno
924 1527 1004 1584 1800
1043 1496 1046 1571 ἶ
1085 1525 1203 1605 spirae
1221 1528 1325 1589 huius
1343 1528 1686 1610 circumactionibuS,
1705 1530 1741 1591 id
1760 1541 1826 1612 est,
1844 1532 1919 1614 ple·

174 1649 329 1712 construi
356 1658 504 1729 coeptus
526 1659 589 1711 est.
620 1648 800 1709 Internum
823 1647 898 1708 eius
923 1667 1004 1727 spa·
1043 1626 1046 1699 Ι
1085 1648 1139 1709 nis
1162 1649 1281 1728 spirae
1298 1649 1433 1712 viribus
1454 1650 1612 1731 intensiS,
1637 1653 1766 1734 globus
1791 1674 1858 1734 per
1879 1675 1914 1716 21

173 1773 259 1835 tium
275 1773 418 1854 penitus
435 1772 541 1833 meris
558 1771 703 1832 orbibus
719 1769 848 1851 ligneis
865 1787 930 1849 per
947 1787 1004 1830 co·
1043 1714 1046 1831 i
1086 1769 1162 1830 dies
1191 1771 1377 1832 continuos
1405 1783 1657 1836 commovetur.
1693 1773 1762 1854 Qui
1791 1784 1917 1856 motus,

172 1895 333 1956 lumellas
346 1894 439 1956 inter
451 1913 489 1954 se
504 1891 700 1955 coniunctis
710 1892 924 1970 completum
939 1898 1003 1951 est.
1043 1908 1046 1947 ι
1086 1891 1168 1971 quia
1184 1893 1396 1973 regulariter
1418 1894 1560 1975 incedit,
1583 1896 1812 1958 mechanismi
1835 1899 1918 1959 arti·

173 2015 389 2097 Superficies
413 2034 476 2076 seu
500 2015 739 2075 velamentum
763 2012 862 2094 globi
886 2032 933 2073 ex
955 2013 1005 2073 la·
1043 1962 1046 2083 i
1085 2011 1202 2074 ficium
1228 2014 1424 2093 perfectum
1450 2016 1664 2079 manifestat.
1695 2015 1822 2097 Spirae
1847 2039 1918 2080 mo·

172 2139 276 2200 minis
295 2138 424 2220 ligneis
451 2137 616 2198 tenuibus
641 2133 803 2197 consistit
828 2144 863 2195 et
889 2152 1005 2194 massa
1043 2088 1046 2187 i
1085 2133 1183 2195 venti
1199 2135 1361 2215 proxime
1378 2137 1548 2199 adhaeret
1569 2139 1693 2219 rotula,
1719 2139 1754 2200 in
1775 2141 1917 2201 modum

173 2269 337 2322 cretaeea
371 2259 624 2340 pumiceaque·
641 2257 778 2340 glutine
816 2256 1005 2317 coniuncta
1043 2280 1046 2289 ³
1085 2257 1205 2317 annuli
1226 2256 1410 2338 ingeniose
1433 2278 1513 2321 eum
1537 2259 1572 2321 in
1592 2259 1697 2322 finem
1720 2260 1855 2342 addita,
1881 2272 1918 2323 ut

174 2383 329 2461 illinitur,
350 2382 528 2463 levigatur
550 2389 586 2443 et
607 2380 747 2461 politur.
772 2379 890 2440 Prima
914 2377 1004 2440 diffi-
1085 2378 1182 2458 spira
1199 2378 1277 2458 ipsa
1294 2400 1338 2441 ne
1354 2381 1666 2444 vehementissimo
1684 2382 1828 2464 quidem
1846 2383 1918 2446 ictu

174 2507 289 2567 cultas
314 2514 507 2585 conspecta
531 2513 602 2589 est,
635 2523 713 2564 cum
742 2503 870 2584 globus
902 2501 1005 2562 meri·
1086 2509 1146 2561 aut
1163 2501 1388 2564 concutiente
1402 2503 1536 2584 impetu
1552 2504 1645 2565 laedi
1658 2504 1824 2587 frangive
1836 2526 1918 2586 pos-

175 2628 280 2688 diano
297 2636 333 2688 et
351 2625 410 2687 axi
426 2626 650 2688 insereretur.
675 2624 756 2686 Una
773 2644 818 2685 ex
835 2632 937 2704 parte
954 2622 1004 2684 in·
1085 2622 1141 2683 sit.
1158 2623 1188 2683 T
1191 2632 1270 2685 otus
1287 2623 1345 2685 ille
1358 2625 1618 2687 mechanismus
1631 2626 1822 2689 artificiose
1835 2647 1918 2690 con·

173 2749 317 2811 clinatio
330 2748 432 2809 nimis
445 2767 576 2829 magna
589 2746 776 2827 gravitatis
790 2755 1004 2806 momentum
1085 2753 1240 2806 structus
1261 2765 1388 2807 novem
1408 2746 1533 2808 rotulis
1556 2758 1707 2812 constat.
1740 2747 1815 2812 Sed
1837 2769 1917 2810 auc-

172 2871 438 2933 vitiosissimum
461 2878 547 2931 erat.
572 2869 725 2930 Tentata
741 2867 883 2929 diverso
900 2867 1004 2928 modo
1043 2862 1045 2927 l
1085 2878 1150 2947 tor,
1169 2866 1302 2928 maiora
1319 2868 1515 2949 intendens,
1539 2871 1688 2932 necdum
1711 2870 1917 2933 inventione

174 2992 399 3074 reparatione
423 2990 515 3071 vitii,
541 2990 575 3051 in
597 2998 698 3070 parte
720 2989 854 3050 leviore
875 2988 1004 3049 lamina
1043 2944 1045 3069 Ι
1086 3008 1149 3049 sua
1166 2999 1364 3070 contentuS,
1390 2991 1495 3053 etiam
1520 2992 1603 3053 anni
1626 2992 1702 3054 dies
1724 3004 1760 3054 et
1776 3013 1918 3056 menses

174 3115 342 3194 plumbea
358 3113 501 3193 inserta,
525 3112 559 3174 in
580 3120 683 3192 parte
705 3110 872 3191 opposita
887 3108 1005 3190 perfo·
1042 3102 1045 3171 l
1085 3120 1121 3172 et
1138 3119 1254 3172 terrae
1271 3121 1403 3173 motum
1425 3113 1555 3174 circum
1578 3115 1686 3175 solem
1704 3113 1817 3176 voluit
1839 3114 1918 3177 illu-

173 3234 557 3312 rationibusadhibitis,
568 3232 759 3295 difficultas
772 3241 1004 3312 estsuperata
1042 3188 1045 3307 i
1085 3231 1198 3293 strari.
1228 3232 1332 3293 Hunc
1355 3233 1390 3294 in
1413 3232 1518 3295 finem
1544 3234 1633 3296 alter
1656 3235 1918 3296 mechanismus

174 3371 210 3421 et
226 3334 355 3440 globus
372 3358 407 3419 in
420 3356 615 3419 meridiano
627 3355 742 3417 ferreo
756 3355 886 3417 circum
899 3373 1003 3415 axem
1084 3354 1249 3415 inventus
1262 3365 1298 3415 et
1307 3354 1480 3435 superiori
1489 3357 1572 3436 polo
1587 3355 1665 3416 axis
1674 3355 1773 3438 globi
1785 3355 1917 3418 affixus

174 3502 274 3542 suum
293 3480 519 3543 conformiter
539 3490 700 3540 movetur
724 3479 815 3539 intra
837 3477 1003 3538 annulum
1084 3484 1148 3537 est.
1172 3476 1241 3538 Hic
1258 3476 1433 3538 cernimus
1449 3478 1539 3538 duos
1555 3479 1661 3538 orbes
1676 3478 1833 3541 numeris
1850 3478 1917 3539 cir-

174 3603 330 3684 ligneum
352 3604 430 3683 15¹s2
449 3602 735 3664 centimetrorum
756 3599 943 3661 latitudine
968 3607 1004 3660 et
1042 3620 1044 3693 p
1085 3597 1328 3678 cumscript05,
1343 3618 1490 3679 quorum
1505 3619 1594 3661 unus
1606 3600 1722 3680 horas,
1735 3601 1828 3661 alter
1840 3599 1917 3662 dies

174 3725 491 3786 2centimetrorum
505 3723 751 3785 crassitudine.
773 3720 910 3783 Globus
924 3740 1002 3782 cum
1041 3700 1044 3815 J
1085 3728 1120 3781 et
1147 3739 1287 3781 menses
1319 3720 1462 3782 indicat.
1501 3718 1619 3802 Supra
1646 3722 1710 3783 hos
1738 3730 1793 3783 est
1821 3722 1917 3783 linea

172 3847 303 3908 annulo
321 3857 356 3907 et
372 3845 566 3907 meridiano
587 3844 710 3906 nititur
731 3844 901 3906 columnis
918 3864 1003 3924 qua·
1041 3820 1043 3944 f
1084 3841 1259 3922 ecliptica,
1277 3842 1451 3922 zodiacus,
1466 3842 1557 3904 intra
1570 3863 1674 3924 quem
1688 3852 1782 3905 terra
1796 3863 1916 3906 move-

172 3982 252 4032 tuor
267 3967 407 4050 ligneiS,
425 3988 516 4048 quae
534 3968 625 4028 inter
646 3986 683 4028 se
705 3966 918 4028 transversis
939 3985 1004 4046 per
1041 4014 1043 4081 ,
1084 3972 1139 4024 tur
1156 3974 1191 4024 et
1208 3963 1307 4024 cuius
1325 3974 1483 4025 centrum
1507 3965 1559 4026 sol
1582 3973 1646 4026 est.
1671 3965 1772 4045 Quae
1797 3965 1916 4027 omnia

172 4112 311 4153 crucem
338 4090 526 4152 asserculis
554 4089 763 4151 coniunctae
791 4097 827 4149 et
855 4086 1002 4149 inferius
1040 4126 1042 4173 ,
1084 4084 1915 4168 conformiconiunctionecumgloboduodecim

172 4214 296 4276 rotulis
314 4234 359 4275 ex
376 4213 552 4274 orichalco
566 4212 611 4274 ad
625 4213 837 4273 movendum
853 4211 1002 4271 instrue·
1040 4232 1042 4305 4
1083 4207 1207 4267 rotulis
1230 4207 1367 4269 ratione
1390 4207 1631 4268 diversissima
1657 4208 1749 4270 inter
1771 4228 1810 4270 se
1833 4228 1916 4270 con·

173 4347 232 4397 tae
264 4347 355 4398 sunt.
395 4335 528 4415 Quinta
556 4335 732 4413 columna,
762 4333 889 4394 ceteris
917 4352 1002 4412 qua·
1040 4316 1042 4353 ³
1084 4328 1186 4389 nexis
1203 4327 1404 4391 efficiuntur
1425 4339 1498 4390 tam
1519 4328 1705 4410 ingeniosa
1727 4339 1763 4392 et
1785 4341 1915 4392 exacta

173 4457 299 4537 druplo
324 4456 492 4538 crassior,
525 4455 802 4517 mechanismum
834 4455 1000 4536 continet,
1040 4458 1042 4543 i
1083 4451 1274 4531 mensione,
1297 4462 1336 4512 ut
1352 4470 1399 4512 ex
1416 4470 1485 4532 quo
1507 4451 1636 4532 globus
1659 4450 1718 4512 ille
1741 4463 1914 4532 movetur,

173 4587 311 4659 partem
351 4578 460 4640 totius
502 4577 621 4658 operis
665 4575 1001 4657 artificiosissimam,
1040 4571 1042 4641 i
1084 4573 1180 4633 nulla
1193 4593 1348 4654 unquam
1361 4574 1794 4656 temporisautsignorum
1808 4574 1916 4638 inter·

174 4719 279 4780 quam
306 4700 484 4779 revelare,
517 4699 627 4760 invito
656 4708 801 4761 auctore
825 4699 864 4760 P.
890 4698 1001 4760 Adal-
1040 4688 1042 4759 i
1084 4695 1180 4756 cidat
1207 4694 1416 4758 differentia.
1452 4697 1577 4778 ltaque
1606 4716 1759 4777 superne
1786 4696 1822 4759 in
1846 4698 1914 4759 hoc

172 4793 284 4901 bert0,
302 4820 402 4882 nefas
419 4831 524 4882 esset.
548 4818 766 4883 Difficillima
783 4821 900 4901 operis
917 4840 1001 4901 pars
1040 4782 1042 4873 i
1082 4819 1190 4899 globo
1218 4819 1343 4879 eodem
1371 4819 1541 4900 temporis
1565 4829 1743 4881 momento
1770 4828 1806 4881 et
1834 4818 1915 4900 loci,

173 4952 250 5004 erat
266 4955 438 5004 terrarum
459 4942 678 5023 mariumque
700 4942 789 5004 situs
810 4942 1001 5005 delineatio
1040 4912 1042 4977 !
1082 4940 1142 5001 ubi
1158 4941 1286 5022 globus
1299 4941 1519 5022 proponitur,
1536 4953 1572 5003 et
1585 4941 1739 5003 omnium
1755 4942 1914 5004 locorum

172 5074 280 5144 atque
303 5064 458 5146 depictio
480 5075 516 5127 et
537 5064 765 5127 mechanismi
790 5066 835 5126 ad
858 5084 1002 5126 moven·
1039 5098 1042 5169 ι
1082 5062 1172 5124 infra
1189 5068 1229 5140 34
1242 5065 1392 5144 gradum
1408 5063 1638 5145 longitudinis
1655 5074 1691 5125 et
1708 5085 1748 5142 49
1761 5066 1913 5145 gradum

174 5186 255 5246 dum
265 5187 411 5267 globum
421 5186 641 5266 compositio.
652 5185 1000 5266 Columnaemediae,
1039 5221 1041 5268 ,
1080 5184 1277 5246 latitudinis
1292 5186 1481 5248 iacentium
1495 5205 1579 5247 vere
1595 5186 1810 5249 conveniens
1825 5194 1913 5249 tem-

174 5308 291 5385 quoad
308 5328 399 5388 opus
415 5317 501 5389 erat,
520 5317 728 5390 excavatae,
746 5309 902 5371 inclusae
919 5319 1001 5370 sunt
1039 5328 1042 5415 l
1081 5327 1159 5388 pus,
1175 5307 1258 5369 item
1271 5328 1412 5370 menses
1429 5318 1465 5370 et
1482 5308 1568 5389 dies,
1583 5318 1619 5370 et
1635 5309 1789 5390 denique
1805 5309 1913 5371 etiam

173 5427 293 5506 plures
309 5430 446 5490 rotulae
463 5429 569 5491 certis
589 5430 786 5493 rationibus
807 5433 1000 5512 adaptatae
1039 5420 1042 5466 ¹
1081 5429 1178 5492 sidus
1190 5429 1336 5512 zodiaci,
1347 5430 1382 5492 in
1397 5450 1466 5512 quo
1479 5431 1593 5493 solum
1607 5441 1779 5514 movetur,
1789 5432 1912 5514 legere
