4208 6194
846 513 889 522 -
934 476 1089 538 xxxv
1134 475 1201 522 -·

142 697 332 759 Zacharias
362 700 476 761 abbas
507 720 652 763 munere
683 720 722 761 se
754 699 947 763 abdicaret.
993 701 1126 764 Verum
1158 706 1202 765 de
1231 703 1298 765 hoc
1330 722 1476 765 numero
1509 703 1628 784 excipi
1657 715 1808 785 possunt
1836 705 1882 766 ad

141 856 168 898 s.
194 836 432 918 Lambertum,
457 835 671 921 Goessense,
695 839 988 922 Nonnbergense,
1012 862 1040 905 s.
1057 840 1204 925 Georgii
1227 844 1273 905 ad
1297 842 1471 924 Li'mgsee,
1496 843 1541 904 ad
1565 863 1591 904 s.
1609 843 1754 905 Petrum
1771 842 1881 906 Salis·

141 976 256 1059 burgi,
274 995 489 1058 quamquam
505 977 562 1039 hic
576 977 729 1039 Ioannes
747 979 791 1040 de
808 976 982 1059 Staupitz,
999 978 1117 1041 fautor
1133 990 1169 1042 et
1185 980 1320 1043 amicus
1336 980 1490 1061 Lutheri,
1509 982 1747 1062 (1521—1522)
1766 982 1881 1063 digni-

141 1124 253 1177 tatem
276 1115 493 1178 abbatialem
522 1117 725 1179 obtinuerat
741 1119 774 1198 ¹),
806 1118 1136 1200 Arnoldsteinense,
1168 1119 1229 1180 ubi
1262 1120 1382 1181 rustici
1415 1119 1613 1201 evangelici
1646 1123 1814 1181 abbatem
1847 1132 1882 1182 et

142 1258 336 1318 monachos
359 1257 477 1318 studio
500 1255 684 1338 religionis
708 1257 905 1319 catholicae
934 1257 1099 1320 incensos
1122 1259 1351 1321 vehementer
1375 1259 1567 1320 vexabant.
1614 1257 1712 1320 Scoti
1741 1278 1881 1340 quoque

142 1393 442 1457 Vindobonenses
464 1394 547 1457 fidei
570 1414 678 1457 verae
702 1395 827 1475 paucis
852 1395 1014 1476 exceptis
1038 1396 1292 1459 adhaerebant.
1338 1394 1637 1476 CremifanenseS,
1662 1396 1791 1476 quibus
1815 1398 1881 1458 sub

141 1534 264 1596 Marco
280 1533 451 1596 Weinero
475 1535 607 1596 abbate
630 1534 756 1616 religio
781 1553 873 1595 nova
895 1535 1047 1613 probata
1070 1544 1157 1616 erat,
1181 1555 1265 1597 mox
1290 1536 1336 1596 ad
1353 1553 1473 1595 veram
1493 1533 1599 1595 fidem
1616 1536 1880 1615 reverterunt2).

273 1673 408 1735 Tamen
423 1672 650 1754 providentia
673 1672 794 1735 divina
818 1681 960 1735 cautum
985 1681 1071 1754 erat,
1096 1692 1141 1734 ne
1164 1675 1270 1735 arbor
1293 1674 1470 1754 quondam
1493 1673 1676 1734 fructuosa
1699 1682 1753 1735 tot
1776 1673 1882 1735 ramis

142 1811 352 1893 privaretur.
384 1811 506 1891 Atque
531 1829 608 1872 eam
632 1812 677 1872 ad
695 1829 807 1872 novos
822 1808 959 1872 fructus
977 1819 1013 1872 et
1030 1809 1263 1872 ecclesiastici
1280 1819 1316 1873 et
1333 1810 1456 1873 civiles
1473 1811 1652 1892 principes
1670 1811 1880 1892 excitarunt,

142 1949 301 2029 inprimis
330 1948 491 2029 episcopi
522 1948 689 2011 Urbanus
722 1949 948 2011 Pataviensis
982 1961 1018 2011 et
1048 1949 1224 2012 MartInus
1252 1949 1501 2013 Seccoviensis
1533 1960 1569 2011 et
1596 1950 1813 2030 Rudolphus
1836 1951 1880 2013 II.

141 2087 385 2149 Romanorum
407 2087 601 2168 imperator
624 2096 732 2168 atque
748 2087 995 2149 Ferdinandus
1019 2087 1193 2148 archidux
1210 2088 1390 2168 Austriae,
1415 2088 1473 2169 qui
1495 2098 1622 2169 postea
1638 2088 1881 2150 Romanorum

141 2226 335 2306 imperator
358 2235 500 2289 creatus
523 2234 588 2289 est.
620 2225 763 2305 Optime
787 2246 873 2288 vero
893 2226 1066 2288 Melchior
1082 2227 1212 2288 Khlesl
1235 2226 1423 2289 cardinalis
1453 2238 1488 2288 et
1511 2226 1702 2308 episcopus
1719 2227 1881 2289 Wiener-

142 2364 407 2427 neustadtensis
431 2375 558 2446 postea
575 2364 864 2426 Vindobonensis
888 2366 932 2427 de
956 2365 1080 2427 ordine
1103 2367 1228 2427 meruit
1243 2368 1277 2444 ³).

272 2504 307 2566 Is
339 2503 431 2564 enim
462 2503 604 2565 adiutus
632 2512 812 2583 potestate
840 2503 933 2565 civili
962 2504 1170 2585 religionem
1204 2504 1413 2567 catholicam
1443 2505 1614 2567 reducere
1644 2516 1792 2567 conatus
1816 2487 1881 2586 per

140 2643 293 2703 abbates
317 2640 435 2703 studio
458 2641 542 2704 fidei
566 2642 725 2723 insignes
753 2662 882 2704 nervos
911 2642 1024 2705 ordini
1056 2643 1205 2705 addidit.
1252 2643 1376 2724 Neque
1405 2644 1519 2706 minus
1548 2645 1653 2706 sedes
1683 2645 1880 2724 apostolica

140 2780 256 2842 ordini
279 2780 500 2843 restituendo
529 2800 673 2862 operam
699 2781 808 2845 dedit.
847 2780 995 2844 Carolus
1018 2780 1168 2862 Caraffa,
1192 2782 1336 2845 nuntius
1352 2782 1649 2863 Vindobonensis
1672 2783 1878 2863 Casparum,

139 2921 309 2981 abbatem
325 2918 578 3000 Mellicensem,
601 2938 643 2981 eo
659 2920 819 3000 adduxit,
845 2932 882 2982 ut
899 2922 1049 2982 abbates
1067 2920 1316 2982 archiducatus
1334 2920 1514 2983 Austriaci
1536 2925 1614 2982 1618
1639 2921 1673 2982 in
1691 2921 1875 2983 consilium

140 3069 370 3140 convocaret,
394 3058 430 3121 in
454 3078 523 3139 quo
549 3059 843 3139 „constitutiones
869 3060 1102 3122 Austriacae“
1127 3062 1173 3121 ab
1198 3060 1366 3138 Achazi0,
1390 3059 1507 3140 priore
1532 3057 1728 3139 Garstcnsi,
1758 3061 1879 3121 adum·

139 3199 265 3260 bratae
282 3198 316 3258 in
334 3197 628 3259 consultationem
642 3197 844 3260 veniebant.
869 3198 949 3261 Hae
961 3218 1047 3260 vero
1064 3199 1335 3261 constitutiones
1352 3199 1505 3260 reiectae
1522 3209 1613 3277 sunt,
1632 3219 1710 3260 cum
1727 3199 1878 3260 abbates

140 3336 367 3418 Augustinus
391 3336 597 3399 Pittrichius
621 3335 805 3400 Scotensis
838 3346 874 3398 et
903 3336 1082 3418 Casparus
1105 3337 1287 3400 Plautzius
1311 3336 1634 3419 Seitenstettensis,
1667 3336 1818 3398 eximius
1851 3357 1877 3398 s.

139 3474 287 3556 regulae
317 3474 511 3557 interpres,
544 3475 587 3537 iis
620 3476 895 3557 refragarentur.
942 3476 1076 3537 Tamen
1109 3476 1249 3539 Caraffa
1279 3476 1423 3538 nuntius
1455 3476 1597 3557 Incepto
1629 3496 1697 3537 non
1730 3476 1878 3554 destitit,

140 3615 289 3695 eiusque
313 3634 423 3696 opera
451 3614 533 3693 162'4
555 3617 712 3677 secunda
736 3614 970 3696 congregatio
993 3613 1210 3676 Mellicensis
1234 3615 1414 3694 convenit,
1446 3633 1537 3693 quae
1565 3614 1773 3694 plerumque
1797 3633 1879 3675 con-

140 3752 307 3835 gregatio
323 3752 516 3814 Austriaca
540 3754 751 3835 nommetur,
776 3754 812 3815 in
838 3774 909 3834 qua
932 3765 1070 3834 partem
1091 3756 1273 3815 habebant
1296 3753 1499 3833 Mellicium,
1525 3751 1769 3835 Gottwigium,
1794 3752 1881 3817 Sco·

139 3901 258 3953 torum
281 3890 611 3953 Vindobonensium
635 3893 898 3973 monasterium,
924 3892 1044 3955 Cellae
1067 3892 1261 3973 Marianae,
1286 3892 1559 3972 Altenburgum,
1589 3890 1878 3969 Seitenstadium,

140 4027 384 4110 Garstenium,
409 4027 637 4109 Gluniacum,
662 4029 915 4112 Cremifanum,
941 4030 1203 4111 Lambachium,
1228 4030 1460 4092 Lunaelacus.
1508 4027 1580 4091 Sed
1611 4031 1699 4090 haec
1730 4048 1878 4109 congre-

140 4169 241 4252 gatio
273 4169 435 4251 quamvis
468 4189 546 4231 eam
579 4169 746 4231 Urbanus
770 4169 868 4232 VIII.
916 4168 952 4233 S.
981 4169 1021 4231 P.
1056 4173 1135 4230 1625
1166 4180 1279 4231 ratam
1310 4168 1459 4248 faceret,
1491 4177 1610 4229 tamen
1641 4187 1710 4229 non
1741 4176 1879 4228 tantum

140 4309 355 4370 auctoritate
379 4307 542 4389 profecit,
567 4321 737 4388 quantum
756 4308 870 4389 prima
885 4307 1114 4388 Mellicensis,
1139 4326 1254 4387 neque
1278 4326 1407 4388 magna
1430 4305 1497 4367 fuit
1520 4306 1596 4368 eius
1620 4304 1832 4367 diuturnitas
1843 4306 1877 4384 ⁴).

274 4622 295 4702 ι)
319 4623 423 4680 Series
446 4621 587 4679 abbatum
611 4636 741 4681 monast.
756 4643 781 4680 s.
800 4624 880 4678 Petri
897 4620 1077 4696 Salisburgi.
1111 4622 1208 4690 Quam
1226 4635 1347 4676 tenaces
1364 4622 1391 4677 hi
1410 4621 1546 4677 monachi
1563 4618 1739 4694 disciplinae
1757 4618 1875 4695 fuerint,

138 4737 268 4813 adparet
292 4757 329 4793 ex
353 4756 401 4805 eo,
425 4736 507 4812 quod
531 4737 677 4791 Martinus
699 4734 796 4792 abbas
821 4735 961 4791 mandato
986 4735 1141 4791 Dietrichii
1165 4733 1277 4799 Wolfii,
1302 4735 1352 4807 qui
1382 4747 1458 4806 1593
1485 4733 1726 4807 praescripserat
1752 4731 1877 4801 „salutis

139 4850 355 4906 monachorum
380 4867 472 4906 causa
495 4851 572 4905 trina
595 4851 662 4904 vice
685 4867 742 4924 per
764 4847 984 4905 hebdomadam
1009 4866 1090 4903 esum
1116 4846 1278 4903 carnalium
1304 4858 1335 4901 et
1358 4843 1627 4901 deambulationem
1652 4844 1769 4899 nonnisi
1791 4844 1877 4898 minis

139 4964 264 5018 territus
288 4980 324 5018 ac
347 4960 487 5018 ssentibus
503 4962 598 5018 oculis
617 4962 779 5035 acquievit,
804 4961 943 5034 huncque
961 4961 989 5014 iu
1006 4959 1093 5015 finem
1116 4976 1225 5014 novum
1251 4957 1442 5013 refectorium
1466 4955 1645 5019 aedificavit,
1669 4972 1706 5009 ne
1731 4973 1783 5010 esu
1808 4974 1874 5010 car-

138 5075 249 5131 nalium
274 5086 361 5130 vetus
385 5076 672 5131 contaminaretur“.

271 5184 294 5264 2)
319 5188 472 5243 Hauswirt
494 5186 513 5242 l.
538 5203 581 5253 c.;
606 5186 772 5260 Pachmayr
796 5186 814 5242 l.
839 5204 865 5242 c.

270 5296 293 5377 ³)
317 5299 637 5373 Hammer·Purgstall‚
663 5299 727 5354 Das
751 5297 857 5353 Leben
881 5297 935 5353 des
958 5296 1116 5355 Cardinals
1141 5294 1254 5363 KhIesl,
1279 5295 1301 5350 1.

271 5411 294 5490 4)
318 5410 505 5485 Keiblinger,
530 5410 621 5478 Melk‚
645 5411 669 5466 I.
