4208 6194
913 469 1193 537 -,,9,.

180 652 225 706 De
243 653 301 708 hoc
318 672 412 728 opere
429 655 638 729 ephemerides
656 660 779 714 citatae:
798 657 826 714 ὁ.
840 660 902 714 Ian.
918 672 1007 731 1751.

178 756 257 811 Ante
273 776 404 813 inensam
416 755 523 814 obtulit
534 762 786 818 reverendissimo
797 762 918 820 domino
931 781 1008 837 opus

179 880 264 915 suurn
285 860 408 930 „Labor
424 864 510 936 pius“
530 865 663 920 secundo
681 880 839 940 neomysta
855 865 1009 923 Robertus

180 964 330 1031 Wolllart,
349 979 378 1020 et
395 967 636 1023 reverendissimi
655 968 766 1025 domini
783 990 879 1046 nepos
901 989 937 1026 011
958 990 1009 1026 so·

181 1086 259 1134 rore,
278 1070 406 1124 Ioannes
420 1071 615 1145 Kimmerling
629 1085 697 1128 ante
711 1092 842 1129 mensam
856 1077 1010 1150 peroravit

180 1186 210 1227 ut
236 1179 328 1247 poeta
352 1176 499 1242 carmina,
524 1193 601 1249 quae
627 1180 798 1252 composuit
815 1179 850 1234 R.
868 1180 900 1235 P.
917 1180 1008 1246 Beda,

180 1278 350 1334 rhetoricae
363 1297 398 1335 ac
412 1286 543 1355 poeseos
557 1280 724 1355 professor,
742 1285 788 1338 cui
806 1283 854 1339 ille
871 1286 899 1338 in
913 1297 1009 1340 tesse-

180 1399 241 1436 ram
259 1384 449 1456 gratitudinis
466 1384 546 1439 dedit
563 1385 639 1440 duos
655 1404 775 1455 aureos,
799 1389 897 1443 iuveni
919 1406 1009 1463 pero·

179 1489 254 1540 ranti
269 1488 451 1562 imperialem
464 1506 498 1543 ac
512 1488 648 1556 alumnis,
666 1492 716 1564 qui
731 1492 893 1566 periochas
906 1492 1009 1568 hospi-

180 1590 258 1646 tibus
275 1590 503 1657 distribuebant,
521 1606 668 1666 quartuor
685 1595 846 1652 Marianos

266 1721 318 1777 XI.
337 1721 454 1796 Ecloga
467 1721 609 1791 Seladon,
626 1727 656 1780 in
673 1729 863 1800 optatissimo
878 1728 1009 1783 adventu

181 1827 404 1882 eminentissimi
422 1840 451 1882 et
467 1827 624 1884 celsissimi
638 1832 782 1905 principis
795 1829 827 1886 S.
842 1832 876 1886 R.
891 1832 926 1888 E.
943 1850 1010 1887 car·

179 1929 285 1985 dinalis
305 1930 517 2006 Christophori
534 1931 571 1986 de
585 1934 709 2006 Migazzi
724 1935 810 1990 Waal
829 1948 858 1991 et
873 1934 1010 1993 Sonnen·

180 2033 266 2088 thurn
287 2047 344 2089 etc.
367 2048 424 2090 etc.
447 2036 668 2112 archicpiscopi
686 2038 864 2095 Viennensis
888 2054 917 2095 et
942 2059 1010 2116 per·

180 2140 260 2211 00101
287 2138 538 2195 administratoris
568 2141 717 2197 ecclesiae
746 2143 917 2209 Vaciensis,
947 2164 1008 2201 sac.

179 2261 258 2299 caes.
277 2261 339 2316 reg.
358 2255 388 2297 et
400 2258 499 2317 apost.
513 2247 581 2300 mai.
596 2247 756 2302 consiliarii
775 2248 900 2303 actualis
917 2250 1009 2304 intimi

179 2360 235 2402 etc.
254 2361 311 2402 etc.
336 2347 369 2401 In
386 2361 527 2422 exempto
545 2349 694 2406 coenobio
711 2351 875 2407 Mellicensi
898 2353 962 2408 ord.
985 2373 1009 2409 s.

179 2451 210 2505 P.
225 2450 378 2506 Benedicti
396 2451 555 2507 decantata
572 2453 620 2509 die
638 2468 661 2509 1.
676 2455 729 2510 Iul.
743 2474 821 2511 anno
840 2469 929 2528 1772.
944 2457 1009 2512 Pol.

179 2555 234 2609 Ms.
252 2556 280 2609 in
296 2553 481 2611 bibliotheca
498 2556 672 2613 hlelliccnsi.
695 2591 736 2598 —
759 2559 805 2614 De
822 2560 880 2615 hoc
903 2559 1010 2634 ecloga

179 2658 387 2732 ephemerides
409 2659 613 2716 Mellicenses:
644 2677 694 2734 20.
717 2663 780 2719 100.
808 2677 897 2737 1772.
923 2666 1011 2720 Venit

179 2762 429 2837 archiepiscopus
442 2764 621 2820 Viennensis
634 2766 806 2839 Migazzius.
824 2765 888 2823 Sub
901 2786 1010 2843 vespe-

179 2885 240 2920 ram
265 2867 374 2938 ecloga
399 2869 426 2922 in
450 2870 513 2923 eius
531 2869 676 2926 honorem
697 2889 715 2925 a
736 2870 937 2928 bibliothecae
959 2891 1010 2928 cu·

179 2971 265 3025 510110
278 2970 357 3026 facta
374 2984 403 3026 et
416 2991 433 3026 a
447 2973 478 3028 P.
494 2992 636 3047 musurgo
647 2974 783 3031 Roberto
798 2979 918 3032 musicis
931 2980 1010 3033 00115

180 3074 320 3148 expedita
338 3078 366 3130 in
382 3094 501 3131 scenam
520 3076 657 3145 dabatur,
679 3098 756 3154 quae
774 3081 917 3156 perendie
933 3101 1009 3156 quo·

180 3197 239 3252 que
248 3179 342 3234 altera
352 3179 398 3234 die
410 3178 567 3252 agebatur.
581 3182 698 3238 Auctor
706 3198 752 3239 est
763 3184 843 3240 Beda
854 3183 1008 3242 Schuster.

184 3297 208 3337 1.
224 3283 275 3338 lul.
295 3297 384 3355 1772.
410 3282 473 3338 Sub
487 3284 614 3358 prandio
627 3305 732 3343 rursus
746 3291 869 3354 musica,
887 3293 1008 3365 vesperi

178 3401 276 3441 autem
303 3401 443 3462 operetta
465 3407 518 3444 seu
543 3390 650 3464 ecloga
676 3394 788 3448 musica
814 3394 841 3447 in
865 3394 1009 3450 honorem

179 3494 403 3548 eminentissimi
428 3492 539 3548 domini
565 3493 601 3549 de
626 3497 766 3569 Migazzi,
795 3501 964 3573 composita
993 3518 1010 3555 a

179 3596 214 3650 R.
233 3597 263 3651 P.
281 3597 371 3662 Beda,
390 3597 472 3652 etad
491 3617 630 3655 numeros
647 3602 779 3656 musicos
801 3601 923 3658 redacta
940 3621 957 3657 a
974 3604 1010 3659 R.

180 3701 210 3755 l'.
225 3714 348 3774 regente
362 3702 456 3769 chori,
473 3721 533 3776 qua
546 3703 669 3759 mirifice
682 3703 841 3761 videbatur
854 3706 1008 3774 delectari,

181 3805 258 3858 sicut
274 3804 330 3860 sub
347 3805 473 3880 prandio
488 3807 555 3861 dum
570 3809 593 3861 P
596 3827 619 3862 r.
634 3808 799 3864 Romanum
815 3809 886 3865 tuba
900 3830 1010 3867 canen·

180 3922 237 3962 tem
250 3907 393 3974 audisset,
408 3911 493 3964 iussit
505 3910 542 3965 ad
556 3930 589 3966 se
602 3915 715 3978 vocari,
730 3915 877 3988 petiitque
890 3933 908 3969 a
921 3933 1010 3988 prae·

179 4012 242 4065 sule
259 4027 373 4076 nostru,
396 4027 427 4067 ut
451 4014 540 4069 liceat
556 4034 677 4071 mensae
701 4017 850 4084 assidere,
873 4021 1011 4093 promisit

180 4115 273 4182 l'ratri,
296 4115 383 4172 absc
400 4117 607 4186 ordinandum,
633 4122 807 4194 instititque,
832 4135 863 4177 ut
887 4141 905 4177 a
927 4127 1011 4179 novi·

180 4222 252 4274 tiatu
270 4220 413 4276 liberatus
430 4240 520 4276 curae
538 4223 569 4277 P.
588 4225 698 4297 prioris
716 4223 872 4282 subdatur.

266 4357 332 4412 XII.
358 4357 475 4431 Regula
498 4357 705 4416 emblematica
730 4365 825 4418 sancti
848 4364 1012 4420 Benedicti.

1090 673 1167 729 opus
1189 654 1379 730 posthumum
1403 657 1497 710 nostri
1520 655 1555 709 R.
1573 655 1605 710 P.
1623 654 1769 710 Bonifacii
1787 653 1920 720 Gallner,

1089 758 1237 832 quaedam
1255 759 1292 814 de
1309 759 1395 813 huius
1412 761 1515 833 operis
1536 759 1668 814 editione
1688 777 1705 813 a
1727 759 1763 813 R.
1780 759 1812 814 P.
1830 758 1920 826 Reda,

1089 860 1292 919 bibliothecae
1316 875 1439 918 nostrae
1463 863 1620 937 praefecto
1644 863 1789 919 adcurata
1810 864 1856 919 hic
1878 864 1921 918 10-

1089 964 1212 1028 serenda
1226 966 1364 1023 iudicari.
1390 967 1564 1040 Collegerat
1580 969 1714 1022 nimirum
1733 967 1921 1023 reverendis-

1089 1072 1180 1126 simus
1197 1075 1301 1126 noster
1314 1091 1330 1126 a
1345 1069 1523 1144 quibusdam
1538 1070 1685 1146 professis
1697 1069 1922 1127 Mellicensibus

1088 1174 1126 1229 ad
1157 1175 1343 1231 alleviandos
1374 1189 1512 1250 sumptus
1543 1177 1668 1251 pretiosi
1701 1177 1787 1231 huius
1818 1177 1922 1250 operis

1093 1293 1170 1335 1012
1190 1280 1218 1334 11.
1234 1293 1276 1351 34
1293 1279 1349 1346 kr.,
1375 1280 1420 1335 his
1444 1282 1510 1355 ipse
1530 1280 1642 1336 addere
1664 1279 1769 1336 debuit
1794 1280 1920 1351 152011.

1094 1398 1130 1455 14
1152 1384 1197 1439 kr.
1229 1385 1411 1459 impressum
1436 1397 1483 1439 est
1507 1384 1564 1440 1100
1589 1403 1666 1460 opus
1692 1386 1721 1439 in
1745 1384 1922 1440 nitidissima

1090 1487 1193 1542 charta
1217 1488 1296 1568 apud
1322 1489 1359 1544 D.
1385 1488 1422 1544 de
1447 1489 1613 1545 Trattnern
1637 1502 1666 1544 et
1691 1488 1811 1562 quidem
1841 1501 1922 1543 1000

1090 1591 1282 1666 exemplaria,
1300 1611 1335 1647 ex
1354 1593 1399 1648 his
1416 1608 1457 1665 50
1475 1595 1502 1647 in
1517 1594 1621 1649 charta
1635 1595 1739 1648 maiori
1754 1591 1922 1647 hollandica

1090 1714 1203 1751 excusa
1220 1709 1298 1763 sunt,
1316 1716 1394 1770 quae
1411 1700 1644 1771 augustissimae
1656 1710 1788 1763 nostrae,
1805 1713 1921 1751 summo

1090 1800 1223 1875 pontifici
1238 1814 1268 1856 et
1282 1799 1377 1857 tribus
1394 1801 1605 1870 cardinalibus,
1621 1804 1723 1857 nuntio
1736 1799 1920 1876 apostolico:

1091 1905 1242 1960 Cardinali
1259 1906 1395 1978 Migazzi,
1422 1909 1570 1962 001101515
1591 1904 1753 1962 abbatibus
1778 1919 1808 1961 et
1833 1907 1921 1960 etiam

1095 2023 1128 2064 11
1160 2009 1311 2083 religiosis
1342 2013 1456 2066 0051115
1488 2009 1764 2078 00011111000111105,
1796 2010 1921 2082 aliisque

1090 2113 1201 2169 donata
1217 2128 1295 2169 sunt.
1319 2114 1492 2170 Penicillum
1506 2114 1640 2171 Gallneri
1655 2117 1749 2171 nostri
1767 2113 1921 2188 sculptura

1090 2236 1144 2273 sua
1161 2220 1269 2291 insigni
1287 2220 1419 2274 imitatus
1436 2233 1483 2275 est
1496 2220 1533 2276 D.
1548 2220 1715 2286 Landerer,
1733 2220 1779 2274 cui
1793 2236 1849 2293 pro
1862 2217 1922 2270 sin·

1090 2322 1169 2396 gulis
1186 2320 1377 2395 imaginibus,
1395 2341 1453 2377 una
1470 2342 1536 2378 curn
1553 2341 1649 2397 cupro
1666 2322 1756 2378 soluti
1773 2333 1841 2376 sunt
1857 2334 1874 2391 3
1893 2320 1921 2374 11.

1091 2428 1251 2482 universim
1266 2445 1330 2481 cum
1345 2441 1446 2482 essent
1464 2441 1522 2500 170
1537 2429 1640 2483 100005
1653 2425 1714 2499 567
1726 2427 1753 2480 ss.
1769 2425 1805 2480 D.
1817 2424 1920 2479 Tratt·

1090 2549 1144 2586 ner
1160 2531 1250 2587 501111
1271 2551 1326 2606 pro
1348 2533 1546 2606 impressione
1563 2543 1592 2587 et
1609 2529 1797 2605 quorundam
1819 2546 1920 2582 exem·

1090 2635 1217 2710 plarium
1234 2637 1467 2711 reimpressione
1489 2636 1610 2708 177411.
1629 2634 1728 2690 28111.
1746 2634 1834 2706 01000
1852 2630 1920 2686 reli·

1090 2742 1154 2813 quit
1170 2739 1330 2795 dividenda
1346 2738 1409 2796 800
1425 2739 1618 2814 exemplaria,
1636 2757 1673 2794 eo
1686 2750 1787 2813 pact0,
1805 2749 1836 2790 ut
1853 2754 1919 2790 curn

1091 2857 1245 2899 constaret
1262 2845 1321 2916 511.
1337 2847 1458 2919 quintus
1475 2843 1769 2900 110100051001111011
1787 2840 1918 2897 caderet.

1089 2948 1280 3021 Magnificum
1293 2961 1376 3004 certe
1390 2962 1419 3004 et
1432 2948 1617 3024 splendidum
1629 2925 1715 3023 opus,
1726 2944 1806 3020 quod
1820 2957 1919 2999 tamen

1090 3070 1213 3119 101001,
1247 3072 1283 3108 00
1312 3053 1378 3128 plus
1407 3053 1615 3108 admirationis
1642 3070 1731 3126 quam
1759 3049 1854 3105 laudis
1882 3049 1920 3103 sit

1089 3155 1269 3212 habiturum.

1176 3261 1256 3317 XIII.
1276 3261 1332 3315 Die
1347 3260 1549 3317 Kinderzucht
1562 3263 1644 3316 einer
1656 3261 1766 3315 Mutter
1779 3257 1853 3313 nach
1867 3256 1920 3311 der

1049 3372 1052 3461 7
1089 3365 1188 3420 hlode.
1214 3360 1244 3442 (i.
1266 3384 1292 3420 e.
1319 3365 1516 3421 Educationis
1538 3365 1643 3421 modus
1665 3365 1769 3419 matris
1786 3361 1919 3417 moderni

1049 3464 1052 3539 Ι
1090 3471 1167 3535 aeri,
1185 3466 1364 3543 comoedia.)
1382 3469 1438 3524 Eia
1454 3469 1609 3544 Lustspiel
1626 3471 1655 3523 in
1671 3469 1734 3524 drei
1751 3465 1918 3539 Ausziigen.

1090 3575 1146 3628 his.
1172 3571 1400 3628 producebatur
1423 3573 1541 3629 Mellicii
1564 3572 1612 3628 die
1641 3587 1687 3628 10.
1713 3585 1743 3626 01
1771 3585 1817 3642 15.
1840 3569 1919 3643 Aug.

1096 3676 1185 3750 17118.

1178 3807 1377 3881 Schwarz
1408 3817 1616 3881 Henricus
1644 3817 1804 3881 Fidelis
1834 3815 1920 3897 (Mi-

1051 3962 1054 4037 7
1091 3937 1425 4016 chaelburanus),
1443 3934 1736 4018 Salisburgensis
1754 3935 1867 3996 Natus
1885 3933 1919 3992 in

1092 4056 1297 4121 Saalfelden
1322 4080 1372 4136 24.
1395 4059 1483 4140 Apr.
1514 4065 1604 4141 1819,
1629 4058 1719 4140 prof.
1745 4080 1795 4134 24.
1820 4055 1920 4136 Sept.

1097 4186 1188 4262 1843,
1205 4183 1374 4243 sacerdos
1396 4203 1420 4245 1.
1439 4183 1531 4264 Aug.
1555 4187 1644 4259 1811.
1669 4179 1806 4244 Studiis
1823 4181 1921 4241 theo-

1092 4303 1218 4384 logicis
1235 4304 1408 4365 absolutis
1426 4305 1457 4364 ei
1475 4304 1596 4365 schola
1613 4302 1869 4381 conventuaIIS‚
1887 4299 1921 4361 in

1093 4445 1163 4505 qua
1180 4427 1280 4507 pueri
1298 4435 1484 4488 cantantes
1501 4428 1683 4505 docentur,
1704 4423 1835 4486 tradita
1857 4431 1921 4483 est.

181 4463 268 4535 Opus
296 4462 474 4536 posthumus
498 4462 658 4519 admodum
683 4466 841 4522 reverendi
866 4468 897 4523 P.
925 4469 1012 4525 Boni·
1051 4407 1054 4519 1

181 4563 248 4620 sacii
274 4565 412 4630 Gallner,
438 4568 576 4623 monachi
602 4568 784 4626 Benedictini
811 4573 840 4626 in
864 4570 959 4629 libero
983 4588 1013 4628 et
1092 4548 1195 4609 Hanc
1218 4548 1440 4609 administrat
1464 4550 1724 4625 abann01843
1747 4566 1859 4627 usque
1876 4547 1921 4607 ad

181 4685 321 4745 exempto
350 4671 499 4727 coenobio
528 4673 707 4740 Mellicensi‚
736 4694 814 4731 nunc
842 4678 968 4751 primum
997 4696 1012 4732 e
1092 4670 1300 4731 hodiernum
1328 4670 1431 4732 diem.
1467 4670 1616 4732 Praeter
1642 4672 1733 4732 hanc
1766 4669 1921 4731 scholam

181 4774 366 4831 bibliotheca
383 4776 515 4831 eiusdem
530 4776 670 4832 coenobii
687 4777 744 4834 luci
759 4777 898 4854 publicae
911 4780 1011 4837 datum
1051 4778 1054 4845 l
1093 4791 1199 4852 etiam
1212 4791 1545 4874 pervigintietduo
1559 4789 1922 4874 annospafvulispri.

181 4879 216 4933 A.
235 4880 270 4935 R.
285 4879 429 4952 S..1780.
448 4880 656 4937 Vindobonae.
674 4883 772 4957 Typis
785 4884 913 4940 Ioannes
927 4885 1012 4941 Tho·
1051 4858 1054 4983 Ι

182 5002 246 5038 mae
264 4983 373 5040 nobilis
390 4985 425 5040 de
444 4986 618 5053 l'rattnern,
636 5005 697 5043 sac.
716 5007 795 5044 caes.
815 5007 878 5062 reg.
897 4992 1011 5046 maiest.
1051 4994 1054 5104 7

182 5102 302 5162 typogr.
318 5103 347 5143 et
360 5087 485 5165 bibliop.
503 5091 568 5147 Pol.
586 5092 688 5147 -Ad
703 5093 789 5149 huius
801 5096 906 5168 operis
919 5095 1013 5151 histo·
1051 5105 1054 5119 '

183 5195 254 5246 riam
273 5195 300 5247 in
319 5195 373 5248 iam
388 5194 582 5269 saepedictis
598 5195 841 5271 ephemeridibus
857 5201 1014 5273 sequentia

182 5298 295 5371 reperi:
327 5312 372 5369 10.
388 5299 463 5353 Nor.
482 5298 573 5371 1780.
591 5300 664 5356 Cum
683 5319 779 5377 nuper
796 5305 875 5378 typis
892 5303 1014 5376 elegan-

183 5404 297 5457 tissime
315 5405 462 5478 impressa
483 5403 646 5477 prodiisset
668 5407 773 5480 regula
795 5407 1013 5471 emblematica,

1093 4932 1170 4974 mae
1197 4914 1322 4974 classis
1344 4913 1547 4975 catechesin
1571 4914 1606 4975 in
1629 4913 1838 4976 rudimentis
1862 4931 1922 4973 no-

1094 5044 1188 5096 strae
1223 5035 1469 5098 sanctissimae
1500 5035 1682 5117 religionis
1713 5035 1921 5116 impertitur.

1093 5157 1245 5237 Propter
1257 5177 1402 5238 operam
1417 5158 1640 5236 indefessam,
1655 5158 1710 5220 cui
1725 5178 1794 5220 non
1808 5157 1923 5238 parcit

1094 5280 1128 5340 in
1146 5281 1348 5343 erudiendis
1366 5282 1533 5362 parvulis,
1555 5282 1589 5343 vi
1612 5281 1747 5344 decreti
1769 5287 1819 5344 23.
1836 5283 1921 5343 Dec.

1100 5408 1177 5482 1874
1207 5408 1253 5465 ab
1281 5405 1532 5486 augustissimo
1561 5416 1683 5468 nostro
1711 5406 1923 5488 imperatore
