4178 6196
886 505 1168 591 ..269-

159 702 379 786 chiepiscopi
396 702 627 786 consiliarius,
644 705 890 788 religiosorum
906 725 988 769 con-

160 826 276 888 victus
303 843 447 908 regens,
479 824 622 888 maioris
653 826 879 891 academicae
911 848 992 892 con·
1022 895 1024 900 ,

162 946 385 1032 gregationis
396 965 554 1029 praeses,
568 948 711 1031 saepius
723 949 992 1034 philosophicae

160 1080 197 1134 et
222 1068 448 1154 theologicae
474 1069 655 1134 facultatis
679 1072 835 1137 decanus
862 1075 993 1137 saluta·

161 1201 228 1255 tus.
245 1191 370 1254 Mense
383 1191 484 1255 Iunio
501 1196 579 1271 1757
594 1193 784 1276 parochiae
797 1195 992 1258 Kirchham

165 1314 391 1398 praepositus
422 1315 581 1378 eiusdem
612 1316 696 1379 anni
730 1315 787 1379 die
820 1322 870 1380 25.
900 1317 991 1382 Nov.

164 1437 304 1501 hectica
320 1437 529 1501 stomachali
545 1437 643 1500 obiit.

250 1595 310 1658 Ab
326 1598 452 1658 eodem
469 1595 566 1678 typis
582 1599 751 1660 mandata
766 1606 835 1660 est:

249 1758 362 1814 Norma
374 1756 533 1814 lectionum
546 1771 577 1814 et
585 1757 783 1833 collegiorum
796 1761 825 1815 in
838 1758 992 1834 theologia

163 1861 268 1918 morali
290 1880 346 1937 pro
366 1879 444 1919 anno
460 1861 644 1919 scholastico
665 1876 832 1937 1753—54
849 1865 879 1919 in
894 1865 992 1921 archi·

164 1965 331 2042 episcopali
348 1967 543 2022 universitate
559 1963 794 2041 Salisburgensi.
812 1973 854 2039 40.

248 2130 583 2225 Langenmantel
605 2142 812 2225 Iosephus
827 2143 857 2206 F
863 2145 994 2208 ranci-

163 2278 259 2324 scus
276 2257 384 2322 Xav.
400 2259 449 2321 de
468 2256 723 2342 (Scotensis),
745 2261 937 2347 Hartberg,
958 2262 995 2326 in

165 2380 307 2466 §tyriae
324 2378 458 2462 oppido
474 2390 579 2443 natus
596 2381 653 2443 die
668 2382 795 2446 2.Nov.
810 2388 901 2466 1818,
915 2405 994 2449 cum

164 2503 343 2588 gymnasii
355 2512 391 2566 et
400 2502 645 2585 philosophiae
655 2505 773 2568 studia
782 2507 995 2571 absolvisset

165 2625 316 2707 Graecii,
333 2625 391 2688 die
408 2646 458 2688 21.
473 2623 572 2709 Sept.
595 2632 674 2708 1839
691 2648 718 2692 s.
731 2630 855 2694 habitu
871 2640 927 2694 est
944 2631 994 2695 in·

164 2750 280 2812 dutus.
304 2747 409 2812 Votis
432 2768 518 2812 vero
541 2751 769 2815 sollemnibus
794 2752 850 2816 die
869 2774 897 2818 2.
915 2752 993 2817 Oct.

169 2876 247 2950 1842
270 2870 409 2934 emissis
430 2890 646 2954 emensoque
670 2874 707 2937 in
730 2874 824 2940 univ.
839 2874 993 2940 Vindob.

166 3013 271 3058 cursu
294 2993 512 3077 theologico,
536 2994 738 3059 sacerdotio
762 2996 994 3080 inauguratus

166 3127 222 3180 est
242 3116 299 3179 die
322 3137 372 3179 22.
390 3117 454 3179 Iul.
476 3121 567 3199 1844,
588 3117 717 3199 dieque
738 3140 768 3196 4.
785 3118 880 3202 Aug.
902 3118 993 3181 eius·

166 3242 247 3303 dem
263 3239 346 3303 anni
366 3250 553 3323 neomysta
575 3239 610 3302 in
632 3240 783 3304 ecclesia
804 3241 993 3324 parochiae

165 3361 296 3425 natalis
311 3362 358 3425 ad
370 3362 483 3425 altare
495 3362 564 3425 Dei
576 3362 685 3426 stetit.
703 3363 808 3426 Anno
822 3373 993 3446 sequente

166 3493 378 3567 cooperator
393 3484 521 3546 missus
543 3495 599 3548 est
615 3485 837 3549 Zellerndorf
854 3494 891 3549 et
914 3489 995 3549 1850

167 3607 317 3688 Pulkau,
341 3608 435 3668 unde
456 3606 493 3669 in
516 3608 768 3671 monasterium
791 3609 908 3671 redux
930 3608 996 3672 ibi·

168 3730 249 3792 dem
279 3739 440 3792 curatum
471 3739 578 3810 atque
607 3731 890 3794 concionatorem
922 3730 997 3814 egit

167 3850 451 3933 fervidissimum,
470 3852 526 3915 cui
543 3856 623 3915 1850
636 3872 692 3915 res
705 3871 847 3934 quoque
861 3853 997 3916 vinaria

169 3975 325 4037 curanda
345 3983 401 4037 est
417 3973 559 4038 tradita.
585 3973 684 4055 Quas
705 3983 828 4055 partes
850 3974 997 4058 egregie

169 4094 336 4160 sustinuit
352 4114 465 4177 usque
482 4095 528 4157 ad
545 4093 638 4156 diem
655 4094 798 4159 3011111.
819 4099 910 4178 1862,
928 4116 998 4178 quo

170 4218 226 4282 die
243 4217 447 4281 monasterii
463 4216 560 4299 prior
582 4226 637 4280 est
653 4216 874 4300 designatus.
897 4217 1000 4281 Hanc

169 4339 389 4424 provinciam
405 4348 547 4402 retento
563 4338 666 4401 simul
687 4339 859 4402 cellerarii
883 4338 1001 4404 officio

169 4464 352 4544 hucusque
380 4481 518 4524 summa
549 4460 703 4524 omniurn
736 4461 842 4523 laude
872 4470 1000 4526 tuetur.

169 4585 463 4647 Ρ19919199011111
486 4585 686 4666 complures
703 4583 926 4664 sodalitates,
950 4583 1001 4646 uti

171 4705 324 4770 societas
341 4706 436 4769 dicta
458 4705 610 4789 „Verein
622 4705 678 4768 fiir
690 4704 954 4768 Landeskunde
966 4704 1002 4768 in

171 4827 300 4890 Wien“
330 4838 366 4891 et
396 4827 849 4910 „Landwirthschaftlicher
871 4825 1003 4889 Verein

171 4949 207 5011 in
222 4948 403 5032 Miidling“
422 4948 558 5011 socium
574 4947 643 5011 sibi
659 4949 883 5011 addiderunt.

258 5105 370 5188 Typis
387 5104 587 5167 mandavit:

260 5266 281 5322 l.
307 5264 416 5321 Abriss
444 5265 497 5322 der
522 5266 796 5322 dsterreichischen
821 5265 1004 5324 Geschichte

172 5369 220 5426 1111
235 5369 284 5426 1119
299 5350 542 5427 vaterlandische
559 5369 687 5446 Jugend.
710 5365 740 5448 (i.
760 5389 787 5426 9.
804 5368 1004 5428 Summarium

173 5474 318 5531 historiae
339 5474 518 5531 Austriacae
539 5476 568 5530 in
591 5493 675 5530 usum
698 5472 880 5547 iuventutis.)
909 5490 920 5532 1
945 5475 1004 5532 vol.

1072 709 1115 769 8⁰.
1137 726 1161 768 1.
1172 711 1219 768 ed.
1237 712 1379 780 Viennae,
1401 710 1491 786 1851,
1508 711 1588 788 apud
1597 712 1730 770 Grandel
1743 727 1773 770 et
1783 715 1899 790 Meyer.

1073 830 1102 872 2.
1119 815 1166 872 ed.
1188 815 1279 889 1853,
1296 831 1326 889 3.
1344 816 1390 873 ed.
1412 815 1492 891 1859
1509 815 1580 874 ibid.

1158 920 1197 976 lI.
1222 920 1392 977 Conciones
1414 922 1592 998 primitiales
1615 936 1646 979 et
1668 923 1898 981 secunditiales:

1072 1025 1125 1081 Bei
1146 1023 1347 1100 Gelegenheit
1370 1025 1424 1083 der
1444 1025 1629 1084 Primizfeier
1650 1027 1704 1085 des
1720 1028 1752 1084 P.
1768 1028 1900 1085 Norbert

1072 1129 1210 1185 Dechant
1230 1148 1278 1186 am
1298 1130 1389 1187 Peste
1410 1129 1464 1187 der
1483 1130 1512 1187 h.
1529 1130 1626 1188 Anna.
1642 1131 1787 1199 Viennae,
1808 1130 1898 1206 1845,

1071 1234 1152 1309 typis
1167 1233 1268 1290 Caroli
1285 1231 1498 1292 Ueberreuter.
1514 1267 1557 1276 -
1572 1236 1632 1291 Zur
1646 1234 1830 1293 Primizfeier
1845 1235 1900 1293 des

1072 1339 1104 1395 P.
1114 1338 1231 1395 Gerard
1240 1338 1361 1395 Baumel
1377 1357 1424 1394 am
1440 1353 1466 1413 7.
1477 1336 1634 1415 Sonntage
1647 1340 1723 1396 nach
1735 1340 1898 1415 Plingstcn.

1070 1443 1216 1511 Viennae,
1245 1442 1339 1516 1854,
1367 1445 1446 1519 typis
1469 1443 1539 1501 Ant.
1564 1443 1750 1520 Schweiger.
1774 1478 1817 1487 —
1840 1447 1901 1502 Zur

1072 1546 1256 1605 Primizfeier
1272 1547 1326 1605 des
1341 1549 1441 1606 Herrn
1452 1549 1566 1625 Joseph
1578 1567 1639 1606 von
1651 1549 1899 1625 Langenmantel,

1070 1651 1301 1729 Weltpriesters
1310 1652 1365 1710 der
1372 1651 1529 1710 Seckauer
1537 1654 1679 1722 Diocese,
1689 1673 1736 1712 am
1747 1670 1794 1712 10.
1801 1655 1900 1714 Sonu-

1072 1769 1141 1832 tage
1165 1757 1241 1814 nach
1263 1757 1426 1832 Pfrngsten.
1447 1759 1591 1826 Viennae,
1612 1757 1703 1833 1855,
1729 1762 1809 1836 typis
1829 1761 1899 1817 Ant.

1072 1859 1258 1937 Schweiger.
1282 1895 1325 1904 —
1347 1863 1408 1918 Zur
1429 1861 1611 1920 Primizfeier
1632 1863 1685 1921 des
1708 1853 1922 1922 Ρ.Β911110111ι

1072 1967 1217 2025 Reissner
1232 1985 1279 2023 am
1300 1981 1347 2024 10.
1365 1965 1521 2043 Sonntage
1537 1968 1613 2025 nach
1630 1969 1793 2044 Pfrngsten.
1809 1970 1900 2028 Vien-

1072 2091 1138 2141 nae,
1160 2070 1251 2146 1858,
1268 2074 1347 2148 typis
1363 2072 1433 2129 Ant.
1450 2071 1636 2147 Schweiger.
1653 2107 1695 2116 -
1711 2075 1770 2131 Zur
1785 2073 1901 2132 Secun-

1073 2176 1197 2233 dizfeier
1218 2176 1272 2233 des
1295 2177 1395 2233 Herm
1413 2177 1528 2253 Joseph
1551 2174 1724 2246 Schrdtter,
1748 2178 1902 2236 Dechants

1074 2281 1133 2338 und
1150 2280 1286 2338 Psarrers
1301 2300 1338 2337 zu
1354 2281 1554 2338 Altenfelden.
1572 2283 1709 2350 Lentiae,
1731 2281 1821 2357 1867,
1838 2297 1901 2360 typ.

1074 2399 1104 2443 et
1120 2399 1230 2461 sumpt.
1248 2387 1397 2444 Hucmers
1412 2385 1472 2443 vid.
1490 2398 1521 2442 et
1536 2386 1668 2443 Dauner.

1161 2490 1213 2547 111.
1238 2490 1410 2548 Conciones
1434 2478 1545 2547 divers.
1570 2492 1598 2546 in
1622 2508 1756 2548 occasa:
1780 2490 1903 2566 Predigt

1074 2614 1126 2652 zur
1153 2595 1319 2671 jdhrlichen
1350 2593 1586 2651 Patronatsfeier
1621 2594 1675 2652 des
1709 2594 1902 2670 Handlungs·

1075 2701 1371 2758 Kranlreninstitutes
1394 2718 1441 2755 am
1466 2699 1732 2774 megstmontage.
1757 2700 1901 2765 Viennae,

1077 2804 1168 2880 1859,
1186 2807 1266 2881 typis
1281 2824 1386 2881 congr.
1404 2804 1546 2862 Mechith.
1566 2837 1609 2846 -
1629 2805 1680 2861 Bei
1702 2804 1902 2879 Gelegenheit

1074 2911 1128 2968 der
1154 2911 1192 2967 11.
1219 2909 1421 2968 Sacularfeier
1447 2909 1502 2966 der
1526 2909 1695 2983 Grlindung
1720 2908 1774 2966 der
1797 2907 1902 2966 Psarre

1074 3013 1119 3072 St.
1135 3015 1276 3092 Leopold
1292 3017 1322 3072 in
1334 3015 1424 3072 Wien
1436 3033 1484 3071 am
1498 3030 1548 3072 22.
1558 3015 1634 3072 Nov.
1649 3013 1739 3088 1870.
1756 3014 1900 3081 Viennae,

1079 3118 1170 3193 1871,
1187 3133 1249 3196 typ.
1267 3131 1298 3176 et
1313 3132 1423 3195 sumpt.
1439 3120 1474 3176 F.
1492 3117 1683 3194 Eipeldauer.

1160 3224 1211 3281 IV.
1228 3222 1535 3291 Weihrauchkdrner‚
1556 3235 1693 3299 gestreut
1713 3242 1766 3278 zur
1782 3223 1902 3279 Primiz·

1074 3328 1149 3386 19191
1173 3329 1227 3386 des
1251 3329 1283 3384 P.
1305 3327 1381 3384 Otto
1402 3328 1574 3402 Mosmeyer
1597 3345 1644 3383 am
1667 3340 1719 3400 30.
1736 3327 1790 3383 lul.
1812 3324 1901 3400 1843.

1075 3436 1138 3492 Der
1153 3433 1267 3490 Bruder
1283 3434 1395 3489 seinem
1411 3431 1535 3488 Bruder.
1553 3432 1696 3500 Viennae,
1715 3430 1805 3504 1843,
1823 3433 1903 3507 typis

1076 3539 1177 3597 Caroli
1193 3537 1405 3597 Ueberreuter.
1423 3532 1562 3615 (Carmen
1579 3534 1725 3615 lyricum.)

1161 3643 1198 3702 V.
1226 3643 1330 3700 Locos
1358 3660 1451 3717 porro
1480 3642 1666 3718 complures,
1699 3660 1776 3717 quos
1803 3641 1904 3698 dicunt

1076 3747 1304 3816 belletristicos,
1329 3748 1455 3804 inseruit
1477 3748 1568 3803 variis
1591 3743 1699 3803 libellis
1722 3748 1763 3802 uti
1791 3744 1904 3817 „Wan-

1078 3853 1185 3911 derer“
1205 3866 1235 3910 et
1254 3852 1375 3927 ,Langs
1392 3849 1589 3908 Hausbuch“.

1164 4001 1332 4095 Langes
1352 4010 1609 4074 Benedictus
1623 4010 1907 4093 (Mariaemon-

1079 4130 1224 4210 tanus),
1237 4137 1342 4191 natus
1355 4128 1391 4190 in
1404 4127 1541 4210 Tisens,
1552 4127 1658 4210 Tirol,
1670 4132 1698 4190 3.
1708 4128 1802 4211 Aug.
1817 4133 1906 4209 1750,

1080 4251 1263 4334 professus
1284 4271 1331 4313 11.
1345 4250 1434 4313 Nov.
1454 4270 1543 4332 1770,
1560 4270 1587 4313 s.
1601 4251 1783 4313 ordinibus
1800 4252 1907 4314 dona·
1945 4295 1952 4307 .

1080 4382 1138 4436 tus
1155 4382 1211 4436 est
1228 4377 1278 4436 26.
1291 4373 1378 4435 Dec.
1396 4377 1486 4451 1773.
1502 4371 1650 4434 Munere
1661 4372 1808 4454 parochi
1820 4373 1908 4435 Bur·
2001 4429 2003 4434 2

1080 4493 1232 4579 gusiani,
1249 4492 1385 4575 prioriS,
1406 4492 1581 4575 praefecti
1599 4493 1776 4575 gymnasii
1792 4494 1908 4556 Mera-

1081 4617 1200 4679 nensis
1216 4636 1258 4678 90
1275 4615 1467 4696 superioris
1483 4613 1625 4697 collegii
1646 4614 1756 4677 nostri
1777 4614 1908 4677 ibidem
1945 4604 1949 4610 ’

1080 4738 1224 4801 functus
1241 4745 1305 4801 est.
1327 4734 1509 4800 Genuinus
1525 4736 1712 4800 Benedicti
1728 4735 1819 4800 filius
1834 4738 1909 4820 pie·

1081 4869 1156 4923 tate
1171 4859 1207 4922 in
1223 4857 1339 4920 Deum
1355 4867 1392 4921 et
1407 4858 1616 4939 proximum,
1639 4857 1908 4922 mortificatione

1082 4981 1146 5062 sui,
1167 4978 1262 5044 fideli
1278 4979 1475 5043 vocationis
1496 4979 1666 5061 custodia,
1687 5001 1838 5064 magnus
1859 4980 1910 5043 in·

1083 5102 1200 5186 geni0,
1221 5103 1419 5166 litterarum
1436 5103 1532 5165 cultu
1548 5122 1590 5165 ac
1606 5101 1755 5165 scientia
1771 5112 1910 5166 sancto·

1083 5244 1173 5298 rum;
1190 5244 1255 5287 nec
1268 5224 1381 5288 minor
1393 5225 1565 5288 charitate
1577 5225 1613 5287 in
1626 5224 1831 5306 confratres,
1847 5245 1910 5307 pa-

1084 5354 1185 5408 terno
1201 5344 1331 5409 affectu
1354 5347 1390 5409 in
1414 5346 1633 5410 iuventutem
1654 5346 1848 5409 studiosam
1869 5367 1911 5409 ac

1085 5470 1161 5532 zelo
1176 5467 1380 5550 animarum,
1401 5469 1503 5532 unice
1525 5468 1701 5552 connisus,
1726 5479 1764 5532 ut
1785 5468 1819 5532 in
1841 5488 1913 5532 om-
