4178 6196
901 470 1185 542 -511-

169 657 263 723 lictis
287 657 431 739 scriptis
455 657 580 721 elucet.
617 656 717 720 Obiit
740 655 843 720 nimis
867 666 1004 720 mature
1042 666 1046 682 ·

171 781 228 843 die
246 785 296 844 23.
314 779 409 862 Aug.
431 784 521 859 1763.
545 778 723 860 Reliquit:

256 906 280 961 I.
306 906 502 978 Dogmatica,
528 904 661 972 moralia,
687 907 856 979 exegetica,
882 906 1004 961 concio·

171 1010 289 1065 natoria
305 1021 335 1064 et
352 1009 498 1065 historica
514 1010 543 1064 in
560 1008 697 1065 undecim
713 1009 784 1065 voll.
801 1011 831 1065 in
846 1007 909 1077 sol,
927 1027 1004 1082 quo·

172 1132 236 1168 rum
252 1112 409 1188 quodlibet
425 1110 598 1186 500—800
614 1131 685 1188 pag.
708 1110 808 1168 habet.
833 1112 866 1168 In
891 1112 1004 1168 archiv.

172 1217 287 1292 Argov.
557 1276 560 1281 ,

259 1323 295 1378 lI.
314 1323 449 1377 Diarium
469 1319 635 1394 1751—63
655 1321 772 1387 Latine,
799 1318 894 1376 insol.
918 1318 956 1392 85
975 1339 1004 1395 p.

173 1427 206 1481 ln
222 1426 334 1483 archiv.
351 1424 558 1481 Muto-Gries

258 1553 530 1627 Widerhofer
559 1563 774 1627 Honorius
803 1565 1007 1646 (Lamber-

174 1682 311 1763 tinus),
333 1692 437 1746 natus
461 1692 517 1746 est
540 1683 575 1746 in
597 1683 704 1747 Cellis
720 1685 762 1748 B.
771 1684 815 1749 V.
832 1685 868 1747 in
885 1683 1007 1767 Styria

178 1826 225 1882 19.
249 1804 336 1867 Maii
365 1825 455 1884 1792.
480 1805 617 1870 Studiis
642 1804 877 1889 gymnasticis
901 1807 1007 1869 abso-

173 1926 257 1988 lutis
266 1927 428 1988 habitum
438 1927 576 2010 nigrum
585 1927 653 1990 sibi
662 1928 759 1990 indui
768 1927 854 1991 fecit
867 1946 916 2007 27.
928 1927 1006 1991 Oct.

180 2050 255 2107 1811
284 2047 320 2110 in
343 2049 558 2112 monasterio
582 2070 609 2113 s.
626 2050 808 2112 Lamb'erti
824 2049 859 2113 in
876 2048 1007 2132 Styria,

175 2167 236 2230 ubi
253 2169 437 2250 professus
459 2181 514 2233 est
531 2175 560 2235 3.
577 2171 668 2250 Aug.
689 2175 780 2235 1816.
810 2170 1009 2234 Celebratis

175 2291 211 2351 in
227 2290 361 2372 oppido
378 2302 528 2372 paterno
550 2293 715 2374 primitiis
733 2294 774 2376 (1.
792 2292 892 2375 Sept.
915 2292 1007 2374 1816)

175 2410 292 2474 factus
306 2422 361 2474 est
370 2425 581 2495 cooperator
589 2414 625 2478 in
634 2415 915 2497 Weisskirchen,
926 2414 1008 2478 dein

176 2533 210 2595 in
228 2532 335 2595 Cellis
350 2534 521 2598 Marianis
539 2502 746 2619 (18'20—27),
770 2537 921 2601 sacrista
944 2536 1008 2598 ibi·

176 2656 257 2716 dem
275 2656 481 2737 (1827—29).
506 2656 586 2737 Qua
602 2658 683 2720 talis
700 2657 892 2740 imaginem
909 2660 1010 2721 thau·

176 2786 363 2861 maturgae
380 2777 540 2861 Virginis
562 2800 608 2842 ex
624 2778 797 2842 incendiis
816 2780 925 2861 (1827)
945 2779 1010 2842 eri-

176 2898 263 2981 puit.
293 2904 373 2963 1830
389 2899 571 2982 professor
591 2901 772 2966 facultatis
792 2902 1010 2985 philosophi-

178 3042 241 3084 cae
266 3022 301 3084 in
323 3022 416 3085 univ.
436 3021 631 3087 Graecensi
651 3023 802 3106 primum
828 3026 1010 3107 supplenS,

183 3149 260 3206 1833
290 3164 376 3207 vero
404 3146 568 3227 publicus
595 3146 794 3209 ordinarius
822 3156 859 3210 et
887 3149 1013 3210 doctor

178 3266 425 3349 philosophiae
458 3278 599 3330 creatus
630 3276 695 3330 est.
737 3266 838 3331 Obiit
869 3267 1012 3332 Graecii

178 3392 207 3450 3.
225 3389 311 3452 Dec.
334 3393 424 3469 1859.

266 3511 379 3594 Typis
397 3511 511 3574 dedit:

266 3636 429 3693 llankredc
445 3655 482 3693 an
499 3638 547 3694 die
560 3637 806 3711 grossmiithigen
819 3636 1013 3695 Wohlthater

178 3741 232 3796 der
253 3742 528 3798 dsterreichischen
549 3742 725 3798 Monarchie
750 3741 796 3797 fiir
820 3741 868 3798 die
892 3741 959 3799 dem
984 3745 1013 3799 in

179 3845 233 3901 der
256 3846 352 3902 Nacht
379 3866 448 3903 vom
477 3862 502 3904 1.
526 3847 580 3903 aul
603 3845 661 3903 den
686 3861 714 3903 2.
736 3845 909 3904 November
933 3848 1013 3921 1827

180 3949 273 4005 durch
301 3952 401 4006 Feuer
428 3951 608 4006 verheerten
637 3949 834 4008 Gnadenorte
862 3953 1014 4009 Mariazell

180 4053 322 4128 gnadigst
338 4056 567 4129 zugellossenen
584 4056 736 4129 Beitraige.
754 4052 783 4133 (i.
800 4075 826 4112 e.
841 4055 1015 4112 Gratiarum

181 4159 260 4214 actio
284 4156 416 4214 exhibita
439 4160 600 4233 generosis
624 4157 871 4216 benefactoribus
896 4179 1016 4217 monar-

181 4263 267 4317 chiae
282 4262 464 4319 Austriacae
489 4281 545 4338 pro
569 4261 725 4320 beneficiis
748 4264 862 4339 oppido
886 4264 1015 4321 Cellensi

184 4368 254 4439 igne
271 4366 430 4423 devastato
448 4362 587 4445 collatis)
611 4367 824 4442 Vorgetragen
849 4369 876 4423 in
893 4366 1016 4443 Gegen·

182 4485 259 4526 wart
274 4470 328 4527 der
343 4471 545 4545 andachtigen
561 4471 687 4527 Wiener
703 4474 883 4529 Prozession
911 4475 938 4528 in
963 4473 1018 4529 der

180 4574 417 4632 Gnadenkirche
447 4596 481 4631 zu
512 4576 664 4633 Mariazell
696 4595 743 4632 arn
779 4592 807 4632 2.
835 4577 892 4652 Juli
926 4575 1016 4634 1828.

182 4678 281 4745 Wien‚
303 4680 394 4738 1828.
420 4680 483 4736 llus
504 4681 559 4737 der
575 4681 1017 4757 Mechitharisten·C0ngrega·

183 4785 532 4842 tions·Buchdruckerei.
550 4785 594 4843 8⁰.
614 4800 650 4857 23
670 4805 699 4861 p.

269 4915 469 4988 Wieland
493 4928 676 4991 Ioannes
701 4928 822 5010 Bapt.
849 4929 1018 5010 (Muren-

183 5046 265 5128 sis),
289 5055 394 5108 natus
420 5047 533 5109 estin
557 5047 691 5130 oppido
715 5048 959 5111 Rheinfelden
983 5050 1019 5111 in

184 5167 348 5251 Argovia
369 5173 446 5247 1732
466 5179 502 5232 et
523 5174 602 5249 1733
629 5170 813 5233 sollemnia
828 5181 914 5235 vota
935 5172 1019 5234 emi·

184 5288 240 5352 sit.
277 5291 375 5352 Intra
403 5292 526 5353 decem
555 5311 687 5373 annos,
716 5312 806 5373 quos
833 5293 868 5356 in
897 5292 1020 5356 ordine

183 5410 292 5494 vixit,
326 5414 443 5475 omnia
474 5413 549 5476 fere
576 5434 722 5477 munera
749 5414 922 5497 suscepit;
954 5413 1021 5479 fuit

1084 655 1177 718 enirn
1197 655 1299 718 brevi
1322 658 1388 719 1100
1412 656 1584 739 temporis
1607 655 1724 739 spatio
1747 656 1915 740 novitius,

1084 777 1265 840 studiosus
1289 776 1506 860 theologiae,
1528 779 1712 860 sacerdos,
1733 779 1916 861 professor

1084 899 1278 961 rhetorices
1302 908 1338 962 et
1365 898 1449 961 iuris
1478 899 1653 981 canonici,
1681 901 1914 963 cancellariae

1086 1020 1256 1103 director,
1293 1021 1506 1085 secretarius
1537 1021 1679 1084 abbatis
1687 1071 1696 1104 ,
1733 1020 1916 1104 inspector

1085 1141 1414 1224 pharmacopoleos,
1428 1143 1734 1206 viceoeconomus.
1759 1143 1917 1206 Videba-

1085 1272 1143 1324 tur
1158 1264 1203 1324 ad
1220 1282 1357 1324 summa
1373 1273 1488 1345 natuS,
1505 1265 1569 1326 sed
1586 1265 1689 1326 eheul
1711 1263 1813 1327 brevi
1835 1283 1917 1328 con·

1086 1393 1283 1447 summatus
1304 1385 1465 1466 explevit
1485 1395 1646 1467 tempora
1662 1385 1783 1451 multa.
1806 1386 1917 1449 Varia

1086 1504 1222 1585 scripta
1242 1505 1320 1587 ipse
1336 1505 1372 1568 in
1388 1507 1511 1570 ultima
1527 1505 1729 1570 infirmitate
1750 1506 1825 1590 igni
1847 1517 1918 1570 tra-

1087 1625 1186 1690 didit.
1212 1625 1312 1690 Obiit
1336 1627 1393 1689 die
1418 1649 1469 1692 22.
1490 1629 1580 1693 Νον.
1601 1634 1693 1708 1763.
1718 1627 1819 1711 Opus
1841 1628 1917 1691 eius

1088 1745 1357 1810 celeberrimum
1375 1758 1443 1812 est:

1175 1892 1196 1947 I.
1224 1891 1380 1949 Vindiciae
1408 1893 1602 1951 vindiciarum
1627 1897 1853 1971 Koppianarum
1883 1914 1919 1949 ac

1088 1994 1216 2070 proinde
1233 1998 1323 2052 etiam
1341 2012 1476 2054 actorum
1494 2000 1676 2057 Murensium
1693 2000 1839 2057 adversus
1856 2000 1918 2055 Ru-

1088 2112 1205 2155 stenum
1234 2101 1333 2168 Heer,
1365 2100 1625 2161 bibliothecarium
1657 2103 1918 2161 San-Blasianum

1088 2202 1263 2259 adornatae.
1281 2204 1380 2281 'l'ypis
1393 2208 1569 2283 principalis
1586 2210 1757 2265 monasterii
1771 2209 1920 2264 Murensis

1088 2325 1145 2383 per
1159 2307 1182 2364 1.
1201 2309 1240 2365 M.
1258 2310 1398 2366 Blunschi
1421 2310 1511 2385 1760.
1533 2319 1575 2384 4⁰.
1597 2327 1657 2386 190
1672 2333 1702 2389 p.
1727 2313 1812 2369 Haec
1829 2311 1920 2368 editio

1089 2414 1240 2469 rarissima
1257 2433 1274 2469 a
1291 2416 1395 2471 nuntio
1411 2417 1585 2491 apostolico
1599 2416 1679 2473 Oddi
1696 2417 1854 2474 interdicta
1867 2415 1920 2473 sed

1089 2534 1107 2571 a
1125 2516 1267 2573 cardinali
1281 2518 1424 2595 Garampi
1443 2519 1520 2593 1762
1539 2520 1659 2577 laudata
1671 2535 1727 2578 est.
1752 2523 1829 2578 Hinc
1843 2522 1921 2577 Baro

1090 2619 1128 2676 de
1141 2621 1310 2679 Zurlauben
1327 2623 1489 2680 secundam
1506 2625 1666 2681 editionem
1680 2627 1805 2692 curavit,
1819 2624 1920 2682 Baden

1090 2744 1139 2802 ap.
1156 2727 1190 2783 C.
1207 2726 1230 2782 l.
1248 2726 1409 2802 Baldinger
1428 2728 1519 2803 1765.
1536 2735 1578 2803 4⁰.
1598 2743 1660 2785 200
1676 2749 1716 2805 p.‚
1739 2743 1769 2786 et
1789 2728 1922 2786 adiunxit

1090 2830 1333 2888 dissertationem
1350 2832 1472 2909 abipso
1494 2832 1572 2907 1764
1590 2835 1712 2890 Parisiis
1736 2836 1764 2890 in
1784 2834 1922 2891 sessione

1091 2938 1194 3011 regiae
1210 2936 1385 2994 academiae
1398 2938 1514 2994 Galliae
1527 2938 1633 2994 lectam
1651 2952 1681 2994 et
1693 2952 1801 3014 postea
1814 2940 1922 2994 Latine

1091 3040 1237 3099 redditam
1262 3043 1299 3098 de
1323 3040 1489 3099 Adalberto
1514 3044 1705 3118 imperatoris
1728 3043 1880 3120 Rudolphi
1897 3044 1921 3102 I.

1091 3160 1181 3202 atavo
1199 3161 1229 3202 et
1245 3146 1305 3202 filio
1324 3146 1462 3252 Werneri
1480 3149 1598 3203 comitis
1618 3146 1657 3204 ab
1676 3146 1851 3224 Habspurg,
1873 3147 1922 3205 bis

1091 3249 1187 3307 XXV.
1205 3269 1233 3325 p.

1179 3355 1216 3410 11.
1243 3353 1474 3430 Erda'tpfelstreit
1499 3357 1527 3410 in
1551 3355 1626 3411 Muri
1652 3356 1710 3413 und
1732 3355 1922 3432 Umgebung‚

1092 3457 1271 3516 urkundlich
1288 3457 1469 3515 beleuchtet.
1494 3456 1523 3537 (i.
1542 3479 1568 3516 e.
1591 3461 1637 3517 De
1658 3459 1760 3517 litibus
1777 3462 1924 3518 Murensi-

1092 3561 1149 3617 bus
1178 3564 1206 3617 in
1235 3581 1327 3619 causa
1354 3563 1487 3619 culturae
1515 3564 1668 3621 solaminis
1697 3564 1855 3644 tuberosi.)
1891 3567 1923 3621 ln

1093 3667 1206 3722 archiv.
1224 3666 1428 3723 hluro-Gries.

1180 3813 1351 3889 Wieser
1376 3825 1545 3889 Maurus
1577 3826 1926 3908 (Seitenstadien-

1095 3941 1177 4023 sis),
1204 3953 1309 4007 natus
1337 3946 1394 4009 die
1421 3951 1470 4008 28.
1495 3946 1599 4009 Febr.
1631 3951 1707 4027 1841
1736 3948 1771 4010 in
1793 3948 1926 4030 oppido

1096 4063 1388 4130 Seitenstettensi
1406 4068 1580 4132 absolutis
1601 4069 1779 4152 gymnasii
1799 4067 1926 4133 studiis

1097 4209 1198 4252 sacra
1215 4190 1348 4253 ordinis
1360 4192 1471 4254 nostri
1484 4201 1585 4253 veste
1599 4191 1655 4253 die
1673 4212 1719 4270 ¹9·
1732 4190 1831 4273 Sept.
1847 4158 1927 4254 1860

1098 4312 1242 4376 indutus
1255 4322 1319 4375 est.
1336 4312 1441 4375 Votis
1454 4312 1683 4376 sollemnibus
1696 4313 1753 4375 die
1766 4332 1815 4375 20.
1826 4311 1926 4395 Sept.

1102 4438 1182 4513 1804
1209 4435 1386 4515 susceptis
1414 4454 1608 4515 sacraeque
1631 4435 1832 4518 theologiae
1856 4444 1928 4498 stu-

1098 4556 1165 4618 diis
1185 4558 1231 4619 ad
1252 4554 1358 4619 finem
1382 4556 1564 4638 perductis
1588 4558 1757 4619 sacerdos
1780 4556 1929 4638 inaugu-

1098 4690 1197 4742 ratus
1225 4680 1446 4741 incruentum
1474 4679 1516 4744 N.
1542 4679 1580 4742 T.
1612 4678 1823 4742 sacrificium
1850 4678 1928 4741 Deo

1098 4801 1249 4884 primum
1267 4802 1395 4864 obtulit
1408 4802 1466 4865 die
1480 4806 1530 4864 31.
1540 4802 1603 4866 Ι111.
1618 4806 1709 4865 1865.
1734 4801 1853 4864 Unum
1866 4820 1930 4884 per

1099 4943 1228 4986 annum
1251 4923 1286 4986 in
1306 4925 1476 5006 parochia
1492 4923 1716 4987 Drosendorf
1727 4924 1929 5007 presbyteri

1101 5045 1284 5108 auxiliaris
1302 5065 1446 5109 munere
1462 5046 1619 5127 functuS,
1643 5066 1708 5129 per
1729 5045 1931 5128 proximum

1100 5167 1288 5230 triennium
1309 5167 1343 5231 in
1360 5169 1455 5233 univ.
1468 5169 1621 5231 Vindob.
1640 5167 1767 5230 studiis
1782 5167 1932 5250 philolo-

1101 5290 1157 5373 gis
1173 5310 1319 5373 operam
1337 5291 1444 5353 dedit.
1470 5289 1607 5370 Quibus
1624 5289 1798 5352 absolutis
1814 5289 1848 5352 in
1866 5309 1895 5352 0.
1906 5310 1933 5354 1.

1101 5413 1289 5496 gymnasio
1317 5410 1614 5475 Seitenstadiensi
1641 5411 1798 5495 linguam
1823 5410 1934 5474 Grae-
