4178 6196
897 459 1176 528 -443-

262 647 295 728 b)
313 646 422 708 Manu
438 643 552 725 ipsius
570 646 705 727 scripta
721 644 912 705 habentur:
1081 639 1193 721 piene,
1218 660 1282 701 sua
1306 659 1448 720 semper
1468 638 1615 701 exhibet
1631 638 1697 719 vel,
1722 637 1782 699 ubi
1806 639 1912 700 alium

258 792 279 847 l.
312 790 488 861 „Estreicha
511 787 649 844 Liadln.“
680 784 709 865 (i.
734 807 760 845 e.
785 786 1000 843 Cantiunculae
1080 763 1285 843 loquentem
1301 761 1387 823 faelt
1405 762 1491 842 (eg.
1505 763 1575 823 den
1589 761 1913 844 nzesstfeutessMa·

169 893 371 972 Austriacae.)
388 893 536 951 Volumen
549 896 685 969 primum,
699 892 828 948 dialecto
841 890 1001 947 vernaculi
1041 928 1043 941 ι
1081 883 1339 965 thematiker“)‚
1353 887 1492 945 suamet
1504 882 1622 944 indole
1638 885 1802 945 adornat:
1820 885 1913 945 unde

1041 950 1043 959 t

170 1003 384 1075 conscriptum,
410 1001 439 1054 in
464 998 619 1053 densatam
644 997 776 1052 chartam
800 1008 1000 1071 compactum.
1041 981 1043 1047 l
1081 1007 1186 1070 facile
1209 1007 1315 1068 etiam
1333 1006 1544 1087 explicatur,
1570 1026 1679 1087 quare
1700 1005 1913 1086 baptismale

171 1113 213 1178 4⁰.
246 1103 304 1176 146
328 1123 358 1178 p.
391 1103 500 1177 Incip.:
532 1102 599 1171 ,Do
628 1100 763 1156 deutschi
792 1098 920 1174 Sprach.
953 1099 1001 1153 Do

171 1208 307 1264 deutschi
326 1210 350 1263 is
366 1226 384 1262 a
400 1207 502 1263 scheni
520 1203 670 1280 Sprach“‚
688 1204 752 1260 lin:
773 1203 834 1274 „So
852 1201 946 1258 bleibt
962 1202 1001 1258 do

170 1333 230 1369 non
246 1331 310 1368 ans,
338 1326 364 1385 7.
381 1313 493 1387 Ji'tnner
514 1309 625 1381 1851“.
644 1308 773 1364 Adserv.
788 1310 816 1363 in
829 1306 901 1364 bibl.
916 1306 1001 1362 Scot.

1083 1130 1158 1192 eius
1174 1149 1302 1191 nomen
1318 1130 1470 1191 Ioannes
1492 1129 1628 1209 (Hansl)
1653 1128 1759 1191 toties
1783 1129 1818 1190 in
1840 1149 1914 1191 car-

1082 1251 1236 1313 minibus
1252 1230 1365 1331 ipsius
1381 1261 1550 1313 recurrat.

172 1418 313 1488 Notri54‚
327 1412 506 1492 f.15(55q).
525 1416 676 1479 Continet,
694 1415 719 1469 si
732 1414 835 1469 ultima
848 1413 896 1466 illa
909 1411 1002 1467 unde·
1042 1386 1045 1453 l
1171 1370 1396 1453 Singlssarem
1429 1371 1650 1453 diligentiam
1682 1373 1716 1433 in
1747 1374 1913 1453 pomata

172 1521 381 1596 quadraginta,
399 1537 477 1593 quae
493 1537 584 1594 supra
600 1517 729 1585 pudavi,
746 1516 1003 1592 apophthegmata
1083 1495 1275 1557 vernacula
1303 1495 1455 1556 dialecto
1481 1493 1699 1556 conficienda
1723 1494 1913 1576 impendit:

173 1629 305 1683 ternario
323 1637 435 1680 tantum
451 1642 574 1679 numero
585 1621 875 1697 comprehendimus,
887 1620 1003 1676 bocar·
1043 1674 1046 1687 ,
1084 1618 1314 1698 quamobrem
1331 1635 1420 1696 opus
1441 1616 1525 1678 illud
1546 1616 1912 1698 „Estreicha·Liadln“

173 1734 260 1794 mina,
278 1729 315 1785 ad
332 1747 460 1803 quorum
478 1729 624 1802 cuiusque
638 1727 750 1782 calcem
769 1726 833 1781 dies
850 1726 1003 1800 composi·
1043 1693 1046 1793 l
1083 1739 1250 1799 volumen
1267 1738 1318 1800 uti
1335 1738 1551 1799 numerando
1568 1739 1676 1819 prius,
1698 1739 1747 1801 ita
1769 1749 1803 1802 et
1819 1740 1915 1821 prin.

174 1850 264 1892 ΠΜ
281 1853 346 1891 cum
365 1852 443 1888 ³⁸³⁰
460 1844 620 1907 app⁰³¹t¹¹³
637 1845 692 1886 θεῖ·
1043 1874 1046 1922 t
1084 1860 1199 1941 cipale
1217 1869 1252 1922 et
1269 1859 1446 1941 copiosius
1460 1862 1571 1922 altero
1585 1880 1664 1922 esse
1681 1862 1806 1933 voluit;
1823 1863 1914 1924 hanc

260 1941 296 1996 ll.
311 1939 481 1995 Gereimtes
494 1936 553 1992 und
568 1937 786 2009 Ungereimtes.
801 1931 867 2011 (ie.
881 1935 1004 1989 Poetica
1044 1943 1046 2018 )
1111 1981 1303 2043 romeiam
1327 1983 1553 2044 vernaculam
1578 1981 1709 2044 diutius
1734 1986 1787 2062 ,us
1815 2003 1858 2045 ue

173 2060 202 2102 et
218 2051 367 2120 prosaica,
385 2044 432 2098 vel
450 2044 560 2118 potius,
575 2043 598 2096 si
614 2043 761 2115 tropicum
775 2058 894 2095 sensum
911 2039 1005 2093 anim·
1044 2034 1047 2135 )
1085 2003 1108 2062 p
1790 2005 1812 2064 q
1885 2003 1913 2062 7⁹

1044 2141 1047 2163 .
1085 2104 1157 2166 Ian.
1178 2106 1269 2184 1851)
1287 2104 1408 2175 coluit;
1427 2105 1533 2166 docta
1550 2104 1798 2168 dissertatione
1815 2126 1914 2167 suam

172 2151 327 2215 advertam,
351 2149 431 2203 seria
457 2159 486 2202 et
511 2143 636 2220 iocosa).
661 2145 808 2200 Volumen
830 2142 1003 2208 secundum,

174 2255 273 2329 linguai
290 2253 434 2308 litteraria
451 2253 605 2326 scriptum,
629 2251 657 2304 in
679 2261 854 2322 tegumenta
871 2248 1004 2320 ligatum.
1044 2173 1048 2283 l
1086 2226 1247 2288 defendit
1270 2226 1478 2288 dialectssmt
1508 2247 1598 2307 quae
1622 2237 1741 2289 tamen
1767 2249 1836 2290 non
1860 2240 1915 2292 est

174 2366 216 2431 4⁰·
245 2359 282 2430 83
310 2377 338 2433 Ρ·
368 2359 477 2431 lsscll’*
511 2355 596 2425 „Uen
621 2353 790 2409 Freunden.
821 2352 867 2408 An
892 2354 1005 2407 melnes
1085 2349 1290 2429 incorrupta
1312 2357 1434 2410 nostra
1455 2350 1679 2430 campestris,
1705 2353 1780 2431 sed,
1804 2353 1915 2415 mixta

175 2463 344 2518 Gartchens
362 2461 498 2528 ‘l‘htire“,
516 2459 579 2514 fin:
600 2459 682 2527 „Der
700 2457 783 2513 todte
800 2457 933 2514 Strauss.
957 2470 1002 2528 17.
1086 2490 1131 2531 ex
1147 2469 1319 2531 litteraria
1337 2478 1372 2530 et
1389 2468 1514 2530 alienis
1531 2490 1672 2551 quoque
1693 2471 1834 2553 linguis,
1860 2494 1915 2535 ur.

175 2568 259 2643 April
282 2566 393 2638 1850“.
418 2564 547 2620 Adserv.
570 2565 599 2618 in
621 2560 692 2618 bibl.
711 2560 796 2617 Scot.
821 2562 899 2616 Notzi
916 2575 967 2632 54,
985 2559 1003 2616 l.

1085 2593 1179 2652 bana
1203 2590 1432 2670 Viennensis,
1462 2590 1520 2652 illo
1549 2591 1671 2672 utique
1695 2601 1856 2674 tempore
1880 2596 1915 2657 in

181 2669 215 2726 16
233 2668 326 2747 (559).
353 2669 494 2724 Continet
516 2664 553 2736 65
574 2667 705 2721 carmina
726 2678 756 2720 et
778 2667 1004 2739 epigrammata,

1084 2713 1292 2774 hodiernam
1315 2714 1406 2774 luem
1428 2713 1768 2794 nondum'delapsa:
1792 2735 1916 2778 secun·

176 2779 203 2831 in
227 2773 335 2849 quibus
360 2786 457 2828 tamen
483 2768 631 2836 omnibus,
659 2788 719 2825 non
743 2768 884 2825 obstante
909 2769 1004 2834 titulo

175 2880 235 2935 bini
253 2896 372 2952 semper
388 2895 495 2932 versus
512 2877 654 2929 extremis
671 2871 772 2929 verbis
789 2875 866 2929 inter
883 2892 915 2928 se
933 2892 1005 2928 con·
1045 2867 1048 2936 l
1086 2836 1168 2896 dum
1185 2853 1366 2927 mgemum
1383 2843 1501 2895 autem
1523 2854 1569 2895 ex
1585 2835 1915 2898 Berth01d¹'⁰³rm¹'

176 2998 293 3040 sonant.
319 2984 391 3037 Dies
408 2981 637 3055 compositionis
655 2978 692 3034 ad
706 2979 817 3034 calcem
835 2985 1005 3053 poematum
1045 2943 1048 3056 l
1086 2957 1190 3018 nibus
1213 2956 1445 3037 resplendens
1469 2956 1538 3018 ista
1562 2977 1582 3017 ἃ
1606 2958 1830 3039 Ρθὲῐῃᾶῒῗῧῦὃ
1853 2959 1915 3020 lm·

175 3088 360 3162 singulorum
377 3086 497 3159 legitur.
1045 3060 1048 3075 ¹
1086 3079 1240 3140 mediate
1269 3099 1313 3140 ex
1342 3079 1475 3159 populo
1499 3078 1791 3158 provenientibus
1819 3082 1914 3142 nullo

262 3206 357 3267 Istae
385 3202 612 3264 collectiones
640 3211 736 3282 sunt,
765 3219 857 3282 quae
884 3221 1005 3263 veram
1086 3202 1191 3263 modo
1208 3200 1514 3280 distinguntur,—
1528 3220 1598 3280 qua
1609 3201 1714 3262 laude
1727 3201 1837 3263 maior
1848 3203 1915 3263 illis

175 3329 374 3406 iustamque
414 3323 598 3386 Bertholdi
639 3324 788 3405 gloriam
830 3322 1005 3393 efficiunt;
1087 3322 1193 3385 tribui
1210 3321 1342 3403 nequit.
1367 3322 1581 3384 Inserendus
1602 3323 1711 3404 igitur
1731 3333 1785 3386 est
1802 3323 1916 3406 Seng-

177 3450 271 3531 quod
299 3447 426 3509 clarius
451 3467 497 3508 ex
519 3446 617 3508 hisce
642 3444 794 3527 patebit:
827 3443 1005 3506 Austriaci
1086 3444 1229 3507 schmitt
1264 3463 1409 3506 numero
1445 3445 1629 3525 poetarum
1660 3446 1916 3509 Viennensium

177 3569 287 3634 nostri
300 3569 433 3632 saeculi
443 3568 571 3649 poetae
584 3568 618 3628 in
631 3566 896 3629 bifariamviam
909 3565 1005 3626 abie-
1088 3564 1142 3648 (G.
1168 3565 1276 3646 Seidl,
1305 3566 1335 3645 J.
1361 3566 1399 3627 F.
1425 3565 1584 3648 Castelli,
1614 3568 1800 3630 Klesheim
1825 3571 1915 3651 etc),

177 3704 270 3766 runt;
285 3692 397 3770 alteri,
411 3691 566 3751 scholam
576 3689 762 3770 poetarum
771 3685 1005 3748 recentiorum
1087 3688 1249 3751 omnibus
1262 3687 1326 3769 his,
1344 3688 1373 3750 si
1387 3690 1529 3769 quando
1543 3709 1653 3770 opera
1667 3690 1743 3752 eius
1756 3691 1791 3753 in
1804 3692 1917 3754 lucem

176 3817 414 3897 3eppavtssopa'vuv
431 3820 633 3892 sequentes,
650 3809 904 3871 revolutionem
923 3808 1006 3871 civi·
1047 3887 1049 3898 Ι
1087 3810 1298 3892 prodierint,
1322 3809 1415 3871 forte
1439 3811 1609 3892 superior.
1645 3810 1717 3874 Sed
1746 3833 1807 3875 cur
1830 3815 1917 3894 ipse,

177 3941 265 4017 lem,
294 3935 447 3997 omnium
476 3932 526 3994 uti
554 3952 645 3993 nunc
673 3940 754 3992 sunt
781 3950 898 3994 rerum
926 3950 1008 3993 con·
1087 3953 1290 4014 quanquam
1312 3935 1358 3994 ab
1380 3934 1519 3995 aemulo
1540 3954 1682 4015 quoque
1699 3933 1799 3998 Seidl
1824 3937 1919 3999 exci-

178 4068 361 4139 temptum,
387 4068 582 4117 extremam
605 4055 803 4116 libertatem
826 4052 1006 4134 politicam
1087 4066 1193 4136 tatuS,
1215 4055 1274 4116 illa
1292 4056 1397 4118 edere
1415 4057 1576 4135 noluerit,
1601 4057 1635 4119 in
1658 4059 1811 4119 carmine
1833 4079 1918 4138 quo-

178 4190 214 4241 et
230 4179 299 4240 alia
311 4176 512 4240 huiusmodi
525 4175 724 4237 fulminanti
737 4177 925 4237 verborum
937 4175 1007 4237 fra·
1088 4181 1184 4261 dam,
1213 4178 1269 4239 cui
1293 4177 1495 4240 inscribitur
1520 4176 1914 4261 ,D’Entschuldigung“

179 4320 265 4383 gore
291 4299 479 4368 crocitant;
508 4297 619 4375 alteri,
643 4297 775 4358 talibus
798 4297 1007 4359 tumultibus
1089 4301 1297 4381 (excusatio)
1327 4299 1490 4361 edicitur:
1523 4298 1625 4379 Fore,
1654 4299 1713 4377 ait,
1737 4308 1775 4362 ut
1799 4319 1917 4362 coram

180 4422 412 4501 abstinentes,
425 4439 502 4481 cum
512 4438 648 4480 musam
660 4418 938 4499 tranquilliorem
951 4439 1009 4482 co·
1087 4422 1288 4483 hominibus
1305 4440 1436 4483 canens
1453 4440 1535 4481 mox
1552 4430 1699 4500 propter
1714 4440 1838 4484 vocem
1856 4425 1915 4503 (sc.

178 4544 253 4605 lant
277 4553 326 4621 et,
352 4561 443 4622 quae
465 4561 548 4602 vere
572 4541 725 4602 humana
746 4549 843 4622 sunt,
868 4551 1007 4618 canant,
1088 4543 1336 4624 vernaculam),
1361 4560 1444 4603 mox
1468 4550 1616 4621 propter
1639 4541 1793 4605 animum
1816 4563 1916 4606 suum

179 4665 332 4727 incensis
347 4663 451 4725 huius
468 4663 547 4724 aevi
563 4661 742 4724 hominum
755 4662 880 4724 animis
895 4665 1009 4725 minus
1048 4734 1051 4765 Ι
1090 4667 1198 4745 (nulla
1213 4664 1350 4727 ratione
1366 4664 1643 4745 tumultuosum),
1668 4684 1752 4727 mox
1773 4676 1919 4748 propter

180 4789 322 4868 quidem
340 4786 514 4866 adrident,
539 4804 604 4866 pro
630 4783 828 4865 posteriore
849 4795 1009 4863 tempore
1089 4786 1194 4847 istam
1210 4795 1347 4848 vestem
1366 4786 1503 4866 (utpote
1520 4788 1773 4867 monachalem)
1796 4808 1918 4869 carpe·

180 4911 360 4971 modestas
369 4928 453 4970 suas
462 4909 602 4969 laureas
616 4915 856 4968 reservantes:
870 4906 910 4967 In
923 4926 1009 4987 quo·
1089 4919 1200 4982 retur;
1226 4928 1335 4988 quare
1360 4908 1445 4970 solis
1469 4907 1591 4969 amicis
1615 4927 1653 4969 se
1677 4928 1859 4970 susurrare
1883 4910 1918 4971 in

180 5051 256 5092 rum
266 5051 411 5093 numero
425 5031 530 5093 etiam
541 5028 889 5091 Bertholdusnoster
900 5026 1008 5109 venit,
1048 5080 1051 5125 ,
1089 5029 1311 5111 abscondite,
1334 5030 1446 5093 instar
1466 5030 1646 5110 lusciniae,
1672 5051 1763 5111 quae
1780 5032 1920 5094 nonnisi

182 5152 259 5234 qui,
284 5153 453 5215 arctiores
478 5152 641 5233 poeticae
664 5171 750 5213 suae
775 5150 898 5213 ditioni
921 5149 1010 5212 fines
1089 5154 1125 5215 in
1141 5153 1317 5215 umbrosis
1333 5153 1501 5215 silvarum
1517 5152 1690 5215 reditibus
1703 5173 1826 5215 vocem
1844 5155 1918 5215 dul-

181 5276 400 5336 constituens
417 5284 452 5335 et
469 5294 514 5336 ex
535 5274 577 5335 iis
593 5276 717 5355 solum,
738 5294 830 5354 quae
851 5273 1009 5355 quotidie
1090 5293 1166 5337 cem
1182 5273 1325 5337 fundat:
1344 5294 1388 5336 an
1404 5274 1506 5354 forte,
1520 5293 1612 5355 quae
1625 5275 1704 5355 ipsa
1717 5284 1846 5358 cantet,
1864 5287 1919 5360 ty·

182 5396 249 5456 sibi
272 5395 502 5476 accidebant,
531 5396 682 5458 canendi
704 5396 927 5458 occasionem
953 5415 1010 5457 ca·
1090 5394 1146 5476 pis
1162 5415 1316 5477 unquam
1334 5415 1412 5457 esse
1429 5396 1684 5476 imprimenda?

1660 5502 1712 5564 56*
