4178 6196
908 468 1187 535 *499-

169 648 351 712 facultatis
378 648 484 710 theol.
513 648 548 709 in
575 668 600 709 r.
625 647 719 711 univ.
745 648 1000 730 Budapestana
1085 650 1160 710 1831
1180 648 1259 710 Deo
1276 649 1410 729 optimo
1427 648 1578 730 primum
1592 647 1710 711 hostia
1726 648 1912 712 incruenta

171 770 397 851 collegiatus,
422 770 589 831 adsessor
613 778 649 831 et
673 769 830 832 notarius
854 790 881 832 s.
905 770 1001 832 sedis
1080 769 1206 832 litavit.
1231 768 1344 832 Curae
1367 770 1496 833 deinde
1517 771 1712 832 animarum
1735 770 1912 850 addictus,

171 892 315 954 consist.
338 889 638 969 archiabbatialis,
655 889 690 951 in
708 888 894 972 Csepregh
911 910 1000 952 corn.
1082 910 1160 953 cum
1173 910 1238 971 per
1252 910 1267 969 7
1282 911 1422 953 menses
1431 892 1622 974 parochiae
1631 891 1913 955 Hoebersbrunn

172 1012 320 1094 Sopron.
337 1011 373 1073 in
389 1010 576 1093 Hungaria
597 1011 654 1073 die
676 1032 704 1073 2.
723 1010 822 1092 Sept.
845 1015 922 1090 1837
941 1031 1002 1073 na-

171 1144 239 1214 115,
256 1155 282 1196 s.
299 1133 423 1195 habitu
440 1132 498 1194 die
516 1136 544 1193 8.
559 1130 657 1213 Sept.
677 1137 755 1194 1853
770 1134 925 1212 indutus,
941 1152 1002 1195 vo·

172 1267 209 1317 ta
229 1255 413 1317 sollemnia
435 1254 491 1315 die
513 1273 559 1330 14.
577 1255 652 1316 Ι11.
674 1258 753 1332 1859
777 1253 902 1316 emisit.
928 1254 1002 1316 Ab·

172 1376 296 1438 solutis
312 1375 347 1438 in
364 1397 391 1436 s
405 1384 564 1438 montes.
581 1374 785 1457 theologiae
801 1375 928 1438 studiis
945 1375 1002 1436 die

172 1503 201 1560 3.
215 1495 314 1578 Sept.
338 1500 418 1558 1860
433 1498 625 1579 presbyter
645 1497 828 1558 ordinatus
844 1507 908 1559 est.
933 1498 1004 1559 Per

172 1619 306 1700 aliquot
322 1637 463 1680 menses
480 1627 599 1680 orator
615 1638 636 1679 a
653 1617 763 1680 sacris
780 1618 816 1680 in
833 1638 858 1680 s.
872 1628 1001 1699 monte,

173 1740 301 1802 deinde
316 1743 480 1801 1860-61
497 1739 678 1820 professor
690 1760 809 1822 gymn.
820 1739 1001 1822 Strigonii,

178 1866 342 1924 1861—65
361 1860 502 1940 laurini,
516 1882 562 1923 ex
575 1880 617 1923 eo
630 1862 665 1923 in
679 1882 705 1925 S.
715 1872 834 1923 monte
847 1861 1001 1923 studium

172 1984 339 2045 biblicum
356 1983 541 2063 utriusque
557 1982 713 2044 foederis
729 1993 765 2044 et
782 1982 1002 2063 paedagogi·

173 2125 251 2167 cam
269 2104 555 2185 didacticamque
572 2105 684 2166 docet.
710 2101 875 2185 Scripsit:

261 2230 283 2285 I.
313 2228 465 2285 Gassendi
494 2229 527 2285 15
553 2248 572 2285 a
599 2228 788 2304 csillagriszat
815 2229 1001 2285 tortenelme.

172 2334 249 2412 (1.1.
272 2334 421 2390 Gassendi
448 2349 478 2391 et
498 2336 624 2391 historia
644 2332 870 2412 astronomiae.)
894 2335 927 2390 In
951 2333 1001 2389 lib.

172 2439 288 2514 period.
309 2439 467 2510 ,Tanodai
485 2440 607 2515 lapok“,
630 2438 720 2496 1861.

259 2560 296 2615 ll.
314 2562 361 2617 De
373 2559 473 2616 divina
482 2562 612 2617 Messiae
626 2573 732 2617 natura
745 2563 774 2616 11
788 2560 871 2616 libris
887 2562 1001 2635 antiqui

173 2664 314 2720 foederis.
350 2665 532 2720 Dissertatio
564 2683 620 2739 pro
648 2662 819 2721 obtinendis
847 2664 1000 2739 gradibus

177 2767 266 2841 1865.
285 2769 339 2824 115.

257 2888 540 2947 1111111111511111115
562 2908 580 2944 a
596 2889 896 2965 kdzeptanodakban.
922 2887 951 2968 (i.
975 2909 1001 2946 e.

173 2994 241 3062 Quo
263 2993 352 3048 modo
370 2993 526 3049 tractanda
542 2995 600 3049 sint
617 2996 644 3048 in
661 2994 773 3050 scholis
793 3013 893 3068 gymn.
914 3012 1001 3069 prae·

172 3111 260 3171 cepta
277 3092 455 3173 religionis.)
473 3097 506 3151 ln
522 3095 572 3153 lib.
591 3098 707 3172 period.
722 3077 895 3172 ,Religio“‚
910 3097 1001 3171 1873.

172 3202 193 3256 l.
212 3215 360 3273 41.-44.
378 3221 406 3256 1.

258 3322 308 3378 lV.
334 3323 381 3377 De
401 3320 538 3396 pluribus
559 3321 651 3378 rebus
668 3324 790 3397 scripsit
810 3325 838 3378 in
860 3322 1001 3395 encyclo·

173 3425 281 3500 paedia
297 3428 452 3481 societatis
469 3446 493 3482 s.
510 3424 666 3501 Stephani,
686 3439 731 3482 ut:
749 3427 786 3482 de
799 3427 885 3482 Rom.
902 3427 1002 3501 ponti·

173 3528 288 3594 ficibus,
307 3531 355 3604 qui
373 3548 480 3585 nornen
498 3529 641 3603 Gregorii
660 3543 830 3604 gesserunt.
847 3526 882 3606 (s,
896 3549 923 3585 v.
939 3527 998 3600 642

172 3632 276 3703 —663
304 3630 467 3711 columna),
497 3634 534 3689 de
561 3634 673 3689 Ioanne
697 3634 832 3698 Gerson,
857 3632 1001 3690 Gabriele

173 3737 367 3810 archange10,
385 3736 462 3804 Gad,
481 3736 613 3804 Gadara,
635 3737 748 3805 Gades,
770 3737 916 3805 Galilaea,
939 3737 1002 3793 Ga-

173 3841 280 3906 maliel,
299 3840 440 3907 Garizim,
458 3839 662 3909 Gaulonitide,
684 3841 777 3907 Gaza,
799 3840 921 3907 Genesi,
939 3840 1001 3897 Ge-

173 3948 268 4011 seni0,
286 3943 475 4010 Ghibellinis,
492 3943 592 4000 Gibea
609 3944 729 4001 Gibeon
746 3959 805 4001 cet.
823 3958 878 4000 cet.

258 4068 293 4124 V.
311 4067 496 4122 introductio
520 4069 548 4122 in
571 4085 676 4122 sacros
697 4066 790 4123 libros
814 4069 883 4123 novi
909 4079 1001 4123 testa·
1039 4076 1043 4149 7

172 4173 371 4246 meutiquam
386 4173 506 4246 scripsit
519 4170 640 4227 Samuel
650 4171 756 4226 1111111111
770 4190 798 4227 o.
810 4191 834 4227 s.
845 4173 888 4238 B..
902 4189 1001 4227 emen·
1039 4197 1042 4208 ·

172 4275 254 4331 davit
269 4290 299 4330 et
314 4277 397 4330 auxit
410 4275 545 4348 ignatius
555 4275 683 4332 Vurdics
696 4288 753 4331 cet.
772 4277 891 4331 laurini.
909 4273 1000 4348 1877.

173 4380 213 4436 8⁰.
233 4396 248 4436 2
269 4395 288 4435 1.
307 4393 366 4451 227
387 4393 417 4434 et
434 4393 493 4451 255
512 4399 541 4454 p.

258 4525 388 4619 Wagl
419 4535 705 4598 Fridericus
738 4533 1002 4616 (Scotensis),

172 4655 271 4716 Horn
288 4653 323 4715 in
337 4652 485 4714 Austria
501 4652 676 4714 inferioris
690 4653 823 4734 oppido
839 4651 935 4714 vitae
951 4652 1002 4713 lu·

171 4796 250 4837 men
267 4776 355 4838 adiit
372 4775 429 4837 die
454 4796 478 4836 1.
489 4773 589 4855 Sept.
605 4778 694 4853 1807.
719 4773 906 4836 Absolutis
922 4793 1002 4855 par·
1041 4790 1045 4887 7

171 4899 233 4959 tim
254 4898 385 4959 ibidem
403 4897 530 4977 partim
550 4897 711 4959 Viennae
732 4895 909 4978 gymnasii
930 4904 1002 4957 stu·
1041 4890 1044 5013 Ι
1082 4973 1098 5007 c

172 5019 239 5081 diis
260 5019 511 5082 monasterium
528 5021 574 5080 ad
590 5017 719 5099 Scotos
741 5017 923 5100 ingressus
947 5026 1002 5079 est
1041 5064 1043 5137 ,

172 5142 229 5203 die
254 5145 300 5202 18.
319 5141 397 5205 Oct.
421 5144 511 5203 1820.
535 5140 631 5202 Vota
647 5139 830 5202 sollemnia
848 5158 927 5200 curn
943 5137 1000 5200 die

173 5285 201 5339 4.
219 5263 306 5343 Apr.
330 5266 405 5324 1831
430 5261 607 5323 emisisset
632 5270 668 5323 et
692 5280 718 5322 s.
740 5259 942 5342 theologiae
965 5258 1001 5321 in

1082 1012 1301 1094 provisorem
1319 1013 1462 1094 egisset,
1480 1012 1515 1074 in
1529 1014 1783 1076 monasterium
1799 1016 1912 1076 redux

1082 1142 1182 1194 tanto
1199 1153 1277 1195 cum
1294 1133 1435 1195 fervore
1452 1132 1579 1195 studiis
1595 1153 1622 1195 s.
1636 1134 1839 1216 theologiae
1852 1155 1913 1197 va-

1082 1255 1198 1334 cabat,
1216 1264 1254 1317 ut
1267 1254 1425 1317 eiusdem
1439 1255 1621 1317 doctrinae
1634 1257 1759 1317 doctor
1770 1276 1792 1318 a
1803 1256 1913 1318 iacul-

1083 1384 1158 1437 tate
1180 1375 1384 1457 theologiae
1407 1376 1500 1438 univ.
1510 1375 1665 1438 Vindob.
1690 1375 1736 1438 sit
1757 1377 1913 1438 nomina-

1082 1506 1139 1556 tus
1156 1514 1248 1557 anno
1267 1500 1357 1558 1835.
1381 1496 1516 1558 Eodem
1529 1517 1622 1558 anno
1635 1497 1816 1578 professor
1831 1516 1913 1578 sup·

1081 1617 1184 1697 plens
1202 1616 1236 1679 in
1253 1637 1281 1681 c.
1299 1638 1325 1681 r.
1342 1619 1530 1699 gymnasio
1557 1620 1603 1680 ad
1623 1616 1752 1682 Scotos
1775 1630 1830 1680 est
1854 1621 1913 1681 de-

1082 1739 1254 1819 signatus.
1292 1737 1364 1802 Sed
1392 1741 1499 1821 paulo
1526 1751 1622 1822 post,
1651 1760 1730 1803 cum
1757 1742 1912 1804 studium

1081 1860 1249 1923 biblicum
1273 1882 1304 1924 n.
1326 1870 1350 1922 t.
1372 1861 1407 1922 in
1431 1862 1526 1923 univ.
1545 1861 1699 1923 Vindob.
1723 1863 1912 1944 docuisset,

1082 1981 1139 2042 die
1160 2003 1206 2060 19.
1220 1982 1323 2044 Febr.
1339 1986 1417 2044 1838
1436 1983 1594 2044 eiusdem
1612 1983 1820 2064 disciplinae
1834 2003 1914 2065 pro-

1081 2103 1197 2166 fessor
1208 2125 1243 2185 p.
1257 2124 1288 2165 0.
1303 2103 1503 2186 Graecium,
1520 2104 1556 2166 in
1573 2103 1715 2187 Styriae
1733 2106 1912 2187 oppidum,

1083 2233 1138 2286 est
1163 2225 1359 2306 profectuS,
1388 2227 1483 2306 quod
1507 2245 1632 2288 munus
1657 2246 1722 2306 per
1737 2233 1777 2289 33
1804 2227 1913 2289 conti-

1082 2366 1170 2409 nuos
1187 2367 1298 2409 annos
1314 2349 1405 2409 adeo
1423 2348 1568 2430 egregie
1585 2348 1763 2430 sustinuit,
1785 2359 1824 2412 ut
1844 2369 1912 2411 non

1081 2470 1193 2531 solum
1215 2469 1408 2531 identidem
1431 2469 1552 2533 facult.
1576 2471 1731 2552 theolog.
1760 2471 1794 2532 in
1819 2471 1913 2533 univ.

1082 2588 1208 2653 Graec.
1234 2592 1390 2653 decanus
1415 2590 1461 2652 sit
1486 2592 1686 2657 declaratus
1715 2593 1778 2653 sed
1807 2592 1912 2653 etiarn

1081 2721 1136 2773 ter
1164 2713 1318 2792 amplam
1347 2713 1495 2775 rectoris
1524 2710 1700 2794 magnifici
1728 2712 1763 2773 in
1789 2715 1913 2775 eadem

1082 2833 1235 2896 univers.
1271 2833 1482 2914 dignitatem
1522 2833 1723 2895 obtinuerit.
1764 2833 1914 2915 Insuper

1081 2954 1171 3016 rdmi
1199 2955 1341 3016 consist.
1371 2954 1529 3035 episcop.
1557 2951 1722 3036 Seccov.,
1751 2975 1815 3017 nec
1843 2975 1913 3018 non

1082 3076 1283 3138 communit.
1302 3074 1428 3137 Graec.
1446 3075 1667 3137 consiliarius
1689 3085 1744 3138 est
1767 3077 1912 3138 electus.

1082 3199 1188 3260 Anno
1209 3216 1294 3259 vero
1315 3202 1390 3275 1871
1415 3196 1628 3260 infirmitatis
1650 3219 1759 3260 causa
1779 3199 1814 3260 in
1836 3199 1913 3260 dies

1082 3319 1275 3383 crescentis
1302 3319 1337 3381 in
1365 3318 1484 3381 villam
1511 3339 1624 3400 prope
1652 3319 1915 3382 Piitzleinsdorf

1081 3440 1229 3502 recessit
1260 3439 1464 3521 ibidemque
1493 3439 1651 3520 violenta
1680 3441 1912 3503 dissolutione

1082 3573 1312 3643 consumptus
1321 3562 1429 3624 letum
1441 3561 1593 3643 oppetiit
1605 3562 1661 3624 die
1672 3586 1700 3639 4.
1709 3561 1809 3643 Sept.
1823 3567 1910 3642 1871.

1168 3659 1425 3764 Typis'edidit:

1168 3810 1190 3865 I.
1208 3808 1366 3864 Herzliche
1383 3808 1491 3864 Worte
1512 3827 1550 3863 an
1567 3810 1663 3865 meine
1677 3809 1789 3884 jungeri
1807 3810 1910 3865 'iheu-

1081 3914 1171 3987 logen
1193 3912 1241 3970 bei
1259 3911 1542 3986 Wiedererriffnung
1564 3913 1616 3968 der
1632 3913 1841 3987 Vorlesungen
1864 3931 1911 3967 arn

1083 4032 1132 4090 27.
1150 4018 1231 4072 Marz
1253 4014 1343 4088 1848.
1375 4016 1518 4089 Zugleich
1543 4019 1659 4072 meineri
1684 4016 1828 4089 Collcgen
1853 4015 1910 4069 und

1081 4122 1119 4178 all
1144 4125 1261 4178 meinen
1285 4120 1383 4177 lieben
1408 4122 1542 4178 Briidern
1566 4123 1625 4178 und
1648 4120 1909 4178 theilnehmenden

1082 4227 1241 4282 Freunden
1258 4226 1302 4281 als
1319 4226 1485 4281 Andenken
1507 4227 1590 4281 einer
1610 4225 1766 4280 schweren
1782 4224 1910 4288 Woche,

1083 4330 1142 4385 und
1159 4333 1275 4385 meineri
1292 4329 1479 4401 ehemaligen
1495 4326 1643 4384 Schiilern
1659 4326 1704 4382 als
1721 4327 1912 4400 Erinnerung

1082 4451 1119 4488 an
1144 4433 1200 4488 den
1225 4451 1406 4506 gewesenen
1428 4432 1553 4488 Lehrer.
1578 4428 1697 4509 (Oratio
1714 4427 1910 4507 academica.)

1083 4536 1216 4601 Graecii,
1239 4534 1328 4608 1848,
1345 4535 1425 4610 apud
1442 4535 1570 4589 Damian
1587 4547 1616 4589 et
1634 4532 1742 4608 Sorge.

1169 4639 1205 4695 II.
1223 4641 1286 4695 Der
1303 4641 1434 4696 Priester
1450 4639 1508 4693 und
1524 4638 1572 4694 die
1588 4640 1720 4695 Neuzeit.
1738 4635 1767 4716 (i.
1782 4658 1808 4694 e.
1826 4638 1909 4706 Quo-

1083 4744 1173 4799 modo
1197 4756 1301 4799 nostro
1330 4756 1466 4818 ternpore
1491 4742 1642 4799 sacerdoti
1666 4745 1704 4799 sit
1728 4760 1910 4798 conversan·

1082 4845 1174 4926 dum.)
1187 4847 1244 4903 Ein
1254 4848 1376 4921 Beitrag
1384 4866 1437 4902 zur
1448 4847 1797 4920 Pastoral·Anweisung.
1815 4847 1911 4902 Grae·

1101 4954 1129 5017 ii,
1152 4950 1241 5023 1850.
1262 4967 1273 5006 1
1294 4951 1354 5007 vol.
1372 4950 1470 5026 Typis
1487 4950 1588 5006 hered.
1606 4951 1643 5007 A.
1660 4951 1804 5024 Leykam.

1169 5074 1220 5129 Ill.
1246 5074 1308 5128 Der
1332 5072 1503 5128 christliche
1525 5071 1849 5145 Religionsunterricht
1873 5089 1909 5126 an

1081 5176 1134 5232 der
1150 5176 1351 5233 Volksschule
1373 5176 1432 5232 und
1449 5194 1496 5233 am
1513 5174 1719 5250 Gymnasium,
1741 5174 1910 5231 1111111111-

1080 5282 1159 5337 sicht
1171 5281 1224 5336 aus
1232 5281 1280 5337 die
1293 5279 1546 5353 Anforderungen
1560 5279 1613 5334 der
1626 5278 1821 5353 Gegenwart.
1839 5275 1869 5353 (i.
1882 5296 1908 5335 e.

171 5384 264 5446 univ.
275 5384 427 5445 Vindob.
445 5383 564 5445 studia
586 5382 764 5463 coluisset,
789 5381 847 5443 die
870 5401 920 5458 24.
937 5381 999 5444 Iul.
1039 5390 1042 5462 l
1081 5384 1242 5454 Quomodo
1264 5398 1369 5441 nostro
1385 5401 1463 5440 aevo
1479 5382 1617 5439 doctrina
1637 5383 1818 5438 christianae
1840 5383 1910 5438 reli·

1650 5482 1703 5541 63*
