4178 6196
939 479 978 489 -
1025 442 1182 505 XLVIII
1226 480 1268 488 -

233 668 443 748 perterritos
467 668 636 748 plaustris
659 668 795 749 paratis
819 669 1038 749 praedonum
1061 669 1173 732 instar
1189 670 1373 734 Brixinum
1391 683 1428 734 et
1444 672 1574 734 Forum
1591 691 1722 736 novum
1738 672 1774 735 in
1790 691 1971 736 carcerem

234 807 438 889 deportavit
453 806 487 888 ¹).

362 946 583 1010 Monasteria
605 966 691 1009 vero
715 944 1013 1029 Salisburgensia,
1037 949 1083 1010 ad
1104 968 1130 1011 s.
1147 947 1302 1031 Petrum,
1319 950 1612 1032 Nonnbergense,
1628 949 1970 1033 Michaelburanum,

234 1106 447 1167 quamquam
469 1105 540 1148 non
563 1086 861 1168 dissolvebantur,
885 1095 1004 1149 tamen
1026 1085 1156 1150 finibus
1179 1098 1253 1150 tam
1276 1088 1362 1151 artis
1385 1088 1654 1170 circumscripta
1675 1100 1767 1172 sunt,
1792 1099 1970 1154 uteorum

232 1223 392 1289 condicio
415 1225 477 1288 vix
499 1225 626 1288 laetior
653 1235 749 1288 esset
777 1245 882 1306 quam
907 1225 1141 1288 Tirolensium
1170 1236 1206 1289 et
1234 1228 1329 1289 haud
1357 1227 1464 1289 dubie
1495 1229 1584 1290 haec
1615 1247 1758 1309 quoque
1786 1228 1967 1292 interitum

231 1384 302 1427 non
326 1363 545 1448 effugissent,
568 1362 900 1446 nisi‘Salisburgum
923 1365 959 1427 in
982 1349 1199 1447 potestatem
1214 1365 1548 1448 Habsburgensium
1571 1367 1745 1432 rediisset.
1778 1368 1854 1431 Iam
1872 1369 1969 1432 enim

231 1505 452 1568 fortunarum
479 1503 740 1567 administratio
767 1504 810 1566 iis
837 1505 996 1587 dempta,
1028 1524 1159 1587 magna
1189 1506 1292 1588 copia
1324 1506 1505 1589 signorum
1537 1517 1646 1588 atque
1680 1518 1968 1571 ornamentorum

232 1644 422 1707 Monacum
455 1653 560 1724 rapta
594 1652 696 1706 erant
711 1644 744 1723 ²).
790 1642 950 1705 Tandem
979 1642 1069 1705 haec
1102 1662 1261 1724 quoque,
1297 1663 1375 1706 cum
1406 1643 1442 1706 in
1475 1655 1654 1708 conventu
1686 1645 1731 1707 de
1761 1664 1852 1726 pace
1887 1651 1969 1726 1814

230 1783 467 1846 Vindobonae
498 1783 621 1845 habito
649 1781 898 1864 Salisburgum
927 1780 1058 1844 finibus
1081 1782 1251 1845 Austriae
1282 1783 1498 1854 adiceretur,
1529 1803 1551 1845 a
1581 1783 1667 1865 iugo
1699 1786 1786 1847 duro
1816 1784 1970 1849 liberata
2067 1873 2069 1877 ι

230 1934 322 1987 sunt.
368 1923 485 1987 Etiam
517 1923 552 1985 in
576 1921 685 1985 Tiroli
713 1920 742 1982 F
744 1920 912 1983 iechtium
940 1931 977 1983 et
1003 1921 1108 1983 Mons
1130 1920 1267 1983 Mariae
1297 1941 1318 1983 a
1348 1921 1541 1983 Francisco
1571 1921 1786 2002 imperatore
1818 1926 1898 1984 1816
1932 1924 1970 1987 in

232 2064 411 2145 integrum
434 2062 600 2126 restituta
624 2072 715 2126 sunt.
760 2060 1017 2123 Monasterium
1041 2059 1185 2142 Augiae
1207 2059 1350 2122 maioris
1379 2061 1492 2122 solum
1520 2079 1700 2141 nunquam
1723 2061 1917 2125 resurrexit
1931 2065 1968 2142 ³).

358 2203 481 2283 Atque
513 2200 738 2263 Benedictini
768 2201 952 2283 Austriae‚
981 2198 1127 2282 Stiriae,
1160 2198 1374 2281 Carinthiae,
1406 2219 1619 2280 quamquam
1650 2220 1720 2263 non
1751 2200 1801 2263 ita
1833 2199 1968 2264 adflicti

230 2352 313 2404 sunt
336 2352 375 2404 ut
397 2341 527 2403 fratres
551 2338 754 2401 Tirolenses
777 2348 814 2401 et
837 2336 1141 2421 Salisburgenses,
1161 2348 1280 2401 tamen
1296 2337 1332 2400 in
1348 2338 1451 2400 bellis
1468 2337 1548 2419 illis,
1566 2337 1627 2399 ubi
1644 2335 1737 2401 Galli
1753 2349 1808 2401 ter
1825 2338 1860 2401 in
1878 2339 1969 2402 fines

230 2480 441 2542 Austriacos
465 2479 689 2560 inruperunt,
718 2498 788 2540 non
817 2478 929 2541 solum
956 2497 1122 2560 magnam
1146 2477 1319 2540 iacturam
1342 2476 1519 2559 fecerunt,
1551 2485 1591 2539 ut
1621 2477 1759 2558 patriae
1790 2478 1969 2542 laboranti

229 2619 462 2681 subvenitent
475 2617 511 2700 ⁴),
535 2618 600 2679 sed
624 2616 731 2679 etiam
754 2635 906 2699 magnae
927 2616 1101 2699 pecuniae
1118 2616 1164 2678 ab
1180 2617 1283 2679 hoste
1300 2617 1456 2697 superbo
1480 2616 1523 2677 iis
1547 2615 1753 2697 imperatae,
1777 2636 1824 2679 ex
1840 2617 1968 2680 biblio-

228 2758 342 2822 thecis
370 2756 570 2838 ceterisque
602 2755 872 2819 collectionibus
899 2774 956 2818 res
984 2754 1232 2836 pretiossimae
1259 2756 1402 2818 ablatae
1432 2716 1526 2818 sunt.
1573 2753 1899 2836 Circumspectione
1929 2767 1966 2820 et

221 2877 436 2959 'fortitudine
459 2895 641 2974 abbatum,
664 2893 700 2955 in
725 2893 852 2975 quibus
876 2892 1001 2955 Benno
1025 2891 1200 2975 Scoticus,
1224 2892 1382 2956 Isidorus
1404 2893 1632 2976 Mellicensis,
1658 2893 1873 2958 Godhardus
1889 2896 1967 2957 Ad-

229 3034 423 3097 montensis
447 3033 612 3114 eminent,
636 3031 770 3095 factum
794 3040 858 3113 est,
882 3040 921 3093 ut
943 3031 1032 3093 haec
1055 3031 1180 3113 gravia
1203 3032 1351 3093 vulnera
1374 3031 1547 3113 paulatim
1570 3043 1786 3096 curarentur.

360 3173 522 3236 Tandem
560 3171 769 3252 Napoleone
804 3170 901 3232 victo
936 3170 1043 3233 etiam
1081 3170 1117 3232 in
1153 3180 1267 3233 terras
1301 3170 1513 3234 Austriacas
1552 3170 1703 3233 candida
1737 3191 1811 3254 pax
1845 3172 1963 3238 rediit.

227 3312 304 3375 Iam
327 3313 414 3374 ordo
437 3330 503 3393 pro
520 3309 656 3373 viribus
672 3329 817 3373 munere
833 3330 897 3373 suo
913 3309 1016 3393 fungi
1036 3309 1165 3392 coepit.
1195 3309 1330 3391 Verum
1346 3309 1454 3373 etiam
1472 3320 1546 3373 tum
1563 3309 1644 3372 illae
1660 3311 1761 3394 leges
1776 3311 1960 3394 vigebant,

229 3449 358 3532 quibus
380 3450 530 3512 liberum
559 3469 639 3512 cum
666 3450 753 3512 sede
781 3449 979 3530 apostolica
1007 3448 1255 3511 commercium
1283 3448 1555 3530 prohibebatur,
1587 3458 1624 3511 et
1656 3447 1870 3511 novitiorum
1901 3469 1963 3513 ex-

227 3589 347 3670 ceptio
364 3588 399 3651 in
415 3587 687 3671 magistratuum
705 3588 850 3651 arbitrio
867 3597 953 3668 erat,
977 3597 1085 3669 atque
1102 3605 1251 3649 censura
1267 3588 1313 3648 ad
1329 3605 1452 3649 omnes
1467 3586 1588 3667 libros,
1613 3585 1720 3649 etiam
1736 3588 1783 3648 ad
1803 3586 1962 3650 ordinem

225 3729 353 3791 missas
377 3727 580 3790 celebrandi
604 3735 641 3789 et
662 3728 769 3789 horas
793 3725 983 3789 canonicas
1005 3724 1180 3788 recitandi
1202 3724 1416 3806 pertinebat,
1448 3733 1484 3787 et
1511 3725 1703 3788 abbatibus
1732 3728 1776 3788 de
1804 3725 1962 3789 moribus

226 3858 402 3930 sodalium
425 3867 472 3928 ad
494 3864 725 3951 magistratus
748 3864 880 3928 referre
903 3831 1227 3946 praescribebatur.

357 4005 474 4069 Etiam
497 4014 571 4068 tum
601 4005 638 4067 iri
666 4003 862 4086 disciplinis
893 4003 1104 4086 theologicis
1134 4003 1194 4066 ille
1221 4002 1502 4084 rationalismus,
1531 4014 1571 4066 ut
1594 4004 1709 4086 aiunt,
1733 4002 1901 4087 florebat,
1926 4017 1962 4067 et

229 4144 382 4208 ecclesia
407 4143 581 4207 catholica
605 4144 641 4206 in
664 4142 894 4207 nationalium
918 4141 1107 4205 ecclesiam
1131 4150 1348 4204 commutata
1371 4151 1449 4205 erat
1465 4143 1500 4222 5).

353 4282 423 4345 Hic
455 4282 647 4362 aliquando
679 4284 745 4344 sub
774 4280 922 4364 imperio
953 4281 1169 4344 Ferdinandi
1199 4281 1224 4345 I.
1257 4282 1512 4364 (1835—1848),
1544 4282 1600 4345 cui
1633 4281 1798 4346 clementi
1828 4302 1959 4347 nomen

224 4435 280 4488 est
302 4422 462 4504 inditum,
486 4420 563 4484 fieri
586 4423 632 4484 ad
655 4421 837 4485 meliorem
861 4441 961 4503 spem
984 4420 1166 4483 inclinatio
1190 4432 1245 4483 est
1261 4420 1348 4484 visa.
1379 4419 1447 4482 Hic
1472 4420 1716 4484 Benedictinis
1731 4420 1960 4484 Murensibus

355 4625 377 4705 ¹)
401 4629 507 4704 Egger
530 4627 549 4684 I.
574 4644 600 4682 c.
625 4626 677 4682 111.

354 4738 376 4819 ²)
400 4741 513 4810 Friess,
538 4738 665 4796 Studien
688 4737 707 4793 l.
731 4756 758 4795 c.
782 4737 818 4794 V.

353 4850 376 4930 ὃ)
399 4851 586 4910 Geschichte
609 4869 670 4908 von
693 4851 800 4906 Fiecht
821 4849 882 4906 und
904 4848 1027 4907 Staffler
1050 4851 1068 4906 l.
1094 4868 1119 4907 c.

352 4961 375 5041 ⁴)
398 4966 523 5021 Praeter
558 4981 683 5039 magnas
715 4964 860 5039 pecunias
889 4964 1072 5019 monasteria
1106 4976 1185 5037 1793
1219 4976 1249 5019 et
1286 4957 1366 5020 1810
1397 4964 1497 5017 omnia
1527 4979 1602 5017 vasa
1639 4961 1848 5018 ecclesiastica
1882 4979 1957 5018 auro

222 5090 389 5154 argentove
412 5077 552 5134 conlecta
574 5079 663 5133 etiam
688 5078 858 5134 ostensoria
881 5088 912 5132 et
934 5075 1045 5132 calices
1067 5093 1125 5151 pro
1149 5078 1228 5131 tenui
1253 5077 1501 5151 compensatione
1526 5072 1663 5130 conferre
1688 5075 1769 5130 iussa
1793 5086 1871 5130 sunt.

351 5188 374 5268 ⁵)
407 5189 538 5257 Beidtel,
569 5190 842 5265 Untersuchungen
871 5187 947 5245 dber
982 5187 1031 5244 die
1067 5186 1252 5244 kirchlichen
1283 5186 1434 5243 Zustande
1472 5187 1502 5242 in
1539 5186 1745 5243 Oesterreich.
1791 5187 1956 5246 Francisco

222 5307 387 5379 imperante
411 5321 532 5378 quoque
557 5303 642 5379 leges
665 5304 704 5360 de
720 5302 878 5379 disciplina
895 5303 970 5359 latas
988 5319 1056 5358 esse
1072 5299 1175 5357 videre
1195 5300 1266 5356 licet
1281 5319 1318 5356 ex
1335 5299 1459 5355 decreto
1475 5317 1503 5354 a.
1521 5298 1549 5354 d.
1566 5299 1617 5357 VI.
1635 5298 1784 5356 Calendas
1800 5300 1956 5356 Ianuarias

226 5416 304 5474 1822
330 5416 535 5492 promulgato,
559 5435 621 5490 quo
644 5417 682 5472 de
705 5414 808 5472 habitu
831 5416 945 5473 ordinis
969 5415 1044 5472 ioris
1067 5412 1179 5470 utendo
1203 5413 1293 5469 etde
1316 5413 1455 5469 clausura
1479 5423 1549 5468 cett.
1574 5410 1851 5488 praescribebatur.
