4178 6196
952 415 1232 483 „330-

223 619 274 661 21.
291 598 380 660 Nov.
407 600 485 675 1762
509 596 725 660 sollemniter
747 596 861 660 iurata
884 596 1052 662 scientias

223 721 444 804 theologicas
458 741 479 782 a
491 719 753 801 professoribus
766 720 970 784 domesticis
982 729 1052 783 tra·

224 844 317 908 ditas
333 843 543 906 adolescens
564 843 690 905 avidus
710 852 901 926 postquam
924 843 1052 923 hausit,

223 968 372 1050 primam
400 966 552 1028 hostiam
577 967 654 1028 Deo
678 965 806 1028 obtulit
833 966 890 1027 die
919 969 947 1028 5.
972 965 1052 1029 Oct.

227 1096 318 1171 1767.
357 1087 494 1153 Studiis
520 1088 716 1150 litterarum
743 1107 885 1170 semper
910 1089 1052 1151 deditus

222 1212 461 1276 bibliothecae
489 1219 525 1273 et
551 1229 672 1272 museo
696 1216 812 1273 re‘rum
838 1209 1052 1273 naturalium

224 1337 423 1416 complures
433 1352 544 1395 annos
553 1343 672 1396 custos
681 1332 845 1414 praefuit.
862 1332 955 1395 Hinc
969 1351 1052 1394 avo·

224 1468 325 1520 catus
355 1454 471 1519 officio
496 1454 674 1537 prioratus
700 1473 765 1535 per
791 1474 899 1516 unum
923 1474 1052 1516 annum

224 1579 470 1644 administrato
487 1596 649 1639 camerae
671 1576 887 1639 domesticae
908 1595 1052 1638 munere

223 1723 288 1786 per
304 1707 345 1765 30
362 1701 501 1763 circiter
516 1719 627 1762 annos
640 1719 778 1762 omnem
794 1698 969 1780 impendit
984 1699 1052 1761 sol-

177 1904 186 1922 ,
224 1823 452 1888 licitudinem.
476 1822 640 1904 Denique
660 1820 795 1883 viribus
820 1821 977 1902 corporis
999 1840 1053 1883 se-

224 1957 367 2010 nectute
395 1945 517 2008 fractis
546 1945 603 2007 die
635 1965 682 2008 11.
706 1944 769 2007 Iul.
800 1948 880 2021 1814
910 1953 1053 2025 septua-

225 2070 392 2154 genarius
409 2067 506 2131 obiit.
532 2066 697 2148 Scripsit:

312 2197 447 2252 Historia
471 2196 643 2251 monasterii
668 2213 697 2249 o.
722 2213 746 2249 S.
771 2193 804 2250 Ρ.
830 2195 862 2249 B.
886 2190 1053 2249 Seitensta-

225 2302 345 2368 diensiS,
369 2313 449 2358 cont.
467 2302 495 2355 in
512 2312 582 2355 tom.
599 2299 679 2355 VIII.
705 2298 846 2368 „Austria
862 2299 967 2353 sacra“
986 2314 1004 2352 a
1020 2296 1051 2352 P.

225 2409 361 2463 Mariano
378 2404 497 2461 Fiedler
514 2406 677 2480 conscript.
694 2403 794 2468 wien,
816 2399 905 2475 1783.

311 2550 579 2646 Pampichler
607 2561 843 2626 Norbertus
876 2557 1054 2641 (Seiten-

225 2680 481 2762 stadiensis),
502 2677 758 2743 Stockeraviae
780 2677 817 2740 in
833 2675 980 2738 Austria
1003 2675 1053 2737 in-

224 2804 352 2868 feriore
370 2802 427 2865 die
444 2808 495 2865 3ο.
509 2799 609 2882 Sept.
627 2804 707 2879 1716
720 2808 834 2878 natuS,
851 2797 979 2860 litteris
991 2797 1054 2859 hu-

225 2925 442 2990 manioribus
460 2934 495 2987 et
511 2922 765 3005 philosophicis
778 2920 939 2982 Viennae
956 2918 1054 2981 Insti-

225 3060 332 3129 tutus,
354 3069 380 3110 s.
398 3047 555 3109 ordinem
572 3047 606 3107 in
625 3042 915 3108 Seitenstettensi
935 3061 1054 3105 mona-

225 3171 332 3233 sterio
342 3179 398 3232 est
407 3165 901 3248 die28.Oct.1736professus.
912 3162 1054 3228 Stheo·

224 3295 342 3376 logiae
356 3302 391 3355 et
403 3277 700 3374 iurisprudentiae
713 3288 840 3352 studiis
854 3287 1054 3369 Salisburgi

225 3417 260 3478 in
284 3417 376 3477 alma
399 3414 711 3476 Benedictinorum
735 3409 967 3474 universitate
991 3412 1053 3472 ab·

225 3537 349 3602 solutis
366 3536 423 3621 die
444 3541 491 3599 13.
508 3536 597 3599 Νον.
618 3556 695 3615 1741
719 3535 869 3616 primam
884 3533 963 3595 Deo
980 3553 1053 3595 om-

227 3659 402 3743 nipotenti
419 3659 547 3721 obtulit
562 3658 714 3720 hostiam
730 3658 960 3719 incruentam.
980 3654 1052 3716 Va-

225 3783 286 3845 riis
307 3780 509 3844 monasterii
534 3778 660 3842 officiis
685 3799 821 3841 summa
845 3798 924 3841 cum
947 3778 1052 3839 laude

225 3905 339 3988 gestis
355 3904 446 3965 inter
461 3901 594 3984 primos
610 3901 686 3981 fuit,
704 3901 762 3982 qui
781 3899 982 3982 theologiae
999 3919 1054 3960 sa-

226 4048 306 4091 crae
323 4026 477 4089 studium
494 4025 530 4086 in
543 4023 756 4086 monasterio
768 4021 1054 4085 Seitenstettensi

225 4150 457 4213 tradiderunt.
475 4147 629 4227 Propter
643 4145 817 4228 insignem
830 4145 996 4207 virtutem
1008 4146 1055 4207 ad

225 4291 351 4335 munus
382 4269 559 4351 prioratus
585 4277 735 4330 vocatus
762 4266 816 4328 vir
843 4286 912 4329 non
940 4267 1054 4329 minus

228 4396 354 4457 doctus
370 4412 476 4474 quam
491 4390 667 4473 benignus
681 4388 941 4472 exspectationi
958 4390 1002 4451 de
1015 4408 1054 4450 se

226 4525 422 4597 conceptae
439 4533 580 4595 semper
596 4511 726 4594 ubique
741 4510 924 4573 satisfecit.
950 4509 1054 4591 Quod

226 4658 351 4702 munus
376 4647 566 4719 postquam
589 4654 717 4698 novem
741 4653 852 4697 annos
884 4633 1053 4715 explevit,

226 4761 401 4844 parochus
416 4759 452 4821 ln
462 4759 702 4840 Alhartsberg
713 4757 760 4819 ad
772 4757 890 4819 Ibsam
908 4754 1053 4818 fluvium

122 4948 128 4957 ,
227 4882 453 4947 constituitur
469 4883 533 4944 sed
546 4880 615 4943 iam
627 4881 766 4943 duobus
778 4879 959 4942 mensibus
971 4888 1054 4961 post

227 5005 416 5088 pleuritide
433 5014 617 5087 correptus
633 5003 692 5085 pie
708 5003 745 5065 in
756 5002 909 5065 Domino
925 5003 1053 5064 obdor-

229 5129 329 5191 mivit
346 5133 396 5191 25.
412 5128 500 5190 Dec.
522 5131 612 5205 1768.
636 5124 801 5207 Scripsit:

314 5273 336 5328 I.
358 5272 541 5328 Dissertatio
558 5269 919 5344 theologico-dogmatica
945 5268 982 5325 de
1006 5286 1054 5324 sa·

228 5379 288 5433 cris
312 5374 606 5452 peregrinationibus
630 5373 782 5450 rebusque
806 5375 967 5440 connexis,
995 5390 1054 5447 qua

1132 603 1246 662 iVarum
1268 603 1413 660 honestas
1429 617 1459 660 et
1475 603 1586 660 utilitas
1608 604 1792 672 ostenditur,
1815 606 1965 680 inspersis

1133 726 1188 784 pro
1211 711 1437 784 opportunitate
1457 711 1507 777 iia,
1532 727 1610 784 quae
1634 712 1786 784 attingunt
1810 707 1963 767 celebrem

1132 815 1408 887 peregrinationem
1431 815 1470 870 ad
1491 827 1622 871 montem
1646 816 1785 872 sanctiss.
1802 813 1964 871 Trinitatis

1133 916 1337 994 Sontagberg.
1362 917 1487 994 Styrae‚
1512 920 1593 994 typis
1616 917 1759 994 Gregorii
1784 918 1963 976 Mennhard.

1137 1036 1227 1098 Ι759·
1245 1030 1287 1096 4⁰·
1859 1022 1869 1039 '

1219 1128 1256 1184 II.
1270 1129 1436 1202 Catalogus
1445 1128 1729 1186 historico-criticus
1741 1127 1885 1186 abbatum
1899 1146 1964 1185 mo-

1133 1234 1255 1289 nasterii
1268 1231 1529 1290 Seitenstettensis
1542 1235 1716 1308 praemissis
1729 1235 1778 1302 iis,
1789 1252 1870 1308 quae
1882 1235 1963 1290 eius·

1132 1337 1199 1394 dem
1216 1338 1298 1394 initia
1314 1350 1344 1393 et
1359 1336 1535 1394 fundatores
1549 1339 1686 1394 attinent.
1704 1338 1855 1394 Manuscr.
1869 1339 1899 1394 in
1911 1336 1962 1394 Iol.

1133 1443 1162 1497 in
1178 1442 1292 1498 archiv.
1309 1439 1491 1498 Seitenstad.
1508 1441 1628 1499 adserv.

1220 1547 1271 1602 III.
1288 1544 1477 1620 Genealogia
1492 1545 1643 1603 Udiscalci
1661 1548 1778 1603 comitis
1795 1546 1833 1603 de
1849 1544 1915 1603 Still
1933 1558 1964 1602 et

1133 1651 1215 1707 Hefit
1237 1670 1292 1707 nec
1318 1669 1378 1706 non
1403 1664 1573 1707 ceterorum
1599 1652 1773 1708 monasterii
1794 1650 1964 1709 Seitensta-

1133 1755 1244 1812 diensis
1265 1754 1465 1812 fundatorum.
1490 1756 1640 1833 Manuscr.
1666 1759 1696 1813 in
1719 1756 1770 1813 Iol.
1795 1758 1824 1812 in
1848 1756 1962 1813 archiv.

1133 1859 1316 1917 Seitenstad.
1333 1860 1452 1917 adserv.

1218 2006 1464 2081 Paradeiser
1492 2019 1706 2082 Marianus
1737 2019 1964 2102 (Mellicen-

1133 2136 1213 2217 sis),
1230 2155 1323 2198 anno
1344 2155 1421 2217 1747
1437 2137 1494 2199 die
1512 2158 1558 2200 11.
1573 2137 1651 2202 Oct.
1667 2138 1913 2201 Riedenthalii
1929 2137 1963 2200 in

1133 2259 1281 2322 Austria
1294 2268 1409 2341 natus,
1423 2261 1516 2322 votis
1529 2261 1759 2324 sollemnibus
1772 2281 1865 2324 anno
1882 2267 1960 2342 1767

1134 2384 1169 2446 in
1185 2384 1399 2447 monasterio
1416 2384 1613 2447 Mellicensi
1635 2384 1692 2446 die
1710 2406 1760 2447 21.
1777 2385 1963 2449 Nov.’Deo

1134 2506 1348 2587 nuncupatis
1356 2556 1364 2587 ,
1393 2506 1514 2589 primis
1543 2507 1653 2569 sacris
1677 2527 1770 2570 anno
1799 2528 1877 2587 1771
1906 2507 1962 2569 die

1136 2650 1185 2708 29·
1200 2627 1299 2711 Sept.
1316 2639 1494 2711 operatus,
1512 2629 1731 2692 iuventutem
1748 2631 1837 2692 duos
1850 2650 1963 2693 annos

1134 2752 1386 2835 grammaticis,
1403 2751 1565 2834 poeticis,
1586 2752 1842 2834 rhetoricisque
1859 2753 1963 2816 disci·

1134 2875 1238 2957 plinis
1255 2874 1380 2937 imbuit
1397 2884 1432 2937 et
1449 2879 1527 2954 1775
1543 2873 1601 2936 die
1619 2878 1665 2938 16.
1679 2874 1768 2937 Nov.
1784 2873 1857 2958 legi
1874 2894 1963 2937 mor·

1135 2997 1181 3060 tis
1201 2996 1397 3078 succubuit,
1422 2996 1594 3078 omnibuS,
1621 2996 1749 3078 quibus
1773 2999 1820 3059 ob
1844 2997 1963 3060 candi-

1134 3119 1326 3200 dissimum,
1347 3118 1740 3200 mansuetissimumque
1757 3118 1912 3181 animum
1928 3131 1963 3181 et

1133 3241 1309 3324 insignem
1319 3241 1470 3303 musices
1479 3241 1641 3323 peritiam
1654 3240 1689 3302 in
1699 3241 1878 3304 amoribus
1886 3241 1963 3323 fuit,

1134 3363 1187 3426 sui
1205 3363 1381 3426 desiderio
1397 3362 1533 3426 relicto.
1558 3362 1724 3444 Scripsit:

1220 3493 1242 3547 I.
1267 3490 1384 3564 Ecloga
1400 3488 1541 3546 Seiadon.
1568 3490 1601 3545 In
1622 3480 1812 3565 optatissimo
1833 3491 1963 3547 adventu

1133 3597 1357 3652 eminentissimi
1381 3608 1411 3650 et
1432 3594 1590 3651 celsissimi
1611 3596 1754 3670 principis
1771 3596 1789 3650 i.
1807 3615 1830 3651 r.
1849 3614 1876 3652 e.
1897 3614 1964 3652 car-

1133 3700 1238 3756 dinalis
1252 3699 1461 3776 Christophori
1479 3699 1516 3755 de
1529 3700 1664 3773 Migazzi,
1680 3698 1768 3755 Waal
1781 3712 1811 3755 et
1823 3698 1962 3756 Sonuen·

1133 3804 1221 3860 thum
1244 3805 1465 3880 archiepiscopi
1489 3803 1678 3861 Viennensis.
1709 3802 1785 3860 Vide
1813 3801 1964 3861 Schuster

1133 3909 1224 3974 Beda,
1238 3910 1289 3984 qui
1301 3909 1534 3983 huiuseclogae,
1547 3906 1585 3964 ad
1601 3926 1691 3982 quam
1706 3922 1810 3965 noster
1828 3911 1964 3966 musicen

1133 4016 1265 4090 scripsit,
1282 4026 1460 4070 auctorest.
1478 4012 1543 4069 Fol.
1561 4014 1635 4069 Msc.

1220 4118 1257 4173 II.
1270 4090 1477 4192 Si'riggedicht,
1490 4117 1535 4173 als
1547 4114 1638 4173 Scine
1647 4115 1774 4174 Gnaden
1787 4117 1846 4173 und
1859 4118 1964 4175 Hoch·

1134 4222 1267 4290 wiirden,
1292 4222 1346 4278 der
1366 4221 1446 4278 Herr
1467 4222 1568 4280 Urban
1589 4223 1636 4287 ΙΙ..
1662 4221 1724 4278 Abt
1744 4242 1779 4277 zu
1802 4221 1893 4292 Melk,
1918 4222 1963 4279 als

1135 4328 1219 4383 einer
1239 4325 1389 4383 ldblichen
1407 4345 1434 4382 n.
1452 4332 1480 4382 6.
1498 4325 1683 4382 Landschalt
1699 4326 1872 4383 wirklicher
1887 4326 1963 4383 Ver·

1134 4430 1277 4487 ordneter
1300 4448 1359 4487 von
1383 4430 1449 4487 dem
1472 4427 1621 4486 ldblichen
1638 4430 1887 4487 Pralatenstande
1903 4433 1965 4487 ein-

1133 4536 1224 4610 heliig
1240 4535 1366 4592 erwtihit
1382 4535 1514 4591 worden.
1540 4531 1569 4612 (i.
1587 4553 1613 4591 e.
1636 4535 1764 4591 Carmen
1786 4534 1823 4590 ad
1840 4535 1964 4592 electio-

1133 4659 1200 4696 nem
1213 4638 1324 4697 Urbani
1342 4641 1370 4695 in
1382 4638 1556 4715 deputatum
1570 4636 1767 4718 provinciae.)
1784 4639 1827 4696 Im
1840 4639 1966 4697 Kloster

1132 4744 1213 4800 Melk
1236 4743 1290 4800 aul
1307 4744 1509 4818 Verordnung
1533 4746 1633 4800 seiner
1658 4743 1837 4819 geistlichen
1861 4743 1965 4801 Sdhne

1133 4868 1193 4906 von
1218 4848 1271 4905 der
1294 4848 1434 4922 dortigen
1458 4847 1661 4924 Schuljugend
1685 4847 1883 4924 abgesungen
1907 4849 1965 4907 den

1138 4967 1185 5026 17.
1202 4953 1352 5029 Hornuug
1369 4951 1459 5028 1765.
1484 4954 1541 5010 Die
1554 4954 1654 5010 Musik
1666 4955 1704 5010 ist
1715 4972 1776 5010 von
1789 4953 1859 5011 Carl
1872 4955 1965 5011 Para·

1134 5058 1244 5126 deiser,
1268 5058 1322 5114 der
1346 5057 1375 5114 6.
1393 5058 1504 5115 Schule
1525 5059 1724 5116 bessiessenen
1744 5059 1890 5116 Alumnus
1913 5059 1965 5115 da·

1134 5162 1238 5220 selbst.
1256 5163 1321 5219 Fol.
1338 5165 1412 5221 Msc.

1221 5268 1273 5325 III.
1291 5269 1406 5325 Kurzer
1418 5269 1538 5325 BerIcht
1550 5287 1609 5325 von
1622 5268 1689 5325 dem
1704 5268 1964 5344 wuuderthatigeu

1135 5372 1266 5446 heiligen
1290 5374 1424 5442 Kreuze,
1449 5372 1580 5431 welches
1604 5375 1633 5430 in
1655 5375 1710 5431 der
1733 5373 1965 5432 benedictineri·
