<?xml version="1.0" encoding="UTF-8"?>
<!DOCTYPE html PUBLIC "-//W3C//DTD XHTML 1.0 Transitional//EN"
    "http://www.w3.org/TR/xhtml1/DTD/xhtml1-transitional.dtd">
<html xmlns="http://www.w3.org/1999/xhtml" xml:lang="en" lang="en">
 <head>
  <title>
</title>
<meta http-equiv="Content-Type" content="text/html;charset=utf-8" />
  <meta name='ocr-system' content='tesseract 3.04.00' />
  <meta name='ocr-capabilities' content='ocr_page ocr_carea ocr_par ocr_line ocrx_word'/>
</head>
<body>
  <div class='ocr_page' id='page_1' title='image "./scriptoresordin00austgoog_0207.png"; bbox 0 0 4178 6196; ppageno 0'>
   <div class='ocr_carea' id='block_1_1' title="bbox 918 415 1174 501">
    <p class='ocr_par' dir='ltr' id='par_1_1' title="bbox 918 415 1174 501">
     <span class='ocr_line' id='line_1_1' title="bbox 918 415 1174 501; baseline 0 -36"><span class='ocrx_word' id='word_1_1' title='bbox 918 415 1174 501; x_wconf 68' lang='lat'><strong>..78-</strong></span> 
     </span>
    </p>
   </div>
   <div class='ocr_carea' id='block_1_2' title="bbox 180 618 1005 703">
    <p class='ocr_par' dir='ltr' id='par_1_2' title="bbox 180 618 1005 703">
     <span class='ocr_line' id='line_1_2' title="bbox 180 618 1005 703; baseline -0.005 -19"><span class='ocrx_word' id='word_1_2' title='bbox 180 626 270 703; x_wconf 77' lang='lat'><strong>1844,</strong></span> <span class='ocrx_word' id='word_1_3' title='bbox 291 630 479 703; x_wconf 90' lang='lat' dir='ltr'>neomysta</span> <span class='ocrx_word' id='word_1_4' title='bbox 501 623 529 683; x_wconf 90' lang='grc'>8.</span> <span class='ocrx_word' id='word_1_5' title='bbox 547 619 641 701; x_wconf 91' lang='lat' dir='ltr'>Aug.</span> <span class='ocrx_word' id='word_1_6' title='bbox 664 622 755 700; x_wconf 86' lang='lat'><strong>1847,</strong></span> <span class='ocrx_word' id='word_1_7' title='bbox 777 618 907 681; x_wconf 85' lang='lat' dir='ltr'>exinde</span> <span class='ocrx_word' id='word_1_8' title='bbox 924 637 1005 681; x_wconf 93' lang='lat' dir='ltr'>coo-</span> 
     </span>
    </p>
   </div>
   <div class='ocr_carea' id='block_1_3' title="bbox 175 741 1006 1436">
    <p class='ocr_par' dir='ltr' id='par_1_3' title="bbox 175 741 1006 1436">
     <span class='ocr_line' id='line_1_3' title="bbox 176 741 1006 825; baseline -0.004 -19"><span class='ocrx_word' id='word_1_9' title='bbox 176 754 320 825; x_wconf 83' lang='lat' dir='ltr'>perator</span> <span class='ocrx_word' id='word_1_10' title='bbox 355 742 390 804; x_wconf 91' lang='lat' dir='ltr'>in</span> <span class='ocrx_word' id='word_1_11' title='bbox 420 742 607 822; x_wconf 86' lang='lat' dir='ltr'>Abtenau‚</span> <span class='ocrx_word' id='word_1_12' title='bbox 645 742 831 804; x_wconf 90' lang='lat' dir='ltr'>catecheta</span> <span class='ocrx_word' id='word_1_13' title='bbox 865 741 1006 804; x_wconf 89' lang='lat' dir='ltr'>scholae</span> 
     </span>
     <span class='ocr_line' id='line_1_4' title="bbox 176 862 1006 947; baseline -0.005 -19"><span class='ocrx_word' id='word_1_14' title='bbox 176 868 371 947; x_wconf 85' lang='lat' dir='ltr'>puellarum</span> <span class='ocrx_word' id='word_1_15' title='bbox 392 865 428 927; x_wconf 92' lang='lat' dir='ltr'>in</span> <span class='ocrx_word' id='word_1_16' title='bbox 443 864 650 947; x_wconf 87' lang='lat' dir='ltr'>Nonnberg‚</span> <span class='ocrx_word' id='word_1_17' title='bbox 677 864 832 926; x_wconf 85' lang='lat' dir='ltr'>director</span> <span class='ocrx_word' id='word_1_18' title='bbox 854 862 1006 926; x_wconf 91' lang='lat' dir='ltr'>instituti</span> 
     </span>
     <span class='ocr_line' id='line_1_5' title="bbox 176 985 1006 1069; baseline -0.001 -20"><span class='ocrx_word' id='word_1_19' title='bbox 176 1010 201 1050; x_wconf 87' lang='grc'>5.</span> <span class='ocrx_word' id='word_1_20' title='bbox 219 987 399 1051; x_wconf 90' lang='lat' dir='ltr'>Vincentii</span> <span class='ocrx_word' id='word_1_21' title='bbox 415 1006 480 1068; x_wconf 91' lang='lat' dir='ltr'>pro</span> <span class='ocrx_word' id='word_1_22' title='bbox 496 986 617 1069; x_wconf 90' lang='lat' dir='ltr'>pueris</span> <span class='ocrx_word' id='word_1_23' title='bbox 634 985 839 1067; x_wconf 85' lang='lat' dir='ltr'>educandis,</span> <span class='ocrx_word' id='word_1_24' title='bbox 856 1004 1006 1048; x_wconf 90' lang='lat' dir='ltr'>oecono-</span> 
     </span>
     <span class='ocr_line' id='line_1_6' title="bbox 175 1089 1006 1192; baseline -0.004 -19"><span class='ocrx_word' id='word_1_25' title='bbox 175 1131 252 1173; x_wconf 87' lang='lat' dir='ltr'>mus</span> <span class='ocrx_word' id='word_1_26' title='bbox 264 1110 478 1192; x_wconf 86' lang='lat' dir='ltr'>monasterii,</span> <span class='ocrx_word' id='word_1_27' title='bbox 491 1089 635 1172; x_wconf 84' lang='lat' dir='ltr'>tandem</span> <span class='ocrx_word' id='word_1_28' title='bbox 649 1109 803 1173; x_wconf 85' lang='lat' dir='ltr'>vicarius</span> <span class='ocrx_word' id='word_1_29' title='bbox 815 1108 1006 1191; x_wconf 89' lang='lat' dir='ltr'>parochiae</span> 
     </span>
     <span class='ocr_line' id='line_1_7' title="bbox 176 1232 1006 1313; baseline -0.006 -17"><span class='ocrx_word' id='word_1_30' title='bbox 176 1233 209 1296; x_wconf 95' lang='lat' dir='ltr'>in</span> <span class='ocrx_word' id='word_1_31' title='bbox 226 1234 418 1295; x_wconf 88' lang='lat' dir='ltr'>Dornbach</span> <span class='ocrx_word' id='word_1_32' title='bbox 442 1232 657 1296; x_wconf 92' lang='lat' dir='ltr'>constitutus</span> <span class='ocrx_word' id='word_1_33' title='bbox 680 1240 745 1313; x_wconf 87' lang='lat' dir='ltr'>est,</span> <span class='ocrx_word' id='word_1_34' title='bbox 769 1249 878 1293; x_wconf 90' lang='lat' dir='ltr'>aurea</span> <span class='ocrx_word' id='word_1_35' title='bbox 902 1249 1006 1292; x_wconf 90' lang='lat' dir='ltr'>cruce</span> 
     </span>
     <span class='ocr_line' id='line_1_8' title="bbox 175 1353 1005 1436; baseline -0.006 -17"><span class='ocrx_word' id='word_1_36' title='bbox 175 1376 254 1419; x_wconf 90' lang='lat' dir='ltr'>cum</span> <span class='ocrx_word' id='word_1_37' title='bbox 267 1375 397 1418; x_wconf 88' lang='lat' dir='ltr'>corona</span> <span class='ocrx_word' id='word_1_38' title='bbox 408 1374 472 1436; x_wconf 89' lang='lat' dir='ltr'>pro</span> <span class='ocrx_word' id='word_1_39' title='bbox 485 1354 620 1417; x_wconf 90' lang='lat' dir='ltr'>meritis</span> <span class='ocrx_word' id='word_1_40' title='bbox 634 1353 797 1418; x_wconf 89' lang='lat' dir='ltr'>civilibus</span> <span class='ocrx_word' id='word_1_41' title='bbox 807 1355 1005 1416; x_wconf 91' lang='lat' dir='ltr'>decoratus.</span> 
     </span>
    </p>
   </div>
   <div class='ocr_carea' id='block_1_4' title="bbox 262 1493 897 1576">
    <p class='ocr_par' dir='ltr' id='par_1_4' title="bbox 262 1493 897 1576">
     <span class='ocr_line' id='line_1_9' title="bbox 262 1493 897 1576; baseline -0.005 -18"><span class='ocrx_word' id='word_1_42' title='bbox 262 1496 367 1559; x_wconf 91' lang='lat' dir='ltr'>Prelo</span> <span class='ocrx_word' id='word_1_43' title='bbox 384 1495 548 1558; x_wconf 88' lang='lat' dir='ltr'>submisit</span> <span class='ocrx_word' id='word_1_44' title='bbox 566 1514 676 1576; x_wconf 90' lang='lat' dir='ltr'>opera</span> <span class='ocrx_word' id='word_1_45' title='bbox 692 1493 897 1576; x_wconf 84' lang='lat' dir='ltr'>sequentia:</span> 
     </span>
    </p>
   </div>
   <div class='ocr_carea' id='block_1_5' title="bbox 174 1637 1008 3596">
    <p class='ocr_par' dir='ltr' id='par_1_5' title="bbox 175 1637 1006 2028">
     <span class='ocr_line' id='line_1_10' title="bbox 263 1637 1006 1697; baseline -0.005 -2"><span class='ocrx_word' id='word_1_46' title='bbox 263 1641 284 1696; x_wconf 94' lang='lat' dir='ltr'>l.</span> <span class='ocrx_word' id='word_1_47' title='bbox 307 1639 474 1697; x_wconf 90' lang='lat' dir='ltr'>Handbuch</span> <span class='ocrx_word' id='word_1_48' title='bbox 498 1639 544 1695; x_wconf 79' lang='lat' dir='ltr'>lfir</span> <span class='ocrx_word' id='word_1_49' title='bbox 560 1639 618 1695; x_wconf 89' lang='lat' dir='ltr'>den</span> <span class='ocrx_word' id='word_1_50' title='bbox 634 1637 880 1694; x_wconf 87' lang='lat' dir='ltr'>katechetischen</span> <span class='ocrx_word' id='word_1_51' title='bbox 897 1637 1006 1692; x_wconf 89' lang='lat' dir='ltr'>Unter·</span> 
     </span>
     <span class='ocr_line' id='line_1_11' title="bbox 175 1738 1006 1819; baseline -0.004 -20"><span class='ocrx_word' id='word_1_52' title='bbox 175 1744 252 1799; x_wconf 90' lang='lat' dir='ltr'>richt</span> <span class='ocrx_word' id='word_1_53' title='bbox 269 1745 297 1799; x_wconf 93' lang='lat' dir='ltr'>in</span> <span class='ocrx_word' id='word_1_54' title='bbox 314 1742 371 1799; x_wconf 90' lang='lat' dir='ltr'>den</span> <span class='ocrx_word' id='word_1_55' title='bbox 388 1742 485 1800; x_wconf 86' lang='lat' dir='ltr'>obern</span> <span class='ocrx_word' id='word_1_56' title='bbox 500 1743 635 1799; x_wconf 86' lang='lat' dir='ltr'>Classen.</span> <span class='ocrx_word' id='word_1_57' title='bbox 653 1738 683 1819; x_wconf 90' lang='lat' dir='ltr'>(i.</span> <span class='ocrx_word' id='word_1_58' title='bbox 700 1760 727 1798; x_wconf 87' lang='lat' dir='ltr'>e.</span> <span class='ocrx_word' id='word_1_59' title='bbox 749 1739 844 1797; x_wconf 92' lang='lat' dir='ltr'>Liber</span> <span class='ocrx_word' id='word_1_60' title='bbox 860 1739 1006 1796; x_wconf 91' lang='lat' dir='ltr'>manualis</span> 
     </span>
     <span class='ocr_line' id='line_1_12' title="bbox 176 1843 1005 1926; baseline -0.005 -22"><span class='ocrx_word' id='word_1_61' title='bbox 176 1849 379 1905; x_wconf 88' lang='lat' dir='ltr'>catecheticus</span> <span class='ocrx_word' id='word_1_62' title='bbox 396 1866 452 1923; x_wconf 92' lang='lat' dir='ltr'>pro</span> <span class='ocrx_word' id='word_1_63' title='bbox 469 1867 534 1924; x_wconf 90' lang='lat' dir='ltr'>sup.</span> <span class='ocrx_word' id='word_1_64' title='bbox 552 1844 652 1926; x_wconf 88' lang='lat' dir='ltr'>class.)</span> <span class='ocrx_word' id='word_1_65' title='bbox 675 1844 832 1919; x_wconf 81' lang='lat' dir='ltr'>Salzburg,</span> <span class='ocrx_word' id='word_1_66' title='bbox 855 1843 945 1902; x_wconf 84' lang='lat'><strong>1862.</strong></span> <span class='ocrx_word' id='word_1_67' title='bbox 963 1843 1005 1900; x_wconf 87' lang='lat'>8⁰.</span> 
     </span>
     <span class='ocr_line' id='line_1_13' title="bbox 180 1951 285 2028; baseline 0.01 -20"><span class='ocrx_word' id='word_1_68' title='bbox 180 1951 239 2009; x_wconf 84' lang='lat'>160</span> <span class='ocrx_word' id='word_1_69' title='bbox 256 1972 285 2028; x_wconf 90' lang='lat' dir='ltr'>p.</span> 
     </span>
    </p>

    <p class='ocr_par' dir='ltr' id='par_1_6' title="bbox 175 2051 1008 2444">
     <span class='ocr_line' id='line_1_14' title="bbox 264 2051 1006 2113; baseline -0.005 -1"><span class='ocrx_word' id='word_1_70' title='bbox 264 2057 300 2113; x_wconf 96' lang='grc' dir='ltr'>ΙΙ.</span> <span class='ocrx_word' id='word_1_71' title='bbox 318 2054 485 2112; x_wconf 87' lang='lat' dir='ltr'>Handbuch</span> <span class='ocrx_word' id='word_1_72' title='bbox 503 2054 550 2111; x_wconf 79' lang='lat' dir='ltr'>fiir</span> <span class='ocrx_word' id='word_1_73' title='bbox 565 2054 623 2112; x_wconf 90' lang='lat' dir='ltr'>den</span> <span class='ocrx_word' id='word_1_74' title='bbox 636 2053 884 2111; x_wconf 85' lang='lat' dir='ltr'>katechetischen</span> <span class='ocrx_word' id='word_1_75' title='bbox 897 2051 1006 2109; x_wconf 91' lang='lat' dir='ltr'>Unter·</span> 
     </span>
     <span class='ocr_line' id='line_1_15' title="bbox 175 2156 1008 2217; baseline -0.007 -1"><span class='ocrx_word' id='word_1_76' title='bbox 175 2161 252 2217; x_wconf 88' lang='lat' dir='ltr'>richt</span> <span class='ocrx_word' id='word_1_77' title='bbox 273 2163 302 2216; x_wconf 90' lang='lat' dir='ltr'>in</span> <span class='ocrx_word' id='word_1_78' title='bbox 328 2159 386 2216; x_wconf 91' lang='lat' dir='ltr'>den</span> <span class='ocrx_word' id='word_1_79' title='bbox 409 2160 559 2216; x_wconf 90' lang='lat' dir='ltr'>mittleren</span> <span class='ocrx_word' id='word_1_80' title='bbox 578 2159 704 2215; x_wconf 85' lang='lat' dir='ltr'>Classen</span> <span class='ocrx_word' id='word_1_81' title='bbox 724 2158 779 2214; x_wconf 88' lang='lat' dir='ltr'>der</span> <span class='ocrx_word' id='word_1_82' title='bbox 799 2156 1008 2213; x_wconf 88' lang='lat' dir='ltr'>katholischen</span> 
     </span>
     <span class='ocr_line' id='line_1_16' title="bbox 175 2258 1007 2342; baseline -0.006 -22"><span class='ocrx_word' id='word_1_83' title='bbox 175 2263 317 2321; x_wconf 87' lang='lat' dir='ltr'>Schulen.</span> <span class='ocrx_word' id='word_1_84' title='bbox 342 2262 426 2342; x_wconf 85' lang='lat' dir='ltr'>(Item</span> <span class='ocrx_word' id='word_1_85' title='bbox 448 2282 504 2340; x_wconf 90' lang='lat' dir='ltr'>pro</span> <span class='ocrx_word' id='word_1_86' title='bbox 526 2263 610 2320; x_wconf 85' lang='lat' dir='ltr'>infer.</span> <span class='ocrx_word' id='word_1_87' title='bbox 629 2260 729 2341; x_wconf 83' lang='lat' dir='ltr'>class)</span> <span class='ocrx_word' id='word_1_88' title='bbox 754 2261 829 2318; x_wconf 88' lang='lat' dir='ltr'>lbid.</span> <span class='ocrx_word' id='word_1_89' title='bbox 851 2258 941 2317; x_wconf 86' lang='grc'>1862.</span> <span class='ocrx_word' id='word_1_90' title='bbox 964 2258 1007 2316; x_wconf 91' lang='grc'>80.</span> 
     </span>
     <span class='ocr_line' id='line_1_17' title="bbox 176 2367 262 2444; baseline 0.012 -19"><span class='ocrx_word' id='word_1_91' title='bbox 176 2367 217 2425; x_wconf 89' lang='lat'>80</span> <span class='ocrx_word' id='word_1_92' title='bbox 234 2388 262 2444; x_wconf 90' lang='lat' dir='ltr'>p.</span> 
     </span>
    </p>

    <p class='ocr_par' dir='ltr' id='par_1_7' title="bbox 175 2468 1008 2863">
     <span class='ocr_line' id='line_1_18' title="bbox 263 2468 1008 2529; baseline -0.005 -1"><span class='ocrx_word' id='word_1_93' title='bbox 263 2474 315 2529; x_wconf 96' lang='grc' dir='ltr'>ΙΙΙ.</span> <span class='ocrx_word' id='word_1_94' title='bbox 333 2471 500 2529; x_wconf 88' lang='lat' dir='ltr'>Handbuch</span> <span class='ocrx_word' id='word_1_95' title='bbox 515 2471 561 2528; x_wconf 79' lang='lat' dir='ltr'>idr</span> <span class='ocrx_word' id='word_1_96' title='bbox 573 2471 631 2527; x_wconf 90' lang='lat' dir='ltr'>den</span> <span class='ocrx_word' id='word_1_97' title='bbox 644 2470 890 2527; x_wconf 88' lang='lat' dir='ltr'>katechetischen</span> <span class='ocrx_word' id='word_1_98' title='bbox 900 2468 1008 2525; x_wconf 90' lang='lat' dir='ltr'>Unter·</span> 
     </span>
     <span class='ocr_line' id='line_1_19' title="bbox 175 2573 1008 2633; baseline -0.005 -1"><span class='ocrx_word' id='word_1_99' title='bbox 175 2577 252 2633; x_wconf 87' lang='lat' dir='ltr'>richt</span> <span class='ocrx_word' id='word_1_100' title='bbox 273 2576 320 2632; x_wconf 81' lang='lat' dir='ltr'>fiir</span> <span class='ocrx_word' id='word_1_101' title='bbox 341 2577 389 2633; x_wconf 89' lang='lat' dir='ltr'>die</span> <span class='ocrx_word' id='word_1_102' title='bbox 405 2575 504 2633; x_wconf 91' lang='lat' dir='ltr'>lieben</span> <span class='ocrx_word' id='word_1_103' title='bbox 521 2576 648 2632; x_wconf 90' lang='lat' dir='ltr'>Kleinen</span> <span class='ocrx_word' id='word_1_104' title='bbox 669 2578 699 2631; x_wconf 89' lang='lat' dir='ltr'>in</span> <span class='ocrx_word' id='word_1_105' title='bbox 719 2575 777 2630; x_wconf 90' lang='lat' dir='ltr'>den</span> <span class='ocrx_word' id='word_1_106' title='bbox 797 2573 1008 2630; x_wconf 86' lang='lat' dir='ltr'>katholischen</span> 
     </span>
     <span class='ocr_line' id='line_1_20' title="bbox 176 2675 1006 2758; baseline -0.006 -20"><span class='ocrx_word' id='word_1_107' title='bbox 176 2680 316 2738; x_wconf 87' lang='lat' dir='ltr'>Schulen.</span> <span class='ocrx_word' id='word_1_108' title='bbox 335 2678 420 2758; x_wconf 87' lang='lat' dir='ltr'>(Item</span> <span class='ocrx_word' id='word_1_109' title='bbox 437 2680 475 2737; x_wconf 90' lang='lat' dir='ltr'>ad</span> <span class='ocrx_word' id='word_1_110' title='bbox 491 2679 672 2737; x_wconf 90' lang='lat' dir='ltr'>erudiendos</span> <span class='ocrx_word' id='word_1_111' title='bbox 685 2676 817 2758; x_wconf 88' lang='lat' dir='ltr'>pueros.)</span> <span class='ocrx_word' id='word_1_112' title='bbox 827 2677 902 2734; x_wconf 91' lang='lat' dir='ltr'>lbid.</span> <span class='ocrx_word' id='word_1_113' title='bbox 917 2675 1006 2734; x_wconf 88' lang='grc'>1862.</span> 
     </span>
     <span class='ocr_line' id='line_1_21' title="bbox 176 2773 827 2863; baseline -0.006 -19"><span class='ocrx_word' id='word_1_114' title='bbox 176 2786 219 2844; x_wconf 91' lang='lat'>8⁰.</span> <span class='ocrx_word' id='word_1_115' title='bbox 239 2785 278 2844; x_wconf 95' lang='grc'>68</span> <span class='ocrx_word' id='word_1_116' title='bbox 296 2806 325 2863; x_wconf 93' lang='lat' dir='ltr'>p.</span> <span class='ocrx_word' id='word_1_117' title='bbox 824 2773 827 2780; x_wconf 62' lang='grc'><strong>’</strong></span> 
     </span>
    </p>

    <p class='ocr_par' dir='ltr' id='par_1_8' title="bbox 174 2882 1005 3385">
     <span class='ocr_line' id='line_1_22' title="bbox 263 2882 1005 2948; baseline -0.008 0"><span class='ocrx_word' id='word_1_118' title='bbox 263 2892 312 2948; x_wconf 90' lang='lat' dir='ltr'>lV.</span> <span class='ocrx_word' id='word_1_119' title='bbox 336 2891 465 2948; x_wconf 87' lang='lat' dir='ltr'>Wandle</span> <span class='ocrx_word' id='word_1_120' title='bbox 486 2910 543 2948; x_wconf 89' lang='lat' dir='ltr'>vor</span> <span class='ocrx_word' id='word_1_121' title='bbox 563 2893 618 2947; x_wconf 90' lang='lat' dir='ltr'>mir</span> <span class='ocrx_word' id='word_1_122' title='bbox 641 2889 698 2946; x_wconf 88' lang='lat' dir='ltr'>und</span> <span class='ocrx_word' id='word_1_123' title='bbox 719 2891 762 2945; x_wconf 90' lang='lat' dir='ltr'>sei</span> <span class='ocrx_word' id='word_1_124' title='bbox 786 2882 1005 2944; x_wconf 87' lang='lat' dir='ltr'>vollkommenl</span> 
     </span>
     <span class='ocr_line' id='line_1_23' title="bbox 175 2992 1005 3070; baseline -0.006 -18"><span class='ocrx_word' id='word_1_125' title='bbox 175 2995 275 3052; x_wconf 89' lang='lat' dir='ltr'>Gebet</span> <span class='ocrx_word' id='word_1_126' title='bbox 301 2996 359 3052; x_wconf 92' lang='lat' dir='ltr'>und</span> <span class='ocrx_word' id='word_1_127' title='bbox 386 2994 650 3070; x_wconf 87' lang='lat' dir='ltr'>Erbauungsbuch</span> <span class='ocrx_word' id='word_1_128' title='bbox 674 2993 721 3050; x_wconf 81' lang='lat' dir='ltr'>lilr</span> <span class='ocrx_word' id='word_1_129' title='bbox 744 2992 928 3049; x_wconf 90' lang='lat' dir='ltr'>Katholiken</span> <span class='ocrx_word' id='word_1_130' title='bbox 951 3009 1005 3047; x_wconf 87' lang='lat' dir='ltr'>aus</span> 
     </span>
     <span class='ocr_line' id='line_1_24' title="bbox 175 3094 1005 3173; baseline -0.007 -16"><span class='ocrx_word' id='word_1_131' title='bbox 175 3100 252 3157; x_wconf 89' lang='lat' dir='ltr'>allen</span> <span class='ocrx_word' id='word_1_132' title='bbox 273 3100 408 3156; x_wconf 65' lang='lat' dir='ltr'>Stirnden</span> <span class='ocrx_word' id='word_1_133' title='bbox 429 3120 489 3157; x_wconf 83' lang='lat' dir='ltr'>von</span> <span class='ocrx_word' id='word_1_134' title='bbox 510 3101 564 3156; x_wconf 91' lang='lat' dir='ltr'>Dr.</span> <span class='ocrx_word' id='word_1_135' title='bbox 586 3099 644 3156; x_wconf 82' lang='lat' dir='ltr'>Th.</span> <span class='ocrx_word' id='word_1_136' title='bbox 666 3097 791 3155; x_wconf 90' lang='lat' dir='ltr'>Stabell.</span> <span class='ocrx_word' id='word_1_137' title='bbox 816 3094 845 3173; x_wconf 90' lang='lat' dir='ltr'>(i.</span> <span class='ocrx_word' id='word_1_138' title='bbox 863 3115 889 3152; x_wconf 89' lang='lat' dir='ltr'>e.</span> <span class='ocrx_word' id='word_1_139' title='bbox 911 3095 1005 3152; x_wconf 90' lang='lat' dir='ltr'>Liber</span> 
     </span>
     <span class='ocr_line' id='line_1_25' title="bbox 174 3199 1004 3282; baseline -0.007 -21"><span class='ocrx_word' id='word_1_140' title='bbox 174 3202 419 3282; x_wconf 84' lang='lat' dir='ltr'>aedificatorius.)</span> <span class='ocrx_word' id='word_1_141' title='bbox 440 3206 505 3260; x_wconf 88' lang='lat' dir='ltr'>Neu</span> <span class='ocrx_word' id='word_1_142' title='bbox 521 3203 700 3260; x_wconf 88' lang='lat' dir='ltr'>bearbeitet.</span> <span class='ocrx_word' id='word_1_143' title='bbox 725 3199 801 3257; x_wconf 92' lang='lat' dir='ltr'>lbid.</span> <span class='ocrx_word' id='word_1_144' title='bbox 823 3199 913 3274; x_wconf 83' lang='lat'><strong>1867.</strong></span> <span class='ocrx_word' id='word_1_145' title='bbox 944 3205 1004 3256; x_wconf 90' lang='lat'><strong>12⁰.</strong></span> 
     </span>
     <span class='ocr_line' id='line_1_26' title="bbox 176 3307 634 3385; baseline -0.002 -20"><span class='ocrx_word' id='word_1_146' title='bbox 176 3323 238 3365; x_wconf 89' lang='lat'>200</span> <span class='ocrx_word' id='word_1_147' title='bbox 255 3330 284 3385; x_wconf 88' lang='lat' dir='ltr'>p.</span> <span class='ocrx_word' id='word_1_148' title='bbox 302 3309 382 3365; x_wconf 88' lang='lat' dir='ltr'>Edit.</span> <span class='ocrx_word' id='word_1_149' title='bbox 399 3326 428 3382; x_wconf 86' lang='lat'>4.</span> <span class='ocrx_word' id='word_1_150' title='bbox 446 3308 522 3366; x_wconf 88' lang='lat' dir='ltr'>lbid.</span> <span class='ocrx_word' id='word_1_151' title='bbox 544 3307 634 3381; x_wconf 83' lang='lat'><strong>1873.</strong></span> 
     </span>
    </p>

    <p class='ocr_par' dir='ltr' id='par_1_9' title="bbox 175 3410 1004 3596">
     <span class='ocr_line' id='line_1_27' title="bbox 260 3410 1004 3487; baseline -0.007 -17"><span class='ocrx_word' id='word_1_152' title='bbox 260 3414 296 3470; x_wconf 92' lang='lat' dir='ltr'>V.</span> <span class='ocrx_word' id='word_1_153' title='bbox 314 3415 437 3470; x_wconf 86' lang='lat' dir='ltr'>Novene</span> <span class='ocrx_word' id='word_1_154' title='bbox 458 3434 493 3469; x_wconf 93' lang='lat' dir='ltr'>zu</span> <span class='ocrx_word' id='word_1_155' title='bbox 510 3413 612 3469; x_wconf 87' lang='lat' dir='ltr'>Ehren</span> <span class='ocrx_word' id='word_1_156' title='bbox 632 3411 687 3468; x_wconf 91' lang='lat' dir='ltr'>des</span> <span class='ocrx_word' id='word_1_157' title='bbox 709 3411 747 3468; x_wconf 95' lang='lat' dir='ltr'>hl.</span> <span class='ocrx_word' id='word_1_158' title='bbox 768 3410 930 3487; x_wconf 84' lang='lat' dir='ltr'>Rupertus,</span> <span class='ocrx_word' id='word_1_159' title='bbox 947 3410 1004 3466; x_wconf 90' lang='lat' dir='ltr'>Pa·</span> 
     </span>
     <span class='ocr_line' id='line_1_28' title="bbox 175 3510 1004 3596; baseline -0.002 -24"><span class='ocrx_word' id='word_1_160' title='bbox 175 3528 259 3574; x_wconf 88' lang='lat' dir='ltr'>trons</span> <span class='ocrx_word' id='word_1_161' title='bbox 275 3536 335 3574; x_wconf 92' lang='lat' dir='ltr'>von</span> <span class='ocrx_word' id='word_1_162' title='bbox 352 3516 508 3592; x_wconf 83' lang='lat' dir='ltr'>Salzburg.</span> <span class='ocrx_word' id='word_1_163' title='bbox 527 3515 556 3596; x_wconf 85' lang='lat' dir='ltr'>(i.</span> <span class='ocrx_word' id='word_1_164' title='bbox 566 3536 593 3574; x_wconf 90' lang='lat' dir='ltr'>e.</span> <span class='ocrx_word' id='word_1_165' title='bbox 607 3519 718 3572; x_wconf 86' lang='lat' dir='ltr'>Preces</span> <span class='ocrx_word' id='word_1_166' title='bbox 731 3516 769 3572; x_wconf 88' lang='lat' dir='ltr'>ad</span> <span class='ocrx_word' id='word_1_167' title='bbox 782 3535 806 3572; x_wconf 89' lang='grc'>5.</span> <span class='ocrx_word' id='word_1_168' title='bbox 817 3510 1004 3592; x_wconf 90' lang='lat' dir='ltr'>Rupertum.)</span> 
     </span>
    </p>
   </div>
   <div class='ocr_carea' id='block_1_6' title="bbox 174 3618 1005 3910">
    <p class='ocr_par' dir='ltr' id='par_1_10' title="bbox 174 3618 1005 3910">
     <span class='ocr_line' id='line_1_29' title="bbox 174 3618 526 3696; baseline 0.009 -20"><span class='ocrx_word' id='word_1_169' title='bbox 174 3618 332 3696; x_wconf 86' lang='lat' dir='ltr'>Salzburg,</span> <span class='ocrx_word' id='word_1_170' title='bbox 355 3621 444 3680; x_wconf 85' lang='lat'><strong>1868.</strong></span> <span class='ocrx_word' id='word_1_171' title='bbox 462 3629 526 3695; x_wconf 82' lang='lat'><strong>32⁰.</strong></span> 
     </span>
     <span class='ocr_line' id='line_1_30' title="bbox 260 3722 1005 3804; baseline -0.004 -22"><span class='ocrx_word' id='word_1_172' title='bbox 260 3727 310 3783; x_wconf 92' lang='lat' dir='ltr'>VI.</span> <span class='ocrx_word' id='word_1_173' title='bbox 340 3729 492 3804; x_wconf 89' lang='lat' dir='ltr'>Rupertus</span> <span class='ocrx_word' id='word_1_174' title='bbox 519 3726 770 3784; x_wconf 85' lang='lat' dir='ltr'>Gebetbiichlein.</span> <span class='ocrx_word' id='word_1_175' title='bbox 799 3722 828 3801; x_wconf 85' lang='lat' dir='ltr'>(i.</span> <span class='ocrx_word' id='word_1_176' title='bbox 854 3743 881 3780; x_wconf 90' lang='lat' dir='ltr'>e.</span> <span class='ocrx_word' id='word_1_177' title='bbox 910 3723 1005 3780; x_wconf 91' lang='lat' dir='ltr'>Liber</span> 
     </span>
     <span class='ocr_line' id='line_1_31' title="bbox 174 3828 947 3910; baseline -0.001 -24"><span class='ocrx_word' id='word_1_178' title='bbox 174 3833 380 3906; x_wconf 84' lang='lat' dir='ltr'>precationem</span> <span class='ocrx_word' id='word_1_179' title='bbox 398 3832 553 3889; x_wconf 77' lang='grc'>1111015.</span> <span class='ocrx_word' id='word_1_180' title='bbox 571 3829 660 3910; x_wconf 89' lang='lat' dir='ltr'>Rup.)</span> <span class='ocrx_word' id='word_1_181' title='bbox 677 3830 752 3888; x_wconf 88' lang='lat' dir='ltr'>lbid.</span> <span class='ocrx_word' id='word_1_182' title='bbox 774 3828 864 3902; x_wconf 83' lang='lat'><strong>1869.</strong></span> <span class='ocrx_word' id='word_1_183' title='bbox 886 3836 947 3885; x_wconf 92' lang='lat'><strong>12⁰.</strong></span> 
     </span>
    </p>
   </div>
   <div class='ocr_carea' id='block_1_7' title="bbox 174 3949 1003 4244">
    <p class='ocr_par' dir='ltr' id='par_1_11' title="bbox 174 3949 1003 4244">
     <span class='ocr_line' id='line_1_32' title="bbox 260 3949 1003 4045; baseline -0.004 -35"><span class='ocrx_word' id='word_1_184' title='bbox 260 3953 325 4045; x_wconf 83' lang='lat' dir='ltr'>Vll.</span> <span class='ocrx_word' id='word_1_185' title='bbox 350 3952 504 4010; x_wconf 69' lang='lat' dir='ltr'>Aulwi&#39;trts</span> <span class='ocrx_word' id='word_1_186' title='bbox 528 3953 577 4010; x_wconf 89' lang='lat' dir='ltr'>die</span> <span class='ocrx_word' id='word_1_187' title='bbox 601 3949 733 4010; x_wconf 89' lang='lat' dir='ltr'>Herzen!</span> <span class='ocrx_word' id='word_1_188' title='bbox 763 3952 1003 4010; x_wconf 82' lang='lat' dir='ltr'>Gebetbiichlein</span> 
     </span>
     <span class='ocr_line' id='line_1_33' title="bbox 174 4055 1003 4135; baseline -0.001 -22"><span class='ocrx_word' id='word_1_189' title='bbox 174 4057 220 4113; x_wconf 80' lang='lat' dir='ltr'>fiir</span> <span class='ocrx_word' id='word_1_190' title='bbox 237 4059 425 4115; x_wconf 86' lang='lat' dir='ltr'>katholische</span> <span class='ocrx_word' id='word_1_191' title='bbox 437 4059 587 4115; x_wconf 87' lang='lat' dir='ltr'>Christen.</span> <span class='ocrx_word' id='word_1_192' title='bbox 605 4055 634 4135; x_wconf 89' lang='lat' dir='ltr'>(i.</span> <span class='ocrx_word' id='word_1_193' title='bbox 648 4078 674 4116; x_wconf 90' lang='lat' dir='ltr'>e.</span> <span class='ocrx_word' id='word_1_194' title='bbox 688 4057 783 4115; x_wconf 90' lang='lat' dir='ltr'>Liber</span> <span class='ocrx_word' id='word_1_195' title='bbox 794 4059 1003 4135; x_wconf 82' lang='lat' dir='ltr'>precationum</span> 
     </span>
     <span class='ocr_line' id='line_1_34' title="bbox 177 4160 1002 4244; baseline -0.004 -24"><span class='ocrx_word' id='word_1_196' title='bbox 177 4162 320 4235; x_wconf 79' lang='lat' dir='ltr'>„Sursum</span> <span class='ocrx_word' id='word_1_197' title='bbox 339 4161 474 4244; x_wconf 86' lang='lat' dir='ltr'>corda“.)</span> <span class='ocrx_word' id='word_1_198' title='bbox 491 4162 566 4220; x_wconf 91' lang='lat' dir='ltr'>lbid.</span> <span class='ocrx_word' id='word_1_199' title='bbox 587 4162 678 4238; x_wconf 92' lang='grc'>1869.</span> <span class='ocrx_word' id='word_1_200' title='bbox 695 4171 759 4236; x_wconf 84' lang='lat'><strong>32⁰.</strong></span> <span class='ocrx_word' id='word_1_201' title='bbox 776 4163 856 4219; x_wconf 88' lang='lat' dir='ltr'>Edit.</span> <span class='ocrx_word' id='word_1_202' title='bbox 873 4178 903 4235; x_wconf 82' lang='lat'>3.</span> <span class='ocrx_word' id='word_1_203' title='bbox 926 4160 1002 4218; x_wconf 91' lang='lat' dir='ltr'>lbid.</span> 
     </span>
    </p>
   </div>
   <div class='ocr_carea' id='block_1_8' title="bbox 170 4270 1003 5469">
    <p class='ocr_par' dir='ltr' id='par_1_12' title="bbox 179 4270 270 4343">
     <span class='ocr_line' id='line_1_35' title="bbox 179 4270 270 4343; baseline 0.011 -17"><span class='ocrx_word' id='word_1_204' title='bbox 179 4270 270 4343; x_wconf 79' lang='lat'><strong>1874.</strong></span> 
     </span>
    </p>

    <p class='ocr_par' dir='ltr' id='par_1_13' title="bbox 170 4399 1003 5469">
     <span class='ocr_line' id='line_1_36' title="bbox 261 4399 1002 4494; baseline 0.004 -23"><span class='ocrx_word' id='word_1_205' title='bbox 261 4399 433 4474; x_wconf 86' lang='lat' dir='ltr'>Eichele</span> <span class='ocrx_word' id='word_1_206' title='bbox 462 4413 716 4474; x_wconf 92' lang='lat' dir='ltr'>Bertholdus</span> <span class='ocrx_word' id='word_1_207' title='bbox 741 4411 1002 4494; x_wconf 85' lang='lat' dir='ltr'>(Lambacen-</span> 
     </span>
     <span class='ocr_line' id='line_1_37' title="bbox 174 4528 1003 4610; baseline 0.007 -21"><span class='ocrx_word' id='word_1_208' title='bbox 174 4528 243 4610; x_wconf 84' lang='lat' dir='ltr'>sis)</span> <span class='ocrx_word' id='word_1_209' title='bbox 266 4548 312 4590; x_wconf 86' lang='lat' dir='ltr'>ex</span> <span class='ocrx_word' id='word_1_210' title='bbox 333 4528 467 4610; x_wconf 92' lang='lat' dir='ltr'>oppido</span> <span class='ocrx_word' id='word_1_211' title='bbox 482 4530 580 4593; x_wconf 91' lang='lat' dir='ltr'>Ried</span> <span class='ocrx_word' id='word_1_212' title='bbox 597 4540 680 4595; x_wconf 92' lang='lat' dir='ltr'>tunc</span> <span class='ocrx_word' id='word_1_213' title='bbox 697 4531 841 4595; x_wconf 88' lang='lat' dir='ltr'>ditionis</span> <span class='ocrx_word' id='word_1_214' title='bbox 856 4531 1003 4595; x_wconf 90' lang='lat' dir='ltr'>Bavari-</span> 
     </span>
     <span class='ocr_line' id='line_1_38' title="bbox 174 4650 1003 4737; baseline 0.006 -23"><span class='ocrx_word' id='word_1_215' title='bbox 174 4671 237 4714; x_wconf 90' lang='lat' dir='ltr'>cae</span> <span class='ocrx_word' id='word_1_216' title='bbox 254 4650 424 4714; x_wconf 90' lang='lat' dir='ltr'>oriundus</span> <span class='ocrx_word' id='word_1_217' title='bbox 440 4651 497 4715; x_wconf 92' lang='lat' dir='ltr'>die</span> <span class='ocrx_word' id='word_1_218' title='bbox 514 4657 544 4717; x_wconf 88' lang='grc'>5.</span> <span class='ocrx_word' id='word_1_219' title='bbox 560 4654 634 4718; x_wconf 87' lang='lat' dir='ltr'>Ian.</span> <span class='ocrx_word' id='word_1_220' title='bbox 650 4674 743 4718; x_wconf 92' lang='lat' dir='ltr'>anno</span> <span class='ocrx_word' id='word_1_221' title='bbox 764 4659 855 4737; x_wconf 87' lang='grc'>1753,</span> <span class='ocrx_word' id='word_1_222' title='bbox 876 4654 1003 4718; x_wconf 91' lang='lat' dir='ltr'>litteris</span> 
     </span>
     <span class='ocr_line' id='line_1_39' title="bbox 174 4773 1003 4859; baseline 0.005 -24"><span class='ocrx_word' id='word_1_223' title='bbox 174 4792 212 4835; x_wconf 92' lang='lat' dir='ltr'>se</span> <span class='ocrx_word' id='word_1_224' title='bbox 233 4774 332 4836; x_wconf 89' lang='lat' dir='ltr'>dedit</span> <span class='ocrx_word' id='word_1_225' title='bbox 348 4773 382 4836; x_wconf 92' lang='lat' dir='ltr'>in</span> <span class='ocrx_word' id='word_1_226' title='bbox 399 4775 588 4857; x_wconf 91' lang='lat' dir='ltr'>gymnasio</span> <span class='ocrx_word' id='word_1_227' title='bbox 605 4774 641 4840; x_wconf 87' lang='lat' dir='ltr'>S.</span> <span class='ocrx_word' id='word_1_228' title='bbox 659 4777 684 4838; x_wconf 91' lang='lat' dir='ltr'>I.</span> <span class='ocrx_word' id='word_1_229' title='bbox 702 4776 919 4859; x_wconf 88' lang='lat' dir='ltr'>Monacensi‚</span> <span class='ocrx_word' id='word_1_230' title='bbox 940 4796 1003 4858; x_wconf 93' lang='lat' dir='ltr'>po·</span> 
     </span>
     <span class='ocr_line' id='line_1_40' title="bbox 172 4895 1001 4980; baseline 0.006 -24"><span class='ocrx_word' id='word_1_231' title='bbox 172 4904 249 4958; x_wconf 92' lang='lat' dir='ltr'>stea</span> <span class='ocrx_word' id='word_1_232' title='bbox 278 4895 482 4978; x_wconf 85' lang='lat' dir='ltr'>theologiae</span> <span class='ocrx_word' id='word_1_233' title='bbox 507 4896 641 4960; x_wconf 89' lang='lat' dir='ltr'>studuit</span> <span class='ocrx_word' id='word_1_234' title='bbox 666 4897 779 4960; x_wconf 91' lang='lat' dir='ltr'>Lincii</span> <span class='ocrx_word' id='word_1_235' title='bbox 804 4899 1001 4980; x_wconf 92' lang='lat' dir='ltr'>usquedum</span> 
     </span>
     <span class='ocr_line' id='line_1_41' title="bbox 172 5019 1002 5103; baseline 0.005 -24"><span class='ocrx_word' id='word_1_236' title='bbox 172 5036 264 5080; x_wconf 92' lang='lat' dir='ltr'>anno</span> <span class='ocrx_word' id='word_1_237' title='bbox 283 5019 883 5097; x_wconf 74' lang='lat' dir='ltr'>1774monasteriumLambacense</span> <span class='ocrx_word' id='word_1_238' title='bbox 898 5020 1002 5103; x_wconf 89' lang='lat' dir='ltr'>petiit</span> 
     </span>
     <span class='ocr_line' id='line_1_42' title="bbox 172 5140 1001 5222; baseline 0.006 -21"><span class='ocrx_word' id='word_1_239' title='bbox 172 5140 291 5222; x_wconf 90' lang='lat' dir='ltr'>ibique</span> <span class='ocrx_word' id='word_1_240' title='bbox 304 5151 389 5203; x_wconf 89' lang='lat' dir='ltr'>vota</span> <span class='ocrx_word' id='word_1_241' title='bbox 401 5142 501 5205; x_wconf 85' lang='lat' dir='ltr'>vovit</span> <span class='ocrx_word' id='word_1_242' title='bbox 514 5143 697 5205; x_wconf 90' lang='lat' dir='ltr'>sollemnia</span> <span class='ocrx_word' id='word_1_243' title='bbox 709 5143 767 5206; x_wconf 92' lang='lat' dir='ltr'>die</span> <span class='ocrx_word' id='word_1_244' title='bbox 779 5147 809 5208; x_wconf 86' lang='lat'>6.</span> <span class='ocrx_word' id='word_1_245' title='bbox 822 5143 895 5208; x_wconf 89' lang='lat' dir='ltr'>Ian.</span> <span class='ocrx_word' id='word_1_246' title='bbox 908 5163 1001 5206; x_wconf 89' lang='lat' dir='ltr'>anno</span> 
     </span>
     <span class='ocr_line' id='line_1_43' title="bbox 176 5263 1000 5343; baseline 0.005 -19"><span class='ocrx_word' id='word_1_247' title='bbox 176 5282 254 5341; x_wconf 89' lang='grc'>1777</span> <span class='ocrx_word' id='word_1_248' title='bbox 273 5273 309 5324; x_wconf 91' lang='lat' dir='ltr'>et</span> <span class='ocrx_word' id='word_1_249' title='bbox 325 5263 473 5343; x_wconf 90' lang='lat' dir='ltr'>primam</span> <span class='ocrx_word' id='word_1_250' title='bbox 490 5264 619 5328; x_wconf 91' lang='lat' dir='ltr'>obtulit</span> <span class='ocrx_word' id='word_1_251' title='bbox 633 5265 785 5328; x_wconf 90' lang='lat' dir='ltr'>hostiam</span> <span class='ocrx_word' id='word_1_252' title='bbox 803 5264 860 5327; x_wconf 91' lang='lat' dir='ltr'>die</span> <span class='ocrx_word' id='word_1_253' title='bbox 877 5270 907 5327; x_wconf 86' lang='grc'>6.</span> <span class='ocrx_word' id='word_1_254' title='bbox 924 5268 1000 5328; x_wconf 94' lang='lat' dir='ltr'>Oct.</span> 
     </span>
     <span class='ocr_line' id='line_1_44' title="bbox 170 5385 1000 5469; baseline 0.002 -21"><span class='ocrx_word' id='word_1_255' title='bbox 170 5385 253 5448; x_wconf 90' lang='lat' dir='ltr'>anni</span> <span class='ocrx_word' id='word_1_256' title='bbox 266 5385 458 5465; x_wconf 90' lang='lat' dir='ltr'>sequentis.</span> <span class='ocrx_word' id='word_1_257' title='bbox 475 5386 539 5448; x_wconf 88' lang='lat' dir='ltr'>Vir</span> <span class='ocrx_word' id='word_1_258' title='bbox 551 5407 620 5450; x_wconf 89' lang='lat' dir='ltr'>non</span> <span class='ocrx_word' id='word_1_259' title='bbox 633 5387 820 5450; x_wconf 89' lang='lat' dir='ltr'>mediocris</span> <span class='ocrx_word' id='word_1_260' title='bbox 833 5388 1000 5469; x_wconf 91' lang='lat' dir='ltr'>eloquen-</span> 
     </span>
    </p>
   </div>
   <div class='ocr_carea' id='block_1_9' title="bbox 1085 619 1920 1314">
    <p class='ocr_par' dir='ltr' id='par_1_14' title="bbox 1085 619 1920 1314">
     <span class='ocr_line' id='line_1_45' title="bbox 1086 619 1919 700; baseline 0 -19"><span class='ocrx_word' id='word_1_261' title='bbox 1086 619 1158 682; x_wconf 92' lang='lat' dir='ltr'>tiae</span> <span class='ocrx_word' id='word_1_262' title='bbox 1179 639 1244 700; x_wconf 91' lang='lat' dir='ltr'>pro</span> <span class='ocrx_word' id='word_1_263' title='bbox 1268 619 1490 683; x_wconf 86' lang='lat' dir='ltr'>sermonibus</span> <span class='ocrx_word' id='word_1_264' title='bbox 1510 619 1620 683; x_wconf 89' lang='lat' dir='ltr'>sacris</span> <span class='ocrx_word' id='word_1_265' title='bbox 1647 639 1740 683; x_wconf 89' lang='lat' dir='ltr'>anno</span> <span class='ocrx_word' id='word_1_266' title='bbox 1769 623 1849 698; x_wconf 87' lang='lat'>1788</span> <span class='ocrx_word' id='word_1_267' title='bbox 1874 620 1919 681; x_wconf 93' lang='lat' dir='ltr'>ad</span> 
     </span>
     <span class='ocr_line' id='line_1_46' title="bbox 1086 742 1920 806; baseline 0 -2"><span class='ocrx_word' id='word_1_268' title='bbox 1086 743 1291 805; x_wconf 91' lang='lat' dir='ltr'>cathedram</span> <span class='ocrx_word' id='word_1_269' title='bbox 1307 743 1479 805; x_wconf 88' lang='lat' dir='ltr'>ecclesiae</span> <span class='ocrx_word' id='word_1_270' title='bbox 1496 743 1709 806; x_wconf 86' lang='lat' dir='ltr'>cathedralis</span> <span class='ocrx_word' id='word_1_271' title='bbox 1722 742 1920 805; x_wconf 91' lang='lat' dir='ltr'>Linciensis</span> 
     </span>
     <span class='ocr_line' id='line_1_47' title="bbox 1086 864 1920 947; baseline -0.001 -20"><span class='ocrx_word' id='word_1_272' title='bbox 1086 875 1271 945; x_wconf 85' lang='lat' dir='ltr'>evocatus,</span> <span class='ocrx_word' id='word_1_273' title='bbox 1301 865 1351 927; x_wconf 92' lang='lat' dir='ltr'>ibi</span> <span class='ocrx_word' id='word_1_274' title='bbox 1381 864 1538 946; x_wconf 88' lang='lat' dir='ltr'>perstitit</span> <span class='ocrx_word' id='word_1_275' title='bbox 1567 884 1680 947; x_wconf 90' lang='lat' dir='ltr'>usque</span> <span class='ocrx_word' id='word_1_276' title='bbox 1711 865 1758 926; x_wconf 92' lang='lat' dir='ltr'>ad</span> <span class='ocrx_word' id='word_1_277' title='bbox 1789 884 1920 927; x_wconf 90' lang='lat' dir='ltr'>annum</span> 
     </span>
     <span class='ocr_line' id='line_1_48' title="bbox 1091 986 1920 1070; baseline 0 -21"><span class='ocrx_word' id='word_1_278' title='bbox 1091 1006 1181 1069; x_wconf 83' lang='lat'>1791,</span> <span class='ocrx_word' id='word_1_279' title='bbox 1192 1007 1262 1069; x_wconf 93' lang='lat' dir='ltr'>quo</span> <span class='ocrx_word' id='word_1_280' title='bbox 1275 987 1480 1068; x_wconf 85' lang='lat' dir='ltr'>parochiam</span> <span class='ocrx_word' id='word_1_281' title='bbox 1497 988 1620 1070; x_wconf 90' lang='lat' dir='ltr'>oppidi</span> <span class='ocrx_word' id='word_1_282' title='bbox 1633 988 1800 1051; x_wconf 86' lang='lat' dir='ltr'>Braunau</span> <span class='ocrx_word' id='word_1_283' title='bbox 1817 986 1920 1050; x_wconf 91' lang='lat' dir='ltr'>ditio-</span> 
     </span>
     <span class='ocr_line' id='line_1_49' title="bbox 1085 1109 1919 1191; baseline 0 -21"><span class='ocrx_word' id='word_1_284' title='bbox 1085 1109 1140 1171; x_wconf 89' lang='lat' dir='ltr'>nis</span> <span class='ocrx_word' id='word_1_285' title='bbox 1166 1109 1236 1171; x_wconf 92' lang='lat' dir='ltr'>iam</span> <span class='ocrx_word' id='word_1_286' title='bbox 1266 1119 1349 1172; x_wconf 91' lang='lat' dir='ltr'>tunc</span> <span class='ocrx_word' id='word_1_287' title='bbox 1377 1109 1590 1173; x_wconf 89' lang='lat' dir='ltr'>Austriacae</span> <span class='ocrx_word' id='word_1_288' title='bbox 1618 1109 1771 1173; x_wconf 89' lang='lat' dir='ltr'>obtinuit</span> <span class='ocrx_word' id='word_1_289' title='bbox 1799 1109 1919 1191; x_wconf 91' lang='lat' dir='ltr'>ibique</span> 
     </span>
     <span class='ocr_line' id='line_1_50' title="bbox 1086 1232 1919 1314; baseline -0.001 -19"><span class='ocrx_word' id='word_1_290' title='bbox 1086 1232 1237 1296; x_wconf 92' lang='lat' dir='ltr'>triennio</span> <span class='ocrx_word' id='word_1_291' title='bbox 1250 1232 1311 1294; x_wconf 89' lang='lat' dir='ltr'>vix</span> <span class='ocrx_word' id='word_1_292' title='bbox 1328 1233 1453 1314; x_wconf 90' lang='lat' dir='ltr'>elapso</span> <span class='ocrx_word' id='word_1_293' title='bbox 1469 1232 1557 1296; x_wconf 91' lang='lat' dir='ltr'>obiit</span> <span class='ocrx_word' id='word_1_294' title='bbox 1574 1232 1631 1295; x_wconf 92' lang='lat' dir='ltr'>die</span> <span class='ocrx_word' id='word_1_295' title='bbox 1649 1254 1699 1295; x_wconf 93' lang='lat'>21.</span> <span class='ocrx_word' id='word_1_296' title='bbox 1713 1233 1809 1314; x_wconf 83' lang='lat' dir='ltr'>Aug.</span> <span class='ocrx_word' id='word_1_297' title='bbox 1826 1250 1919 1295; x_wconf 89' lang='lat' dir='ltr'>anno</span> 
     </span>
    </p>
   </div>
   <div class='ocr_carea' id='block_1_10' title="bbox 1086 1375 1919 2254">
    <p class='ocr_par' dir='ltr' id='par_1_15' title="bbox 1091 1375 1181 1435">
     <span class='ocr_line' id='line_1_51' title="bbox 1091 1375 1181 1435; baseline 0 -1"><span class='ocrx_word' id='word_1_298' title='bbox 1091 1375 1181 1435; x_wconf 77' lang='lat'>1794·</span> 
     </span>
    </p>

    <p class='ocr_par' dir='ltr' id='par_1_16' title="bbox 1174 1493 1725 1577">
     <span class='ocr_line' id='line_1_52' title="bbox 1174 1493 1725 1577; baseline 0 -21"><span class='ocrx_word' id='word_1_299' title='bbox 1174 1493 1326 1575; x_wconf 91' lang='lat' dir='ltr'>Scripsit</span> <span class='ocrx_word' id='word_1_300' title='bbox 1341 1494 1511 1577; x_wconf 92' lang='lat' dir='ltr'>typisque</span> <span class='ocrx_word' id='word_1_301' title='bbox 1528 1493 1725 1557; x_wconf 85' lang='lat' dir='ltr'>mandavit:</span> 
     </span>
    </p>

    <p class='ocr_par' dir='ltr' id='par_1_17' title="bbox 1086 1637 1919 2026">
     <span class='ocr_line' id='line_1_53' title="bbox 1174 1637 1918 1715; baseline -0.001 -21"><span class='ocrx_word' id='word_1_302' title='bbox 1174 1639 1196 1695; x_wconf 93' lang='grc' dir='ltr'>Ι.</span> <span class='ocrx_word' id='word_1_303' title='bbox 1222 1637 1454 1715; x_wconf 85' lang='lat' dir='ltr'>Siegespredigt</span> <span class='ocrx_word' id='word_1_304' title='bbox 1482 1639 1557 1695; x_wconf 84' lang='lat' dir='ltr'>nach</span> <span class='ocrx_word' id='word_1_305' title='bbox 1582 1638 1636 1694; x_wconf 88' lang='lat' dir='ltr'>der</span> <span class='ocrx_word' id='word_1_306' title='bbox 1660 1638 1828 1694; x_wconf 87' lang='lat' dir='ltr'>Einnahme</span> <span class='ocrx_word' id='word_1_307' title='bbox 1851 1637 1918 1694; x_wconf 88' lang='lat' dir='ltr'>Bel·</span> 
     </span>
     <span class='ocr_line' id='line_1_54' title="bbox 1086 1739 1919 1820; baseline -0.001 -21"><span class='ocrx_word' id='word_1_308' title='bbox 1086 1742 1179 1818; x_wconf 85' lang='lat' dir='ltr'>grads</span> <span class='ocrx_word' id='word_1_309' title='bbox 1196 1741 1289 1798; x_wconf 90' lang='lat' dir='ltr'>durch</span> <span class='ocrx_word' id='word_1_310' title='bbox 1305 1742 1444 1798; x_wconf 87' lang='lat' dir='ltr'>Laudon.</span> <span class='ocrx_word' id='word_1_311' title='bbox 1467 1739 1496 1820; x_wconf 92' lang='lat' dir='ltr'>(i.</span> <span class='ocrx_word' id='word_1_312' title='bbox 1514 1761 1540 1799; x_wconf 90' lang='lat' dir='ltr'>e.</span> <span class='ocrx_word' id='word_1_313' title='bbox 1559 1742 1667 1800; x_wconf 89' lang='lat' dir='ltr'>Oratio</span> <span class='ocrx_word' id='word_1_314' title='bbox 1685 1742 1832 1799; x_wconf 83' lang='lat' dir='ltr'>festivalis</span> <span class='ocrx_word' id='word_1_315' title='bbox 1848 1757 1919 1818; x_wconf 85' lang='lat' dir='ltr'>post</span> 
     </span>
     <span class='ocr_line' id='line_1_55' title="bbox 1086 1844 1918 1926; baseline 0.001 -23"><span class='ocrx_word' id='word_1_316' title='bbox 1086 1848 1244 1903; x_wconf 86' lang='lat' dir='ltr'>victoriam</span> <span class='ocrx_word' id='word_1_317' title='bbox 1254 1844 1496 1926; x_wconf 77' lang='lat' dir='ltr'>Taurinensem.)</span> <span class='ocrx_word' id='word_1_318' title='bbox 1511 1848 1595 1914; x_wconf 87' lang='lat' dir='ltr'>Linz‚</span> <span class='ocrx_word' id='word_1_319' title='bbox 1609 1848 1812 1921; x_wconf 84' lang='lat' dir='ltr'>Feichtinger.</span> <span class='ocrx_word' id='word_1_320' title='bbox 1827 1845 1918 1921; x_wconf 85' lang='lat'><strong>1789.</strong></span> 
     </span>
     <span class='ocr_line' id='line_1_56' title="bbox 1087 1949 1320 2026; baseline -0.013 -17"><span class='ocrx_word' id='word_1_321' title='bbox 1087 1951 1129 2009; x_wconf 88' lang='lat'>8⁰.</span> <span class='ocrx_word' id='word_1_322' title='bbox 1147 1953 1216 2007; x_wconf 89' lang='lat' dir='ltr'>min.</span> <span class='ocrx_word' id='word_1_323' title='bbox 1237 1949 1274 2007; x_wconf 87' lang='lat'>16</span> <span class='ocrx_word' id='word_1_324' title='bbox 1292 1970 1320 2026; x_wconf 90' lang='lat' dir='ltr'>p.</span> 
     </span>
    </p>

    <p class='ocr_par' dir='ltr' id='par_1_18' title="bbox 1088 2070 1918 2254">
     <span class='ocr_line' id='line_1_57' title="bbox 1175 2070 1917 2150; baseline 0.001 -22"><span class='ocrx_word' id='word_1_325' title='bbox 1175 2073 1211 2129; x_wconf 94' lang='grc' dir='ltr'>ΙΙ.</span> <span class='ocrx_word' id='word_1_326' title='bbox 1226 2071 1417 2129; x_wconf 87' lang='lat' dir='ltr'>Trauerrede</span> <span class='ocrx_word' id='word_1_327' title='bbox 1429 2071 1483 2128; x_wconf 82' lang='lat' dir='ltr'>aul</span> <span class='ocrx_word' id='word_1_328' title='bbox 1492 2072 1550 2128; x_wconf 89' lang='lat' dir='ltr'>den</span> <span class='ocrx_word' id='word_1_329' title='bbox 1564 2072 1633 2128; x_wconf 88' lang='lat' dir='ltr'>Tod</span> <span class='ocrx_word' id='word_1_330' title='bbox 1646 2072 1784 2148; x_wconf 87' lang='lat' dir='ltr'>Leopold</span> <span class='ocrx_word' id='word_1_331' title='bbox 1796 2073 1833 2129; x_wconf 95' lang='grc' dir='ltr'>ΙΙ.</span> <span class='ocrx_word' id='word_1_332' title='bbox 1848 2070 1876 2150; x_wconf 92' lang='lat' dir='ltr'>(i.</span> <span class='ocrx_word' id='word_1_333' title='bbox 1891 2092 1917 2129; x_wconf 91' lang='lat' dir='ltr'>e.</span> 
     </span>
     <span class='ocr_line' id='line_1_58' title="bbox 1088 2174 1918 2254; baseline -0.004 -19"><span class='ocrx_word' id='word_1_334' title='bbox 1088 2178 1195 2235; x_wconf 89' lang='lat' dir='ltr'>Oratio</span> <span class='ocrx_word' id='word_1_335' title='bbox 1209 2176 1345 2252; x_wconf 85' lang='lat' dir='ltr'>lugubris</span> <span class='ocrx_word' id='word_1_336' title='bbox 1357 2179 1386 2232; x_wconf 93' lang='lat' dir='ltr'>in</span> <span class='ocrx_word' id='word_1_337' title='bbox 1399 2190 1526 2233; x_wconf 87' lang='lat' dir='ltr'>mortem</span> <span class='ocrx_word' id='word_1_338' title='bbox 1539 2177 1637 2253; x_wconf 90' lang='lat' dir='ltr'>Leop.</span> <span class='ocrx_word' id='word_1_339' title='bbox 1650 2174 1700 2254; x_wconf 89' lang='grc' dir='ltr'>ΙΙ.)</span> <span class='ocrx_word' id='word_1_340' title='bbox 1713 2178 1797 2242; x_wconf 91' lang='lat' dir='ltr'>Linz‚</span> <span class='ocrx_word' id='word_1_341' title='bbox 1810 2177 1918 2233; x_wconf 86' lang='lat' dir='ltr'>Feich·</span> 
     </span>
    </p>
   </div>
   <div class='ocr_carea' id='block_1_11' title="bbox 1088 2279 1560 2358">
    <p class='ocr_par' dir='ltr' id='par_1_19' title="bbox 1088 2279 1560 2358">
     <span class='ocr_line' id='line_1_59' title="bbox 1088 2279 1560 2358; baseline -0.011 -17"><span class='ocrx_word' id='word_1_342' title='bbox 1088 2286 1196 2358; x_wconf 86' lang='lat' dir='ltr'>tinger.</span> <span class='ocrx_word' id='word_1_343' title='bbox 1218 2297 1308 2356; x_wconf 87' lang='grc'>1792.</span> <span class='ocrx_word' id='word_1_344' title='bbox 1326 2281 1368 2338; x_wconf 92' lang='grc'>80.</span> <span class='ocrx_word' id='word_1_345' title='bbox 1386 2284 1455 2338; x_wconf 91' lang='lat' dir='ltr'>min.</span> <span class='ocrx_word' id='word_1_346' title='bbox 1478 2279 1514 2336; x_wconf 92' lang='grc'>16</span> <span class='ocrx_word' id='word_1_347' title='bbox 1531 2300 1560 2357; x_wconf 93' lang='lat' dir='ltr'>p.</span> 
     </span>
    </p>
   </div>
   <div class='ocr_carea' id='block_1_12' title="bbox 1079 2448 1976 5474">
    <p class='ocr_par' dir='ltr' id='par_1_20' title="bbox 1079 2448 1976 5474">
     <span class='ocr_line' id='line_1_60' title="bbox 1173 2448 1915 2541; baseline 0.001 -20"><span class='ocrx_word' id='word_1_348' title='bbox 1173 2448 1389 2523; x_wconf 87' lang='lat' dir='ltr'>Eichhorn</span> <span class='ocrx_word' id='word_1_349' title='bbox 1421 2457 1667 2521; x_wconf 89' lang='lat' dir='ltr'>Ambrosius</span> <span class='ocrx_word' id='word_1_350' title='bbox 1696 2457 1915 2541; x_wconf 92' lang='lat' dir='ltr'>(San-Bla-</span> 
     </span>
     <span class='ocr_line' id='line_1_61' title="bbox 1088 2575 1918 2661; baseline 0.001 -20"><span class='ocrx_word' id='word_1_351' title='bbox 1088 2579 1244 2660; x_wconf 83' lang='lat' dir='ltr'>sianus,</span> <span class='ocrx_word' id='word_1_352' title='bbox 1269 2588 1418 2660; x_wconf 90' lang='lat' dir='ltr'>postea</span> <span class='ocrx_word' id='word_1_353' title='bbox 1439 2575 1787 2661; x_wconf 81' lang='lat' dir='ltr'>San-Paulanus),</span> <span class='ocrx_word' id='word_1_354' title='bbox 1812 2590 1918 2642; x_wconf 88' lang='lat' dir='ltr'>natus</span> 
     </span>
     <span class='ocr_line' id='line_1_62' title="bbox 1088 2698 1917 2783; baseline 0.001 -20"><span class='ocrx_word' id='word_1_355' title='bbox 1088 2700 1201 2763; x_wconf 90' lang='lat' dir='ltr'>estin</span> <span class='ocrx_word' id='word_1_356' title='bbox 1225 2698 1450 2762; x_wconf 88' lang='lat' dir='ltr'>Wittekofen</span> <span class='ocrx_word' id='word_1_357' title='bbox 1478 2700 1513 2761; x_wconf 94' lang='lat' dir='ltr'>in</span> <span class='ocrx_word' id='word_1_358' title='bbox 1538 2699 1833 2783; x_wconf 89' lang='lat' dir='ltr'>Wiirtembergia</span> <span class='ocrx_word' id='word_1_359' title='bbox 1860 2702 1917 2764; x_wconf 91' lang='lat' dir='ltr'>die</span> 
     </span>
     <span class='ocr_line' id='line_1_63' title="bbox 1088 2822 1918 2904; baseline 0.001 -19"><span class='ocrx_word' id='word_1_360' title='bbox 1088 2828 1138 2885; x_wconf 84' lang='lat'>26.</span> <span class='ocrx_word' id='word_1_361' title='bbox 1163 2822 1262 2904; x_wconf 93' lang='lat' dir='ltr'>Sept.</span> <span class='ocrx_word' id='word_1_362' title='bbox 1290 2826 1387 2904; x_wconf 88' lang='grc'>1758,</span> <span class='ocrx_word' id='word_1_363' title='bbox 1412 2843 1438 2884; x_wconf 91' lang='grc'>5.</span> <span class='ocrx_word' id='word_1_364' title='bbox 1462 2822 1584 2886; x_wconf 90' lang='lat' dir='ltr'>habitu</span> <span class='ocrx_word' id='word_1_365' title='bbox 1609 2822 1752 2886; x_wconf 92' lang='lat' dir='ltr'>indutus</span> <span class='ocrx_word' id='word_1_366' title='bbox 1776 2823 1810 2885; x_wconf 92' lang='grc'>11</span> <span class='ocrx_word' id='word_1_367' title='bbox 1835 2824 1918 2887; x_wconf 85' lang='lat' dir='ltr'>divo</span> 
     </span>
     <span class='ocr_line' id='line_1_64' title="bbox 1086 2945 1918 3027; baseline 0.002 -20"><span class='ocrx_word' id='word_1_368' title='bbox 1086 2945 1208 3007; x_wconf 90' lang='lat' dir='ltr'>Blasio</span> <span class='ocrx_word' id='word_1_369' title='bbox 1232 2945 1288 3007; x_wconf 88' lang='lat' dir='ltr'>die</span> <span class='ocrx_word' id='word_1_370' title='bbox 1315 2966 1364 3007; x_wconf 90' lang='lat'>22.</span> <span class='ocrx_word' id='word_1_371' title='bbox 1388 2947 1457 3008; x_wconf 91' lang='lat' dir='ltr'>Ian.</span> <span class='ocrx_word' id='word_1_372' title='bbox 1483 2965 1574 3027; x_wconf 86' lang='lat'><em>1777,</em></span> <span class='ocrx_word' id='word_1_373' title='bbox 1601 2945 1817 3009; x_wconf 92' lang='lat' dir='ltr'>sollemniter</span> <span class='ocrx_word' id='word_1_374' title='bbox 1838 2965 1918 3027; x_wconf 89' lang='lat' dir='ltr'>pro·</span> 
     </span>
     <span class='ocr_line' id='line_1_65' title="bbox 1085 3066 1917 3150; baseline 0.001 -21"><span class='ocrx_word' id='word_1_375' title='bbox 1085 3066 1200 3129; x_wconf 86' lang='lat' dir='ltr'>fessus</span> <span class='ocrx_word' id='word_1_376' title='bbox 1217 3067 1274 3129; x_wconf 92' lang='lat' dir='ltr'>die</span> <span class='ocrx_word' id='word_1_377' title='bbox 1291 3071 1320 3129; x_wconf 89' lang='lat'>8.</span> <span class='ocrx_word' id='word_1_378' title='bbox 1334 3067 1424 3130; x_wconf 84' lang='lat' dir='ltr'>Nov.</span> <span class='ocrx_word' id='word_1_379' title='bbox 1442 3087 1533 3150; x_wconf 85' lang='grc'>1779,</span> <span class='ocrx_word' id='word_1_380' title='bbox 1550 3070 1717 3131; x_wconf 90' lang='lat' dir='ltr'>sacerdos</span> <span class='ocrx_word' id='word_1_381' title='bbox 1733 3069 1917 3132; x_wconf 87' lang='lat' dir='ltr'>ordinatus</span> 
     </span>
     <span class='ocr_line' id='line_1_66' title="bbox 1085 3186 1916 3273; baseline 0.004 -23"><span class='ocrx_word' id='word_1_382' title='bbox 1085 3188 1143 3250; x_wconf 92' lang='lat' dir='ltr'>die</span> <span class='ocrx_word' id='word_1_383' title='bbox 1172 3192 1221 3251; x_wconf 85' lang='lat'>25.</span> <span class='ocrx_word' id='word_1_384' title='bbox 1249 3186 1348 3270; x_wconf 91' lang='lat' dir='ltr'>Sept.</span> <span class='ocrx_word' id='word_1_385' title='bbox 1377 3191 1468 3268; x_wconf 83' lang='lat'><strong>1783.</strong></span> <span class='ocrx_word' id='word_1_386' title='bbox 1497 3188 1633 3252; x_wconf 91' lang='lat' dir='ltr'>Studiis</span> <span class='ocrx_word' id='word_1_387' title='bbox 1661 3190 1916 3273; x_wconf 90' lang='lat' dir='ltr'>philosophicis</span> 
     </span>
     <span class='ocr_line' id='line_1_67' title="bbox 1085 3310 1918 3394; baseline 0.002 -20"><span class='ocrx_word' id='word_1_388' title='bbox 1085 3321 1121 3374; x_wconf 92' lang='lat' dir='ltr'>et</span> <span class='ocrx_word' id='word_1_389' title='bbox 1143 3310 1354 3393; x_wconf 87' lang='lat' dir='ltr'>theologicis</span> <span class='ocrx_word' id='word_1_390' title='bbox 1377 3311 1412 3373; x_wconf 93' lang='lat' dir='ltr'>in</span> <span class='ocrx_word' id='word_1_391' title='bbox 1438 3311 1521 3374; x_wconf 90' lang='lat' dir='ltr'>divo</span> <span class='ocrx_word' id='word_1_392' title='bbox 1547 3312 1668 3374; x_wconf 89' lang='lat' dir='ltr'>Blasio</span> <span class='ocrx_word' id='word_1_393' title='bbox 1697 3313 1849 3394; x_wconf 85' lang='lat' dir='ltr'>exactis,</span> <span class='ocrx_word' id='word_1_394' title='bbox 1881 3324 1918 3376; x_wconf 91' lang='lat' dir='ltr'>et</span> 
     </span>
     <span class='ocr_line' id='line_1_68' title="bbox 1085 3432 1916 3517; baseline 0.001 -21"><span class='ocrx_word' id='word_1_395' title='bbox 1085 3432 1195 3496; x_wconf 88' lang='lat' dir='ltr'>sacris</span> <span class='ocrx_word' id='word_1_396' title='bbox 1211 3432 1380 3516; x_wconf 80' lang='lat' dir='ltr'>initiatus,</span> <span class='ocrx_word' id='word_1_397' title='bbox 1402 3433 1501 3496; x_wconf 89' lang='lat' dir='ltr'>varia</span> <span class='ocrx_word' id='word_1_398' title='bbox 1521 3454 1667 3496; x_wconf 89' lang='lat' dir='ltr'>munera</span> <span class='ocrx_word' id='word_1_399' title='bbox 1689 3435 1822 3517; x_wconf 85' lang='lat' dir='ltr'>obibat,</span> <span class='ocrx_word' id='word_1_400' title='bbox 1847 3435 1916 3517; x_wconf 90' lang='lat' dir='ltr'>pri-</span> 
     </span>
     <span class='ocr_line' id='line_1_69' title="bbox 1084 3555 1915 3638; baseline 0.004 -21"><span class='ocrx_word' id='word_1_401' title='bbox 1084 3576 1178 3618; x_wconf 93' lang='lat' dir='ltr'>mum</span> <span class='ocrx_word' id='word_1_402' title='bbox 1203 3555 1392 3636; x_wconf 89' lang='lat' dir='ltr'>parochiae</span> <span class='ocrx_word' id='word_1_403' title='bbox 1413 3555 1448 3617; x_wconf 91' lang='grc'>11</span> <span class='ocrx_word' id='word_1_404' title='bbox 1464 3555 1636 3638; x_wconf 87' lang='lat' dir='ltr'>Ursberg‚</span> <span class='ocrx_word' id='word_1_405' title='bbox 1660 3557 1788 3619; x_wconf 91' lang='lat' dir='ltr'>deinde</span> <span class='ocrx_word' id='word_1_406' title='bbox 1808 3557 1857 3619; x_wconf 90' lang='lat' dir='ltr'>illi</span> <span class='ocrx_word' id='word_1_407' title='bbox 1879 3557 1915 3620; x_wconf 92' lang='lat' dir='ltr'>in</span> 
     </span>
     <span class='ocr_line' id='line_1_70' title="bbox 1084 3678 1914 3760; baseline 0.005 -21"><span class='ocrx_word' id='word_1_408' title='bbox 1084 3678 1226 3740; x_wconf 90' lang='lat' dir='ltr'>Bernau</span> <span class='ocrx_word' id='word_1_409' title='bbox 1253 3686 1431 3759; x_wconf 88' lang='lat' dir='ltr'>praeerat;</span> <span class='ocrx_word' id='word_1_410' title='bbox 1460 3680 1609 3760; x_wconf 90' lang='lat' dir='ltr'>posthac</span> <span class='ocrx_word' id='word_1_411' title='bbox 1637 3679 1671 3740; x_wconf 92' lang='lat' dir='ltr'>in</span> <span class='ocrx_word' id='word_1_412' title='bbox 1698 3680 1914 3743; x_wconf 87' lang='lat' dir='ltr'>monasterio</span> 
     </span>
     <span class='ocr_line' id='line_1_71' title="bbox 1084 3799 1914 3883; baseline 0.002 -20"><span class='ocrx_word' id='word_1_413' title='bbox 1084 3799 1294 3863; x_wconf 89' lang='lat' dir='ltr'>novitiorum</span> <span class='ocrx_word' id='word_1_414' title='bbox 1319 3799 1504 3883; x_wconf 87' lang='lat' dir='ltr'>magister,</span> <span class='ocrx_word' id='word_1_415' title='bbox 1533 3799 1773 3864; x_wconf 88' lang='lat' dir='ltr'>bibliothecae</span> <span class='ocrx_word' id='word_1_416' title='bbox 1801 3812 1837 3864; x_wconf 95' lang='lat' dir='ltr'>et</span> <span class='ocrx_word' id='word_1_417' title='bbox 1860 3822 1914 3864; x_wconf 95' lang='lat' dir='ltr'>ar-</span> 
     </span>
     <span class='ocr_line' id='line_1_72' title="bbox 1084 3921 1914 4005; baseline 0.004 -21"><span class='ocrx_word' id='word_1_418' title='bbox 1084 3922 1187 3985; x_wconf 89' lang='lat' dir='ltr'>chivo</span> <span class='ocrx_word' id='word_1_419' title='bbox 1211 3931 1287 3984; x_wconf 89' lang='lat' dir='ltr'>erat</span> <span class='ocrx_word' id='word_1_420' title='bbox 1311 3921 1528 4003; x_wconf 87' lang='lat' dir='ltr'>praefectus;</span> <span class='ocrx_word' id='word_1_421' title='bbox 1556 3934 1736 4003; x_wconf 87' lang='lat' dir='ltr'>postremo</span> <span class='ocrx_word' id='word_1_422' title='bbox 1760 3924 1857 4005; x_wconf 91' lang='lat' dir='ltr'>prior</span> <span class='ocrx_word' id='word_1_423' title='bbox 1878 3924 1914 3987; x_wconf 91' lang='lat' dir='ltr'>in</span> 
     </span>
     <span class='ocr_line' id='line_1_73' title="bbox 1083 4042 1913 4128; baseline 0.001 -21"><span class='ocrx_word' id='word_1_424' title='bbox 1083 4042 1288 4125; x_wconf 88' lang='lat' dir='ltr'>Oberriedt‚</span> <span class='ocrx_word' id='word_1_425' title='bbox 1316 4045 1567 4107; x_wconf 91' lang='lat' dir='ltr'>monasteriolo</span> <span class='ocrx_word' id='word_1_426' title='bbox 1593 4045 1862 4128; x_wconf 83' lang='lat' dir='ltr'>congregationi</span> <span class='ocrx_word' id='word_1_427' title='bbox 1886 4065 1913 4108; x_wconf 92' lang='lat' dir='ltr'>s.</span> 
     </span>
     <span class='ocr_line' id='line_1_74' title="bbox 1083 4165 1915 4247; baseline 0.002 -19"><span class='ocrx_word' id='word_1_428' title='bbox 1083 4165 1194 4228; x_wconf 90' lang='lat' dir='ltr'>Blasii</span> <span class='ocrx_word' id='word_1_429' title='bbox 1210 4165 1401 4247; x_wconf 79' lang='lat' dir='ltr'>adscripto,</span> <span class='ocrx_word' id='word_1_430' title='bbox 1422 4166 1457 4228; x_wconf 93' lang='lat' dir='ltr'>in</span> <span class='ocrx_word' id='word_1_431' title='bbox 1474 4166 1529 4228; x_wconf 91' lang='lat' dir='ltr'>his</span> <span class='ocrx_word' id='word_1_432' title='bbox 1546 4167 1708 4229; x_wconf 91' lang='lat' dir='ltr'>omnibus</span> <span class='ocrx_word' id='word_1_433' title='bbox 1729 4167 1813 4229; x_wconf 91' lang='lat' dir='ltr'>locis</span> <span class='ocrx_word' id='word_1_434' title='bbox 1835 4187 1915 4230; x_wconf 91' lang='lat' dir='ltr'>cum</span> 
     </span>
     <span class='ocr_line' id='line_1_75' title="bbox 1083 4288 1913 4370; baseline 0.004 -21"><span class='ocrx_word' id='word_1_435' title='bbox 1083 4289 1187 4350; x_wconf 92' lang='lat' dir='ltr'>laude</span> <span class='ocrx_word' id='word_1_436' title='bbox 1215 4288 1351 4351; x_wconf 91' lang='lat' dir='ltr'>meruit.</span> <span class='ocrx_word' id='word_1_437' title='bbox 1383 4288 1649 4370; x_wconf 82' lang='lat' dir='ltr'>Antiquitatum</span> <span class='ocrx_word' id='word_1_438' title='bbox 1676 4299 1853 4352; x_wconf 88' lang='lat' dir='ltr'>scrutator</span> <span class='ocrx_word' id='word_1_439' title='bbox 1877 4300 1913 4352; x_wconf 92' lang='lat' dir='ltr'>et</span> 
     </span>
     <span class='ocr_line' id='line_1_76' title="bbox 1083 4409 1913 4493; baseline 0.004 -20"><span class='ocrx_word' id='word_1_440' title='bbox 1083 4409 1134 4473; x_wconf 91' lang='lat' dir='ltr'>rei</span> <span class='ocrx_word' id='word_1_441' title='bbox 1154 4411 1370 4473; x_wconf 91' lang='lat' dir='ltr'>nummariae</span> <span class='ocrx_word' id='word_1_442' title='bbox 1387 4410 1533 4492; x_wconf 86' lang='lat' dir='ltr'>peritus,</span> <span class='ocrx_word' id='word_1_443' title='bbox 1556 4432 1577 4473; x_wconf 89' lang='lat' dir='ltr'>a</span> <span class='ocrx_word' id='word_1_444' title='bbox 1597 4411 1758 4493; x_wconf 92' lang='lat' dir='ltr'>principe</span> <span class='ocrx_word' id='word_1_445' title='bbox 1780 4413 1913 4476; x_wconf 82' lang='lat' dir='ltr'>abbate</span> 
     </span>
     <span class='ocr_line' id='line_1_77' title="bbox 1082 4530 1913 4598; baseline 0.005 -4"><span class='ocrx_word' id='word_1_446' title='bbox 1082 4532 1237 4595; x_wconf 88' lang='lat' dir='ltr'>Martino</span> <span class='ocrx_word' id='word_1_447' title='bbox 1269 4530 1422 4595; x_wconf 86' lang='lat' dir='ltr'>Gerbert</span> <span class='ocrx_word' id='word_1_448' title='bbox 1457 4533 1667 4595; x_wconf 89' lang='lat' dir='ltr'>scribendae</span> <span class='ocrx_word' id='word_1_449' title='bbox 1699 4531 1913 4598; x_wconf 87' lang='lat' dir='ltr'>Germaniae</span> 
     </span>
     <span class='ocr_line' id='line_1_78' title="bbox 1082 4654 1913 4737; baseline 0.002 -20"><span class='ocrx_word' id='word_1_450' title='bbox 1082 4674 1204 4717; x_wconf 89' lang='lat' dir='ltr'>sacrae</span> <span class='ocrx_word' id='word_1_451' title='bbox 1232 4654 1349 4717; x_wconf 89' lang='lat' dir='ltr'>socius</span> <span class='ocrx_word' id='word_1_452' title='bbox 1376 4654 1545 4737; x_wconf 80' lang='lat' dir='ltr'>adscitus,</span> <span class='ocrx_word' id='word_1_453' title='bbox 1574 4655 1821 4737; x_wconf 86' lang='lat' dir='ltr'>episcopatum</span> <span class='ocrx_word' id='word_1_454' title='bbox 1845 4656 1913 4720; x_wconf 90' lang='lat' dir='ltr'>Cu-</span> 
     </span>
     <span class='ocr_line' id='line_1_79' title="bbox 1081 4776 1976 4858; baseline 0.003 -19"><span class='ocrx_word' id='word_1_455' title='bbox 1081 4777 1234 4839; x_wconf 90' lang='lat' dir='ltr'>riensem</span> <span class='ocrx_word' id='word_1_456' title='bbox 1246 4779 1464 4840; x_wconf 87' lang='lat' dir='ltr'>exarandum</span> <span class='ocrx_word' id='word_1_457' title='bbox 1476 4777 1610 4840; x_wconf 91' lang='lat' dir='ltr'>habuit.</span> <span class='ocrx_word' id='word_1_458' title='bbox 1623 4776 1711 4840; x_wconf 90' lang='lat' dir='ltr'>Cum</span> <span class='ocrx_word' id='word_1_459' title='bbox 1724 4798 1817 4841; x_wconf 91' lang='lat' dir='ltr'>anno</span> <span class='ocrx_word' id='word_1_460' title='bbox 1831 4783 1910 4858; x_wconf 86' lang='lat'><strong>1807</strong></span> <span class='ocrx_word' id='word_1_461' title='bbox 1973 4826 1976 4833; x_wconf 76' lang='grc'>.</span> 
     </span>
     <span class='ocr_line' id='line_1_80' title="bbox 1081 4898 1913 4981; baseline 0.005 -21"><span class='ocrx_word' id='word_1_462' title='bbox 1081 4898 1276 4981; x_wconf 89' lang='lat' dir='ltr'>principale</span> <span class='ocrx_word' id='word_1_463' title='bbox 1301 4919 1328 4961; x_wconf 93' lang='lat' dir='ltr'>s.</span> <span class='ocrx_word' id='word_1_464' title='bbox 1353 4899 1464 4961; x_wconf 90' lang='lat' dir='ltr'>Blasii</span> <span class='ocrx_word' id='word_1_465' title='bbox 1487 4900 1738 4962; x_wconf 89' lang='lat' dir='ltr'>monasterium</span> <span class='ocrx_word' id='word_1_466' title='bbox 1763 4901 1913 4965; x_wconf 91' lang='lat' dir='ltr'>inevita-</span> 
     </span>
     <span class='ocr_line' id='line_1_81' title="bbox 1080 5020 1912 5104; baseline 0.004 -21"><span class='ocrx_word' id='word_1_467' title='bbox 1080 5021 1143 5084; x_wconf 94' lang='lat' dir='ltr'>bili</span> <span class='ocrx_word' id='word_1_468' title='bbox 1155 5020 1229 5084; x_wconf 88' lang='lat' dir='ltr'>fato</span> <span class='ocrx_word' id='word_1_469' title='bbox 1241 5021 1443 5103; x_wconf 88' lang='lat' dir='ltr'>occidisset,</span> <span class='ocrx_word' id='word_1_470' title='bbox 1453 5021 1492 5083; x_wconf 94' lang='grc' dir='ltr'>Ρ.</span> <span class='ocrx_word' id='word_1_471' title='bbox 1503 5022 1716 5085; x_wconf 90' lang='lat' dir='ltr'>Ambrosius</span> <span class='ocrx_word' id='word_1_472' title='bbox 1729 5043 1808 5085; x_wconf 92' lang='lat' dir='ltr'>cum</span> <span class='ocrx_word' id='word_1_473' title='bbox 1817 5023 1912 5104; x_wconf 90' lang='lat' dir='ltr'>prin-</span> 
     </span>
     <span class='ocr_line' id='line_1_82' title="bbox 1081 5143 1911 5235; baseline 0.005 -30"><span class='ocrx_word' id='word_1_474' title='bbox 1081 5143 1160 5225; x_wconf 91' lang='lat' dir='ltr'>cipe</span> <span class='ocrx_word' id='word_1_475' title='bbox 1181 5146 1312 5207; x_wconf 86' lang='lat' dir='ltr'>abbate</span> <span class='ocrx_word' id='word_1_476' title='bbox 1333 5143 1528 5206; x_wconf 90' lang='lat' dir='ltr'>Bertholdo</span> <span class='ocrx_word' id='word_1_477' title='bbox 1544 5144 1691 5207; x_wconf 90' lang='lat' dir='ltr'>Rottler</span> <span class='ocrx_word' id='word_1_478' title='bbox 1714 5154 1750 5207; x_wconf 91' lang='lat' dir='ltr'>et</span> <span class='ocrx_word' id='word_1_479' title='bbox 1774 5144 1911 5235; x_wconf 82' lang='lat' dir='ltr'>confra-</span> 
     </span>
     <span class='ocr_line' id='line_1_83' title="bbox 1080 5265 1911 5331; baseline 0.002 -2"><span class='ocrx_word' id='word_1_480' title='bbox 1080 5265 1193 5329; x_wconf 91' lang='lat' dir='ltr'>tribus</span> <span class='ocrx_word' id='word_1_481' title='bbox 1208 5268 1300 5329; x_wconf 93' lang='lat' dir='ltr'>bene</span> <span class='ocrx_word' id='word_1_482' title='bbox 1317 5266 1436 5330; x_wconf 93' lang='lat' dir='ltr'>multis</span> <span class='ocrx_word' id='word_1_483' title='bbox 1457 5268 1503 5329; x_wconf 88' lang='lat' dir='ltr'>ad</span> <span class='ocrx_word' id='word_1_484' title='bbox 1523 5286 1550 5329; x_wconf 92' lang='grc'>5.</span> <span class='ocrx_word' id='word_1_485' title='bbox 1568 5267 1718 5330; x_wconf 90' lang='lat' dir='ltr'>Paulum</span> <span class='ocrx_word' id='word_1_486' title='bbox 1738 5266 1773 5330; x_wconf 95' lang='lat' dir='ltr'>in</span> <span class='ocrx_word' id='word_1_487' title='bbox 1790 5267 1911 5331; x_wconf 89' lang='lat' dir='ltr'>Carin-</span> 
     </span>
     <span class='ocr_line' id='line_1_84' title="bbox 1079 5388 1911 5474; baseline 0.005 -24"><span class='ocrx_word' id='word_1_488' title='bbox 1079 5388 1153 5451; x_wconf 93' lang='lat' dir='ltr'>thia</span> <span class='ocrx_word' id='word_1_489' title='bbox 1190 5388 1422 5472; x_wconf 82' lang='lat' dir='ltr'>immigravit,</span> <span class='ocrx_word' id='word_1_490' title='bbox 1454 5399 1490 5452; x_wconf 92' lang='lat' dir='ltr'>et</span> <span class='ocrx_word' id='word_1_491' title='bbox 1521 5400 1691 5471; x_wconf 89' lang='lat' dir='ltr'>protenus</span> <span class='ocrx_word' id='word_1_492' title='bbox 1723 5391 1911 5474; x_wconf 89' lang='lat' dir='ltr'>gymnasio</span> 
     </span>
    </p>
   </div>
   <div class='ocr_carea' id='block_1_13' title="bbox 0 0 2094 6196">
    <p class='ocr_par' dir='ltr' id='par_1_21' title="bbox 0 0 2094 6196">
     <span class='ocr_line' id='line_1_85' title="bbox 0 0 2094 6196; baseline 0 2"><span class='ocrx_word' id='word_1_493' title='bbox 0 0 2094 6196; x_wconf 95' lang='lat' dir='ltr'> </span> 
     </span>
    </p>
   </div>
  </div>
 </body>
</html>
