4178 6196
902 488 1184 559 ‚527-

170 674 486 753 accommodatum,
511 675 678 754 quodque
702 672 825 734 maiori
845 672 919 734 iure
940 693 1001 735 an-

171 796 269 857 nales
297 794 485 857 Blasianos
511 795 671 857 vocitare
698 796 889 876 potuisset,
922 815 1000 858 cum

171 913 296 978 revera
312 916 459 978 annales
475 916 555 998 sint,
573 918 617 978 de
634 936 726 979 anno
743 917 778 978 in
795 937 925 978 annum
940 918 1001 979 de·

171 1048 354 1100 currentes
366 1047 559 1119 exponant,
570 1037 655 1118 quid
668 1058 689 1100 a
701 1048 862 1119 tempore
871 1037 1000 1099 Wern·

170 1160 246 1222 heri
262 1160 288 1224 I.
311 1179 404 1222 anno
429 1163 509 1236 1045
534 1160 639 1222 electi
660 1179 772 1240 usque
796 1161 842 1221 ad
865 1160 1000 1221 obitum

170 1282 198 1343 F
201 1280 352 1343 rancisci
367 1279 412 1342 ΙΙ.
429 1300 522 1342 anno
542 1300 621 1360 1747
640 1280 676 1342 in
692 1283 798 1343 rebus
815 1281 922 1343 etiam
938 1281 1000 1342 mi·

561 1369 571 1391 .

172 1404 265 1465 noris
292 1402 463 1465 momenti
490 1403 690 1484 contigerit.
728 1404 850 1484 Atque
875 1403 925 1464 sic
948 1403 1003 1464 vir

171 1524 325 1606 diligens
342 1525 427 1586 nulli
439 1524 553 1585 labori
565 1527 747 1605 parcebat,
765 1534 804 1586 ut
819 1524 1001 1586 historiam

171 1645 375 1707 Blasianam
392 1644 486 1706 omni
503 1663 549 1705 ex
565 1652 668 1724 parte
681 1627 847 1706 redderet
863 1644 1001 1724 perfec·

170 1778 254 1849 tam,
277 1787 357 1829 eum
374 1767 518 1848 quidem
534 1766 569 1827 in
584 1765 691 1827 finem
707 1776 743 1828 et
759 1786 780 1827 a
796 1785 834 1827 se
852 1783 1001 1845 concep-

170 1902 242 1951 tam
259 1908 370 1970 spem,
387 1897 426 1951 ut
443 1888 501 1950 alii
519 1908 565 1950 ex
581 1888 654 1949 suis
670 1886 909 1949 confratribus
925 1886 1002 1948 istis

170 2010 242 2071 suis
251 2008 787 2072 documentisadiutihistoriam
797 2006 1002 2069 monasterii

171 2152 198 2193 s.
225 2131 335 2193 Blasii
359 2134 405 2193 ad
427 2132 527 2213 leges
552 2130 696 2193 criticae
724 2140 761 2192 et
788 2129 1002 2213 elegantiam

169 2253 241 2315 stili
258 2253 491 2333 compositam
507 2253 651 2314 tandem
664 2252 828 2333 publicae
842 2250 911 2313 luci
924 2251 1002 2311 red-

170 2377 304 2437 derent.
329 2375 462 2437 Paulus
485 2375 735 2437 Kettenacker
759 2371 1002 2437 San-Blasia-

169 2516 254 2576 nuS,
282 2514 473 2558 recensens
500 2496 611 2557 vitam
639 2493 808 2558 Stanislai
832 2493 1003 2555 Wiilberz

170 2618 220 2678 ita
240 2637 320 2679 eum
337 2616 478 2679 affatur:
503 2617 626 2679 Liceat
648 2616 746 2697 mihi,
771 2625 906 2677 mutato
927 2615 1002 2676 Ro·

169 2757 274 2799 mano
292 2738 326 2798 in
344 2737 549 2800 Blasianum
562 2738 712 2818 nomine,
725 2736 1002 2819 historiographi

170 2869 207 2921 et
222 2859 420 2921 annalistae
436 2859 604 2920 Blasiano
628 2859 664 2920 in
686 2859 780 2940 grati
802 2857 908 2920 animi
930 2876 1002 2918 me-

170 2982 317 3043 moriam
331 3000 374 3042 ea
387 2982 582 3043 attribuere
595 2983 715 3061 verba,
726 2980 854 3061 quibus
863 2979 1002 3043 Seneca

172 3105 228 3184 (de
246 3103 500 3184 consolatione)
522 3102 693 3163 Marciam
714 3102 884 3184 laudavit,
906 3103 1002 3183 quod

170 3226 279 3287 libros
300 3225 412 3305 patris
434 3223 504 3304 sui,
530 3243 618 3305 quos
644 3225 687 3284 de
711 3224 815 3284 bellis
839 3223 1002 3286 civilibus

171 3347 442 3428 conscripserat,
467 3346 502 3408 in
523 3345 668 3426 publica
690 3354 916 3407 monumenta
939 3364 1003 3406 seu

170 3471 406 3531 bibliothecas
422 3468 631 3530 restituerit:
658 3466 823 3549 „Optime
844 3467 1003 3529 meruisti

172 3591 351 3654 Stanislae
369 3592 412 3652 de
426 3591 603 3652 Blasianis
620 3589 764 3660 studiis:
781 3609 911 3671 magna
927 3589 1003 3650 illo·

172 3733 246 3774 rum
264 3731 349 3792 pars
365 3721 511 3774 arserat.
537 3711 681 3792 Optime
703 3712 747 3772 de
769 3711 933 3791 posteris,
957 3712 1004 3772 ad

172 3853 260 3914 quos
288 3832 409 3894 veniet
438 3833 642 3912 incorrupta
666 3851 786 3893 eorum
806 3830 905 3893 fides
930 3828 1003 3911 Op-

171 3956 256 4017 time
270 3957 314 4016 de
327 3954 490 4036 patribus
503 3964 539 4016 et
551 3954 743 4016 abbatibus
756 3954 837 4033 tuis,
854 3973 1002 4034 quorum

170 4077 270 4158 viget
285 4076 495 4158 vigebitque
512 4075 690 4156 memoria,
712 4075 879 4156 quamdiu
896 4074 1003 4138 fuerit

171 4200 205 4259 in
222 4198 337 4280 pretio
351 4198 519 4259 Blasiana
533 4198 711 4278 cognosci,
726 4198 895 4278 quamdiu
908 4198 1002 4279 quis-

172 4341 278 4400 quam
295 4320 371 4399 erit,
395 4319 454 4400 qui
470 4319 601 4381 reverti
618 4319 704 4382 velit
725 4321 771 4381 ad
792 4330 873 4381 acta
894 4319 1002 4381 maio-

171 4462 262 4502 rum:
287 4440 455 4522 quamdiu
481 4440 682 4522 quisquam,
708 4441 768 4522 qui
792 4441 877 4503 velit
901 4441 1002 4522 scire,

172 4563 257 4643 quid
274 4563 319 4624 sit
336 4562 390 4623 vir
405 4561 626 4624 Blasianus.“

258 4685 313 4746 De
350 4683 601 4764 manuscriptis
632 4681 802 4746 Stanislai
833 4683 1002 4746 Wiilberz

172 4807 377 4869 consulatur
405 4804 779 4887 „Quellensammlung
807 4806 870 4867 der
896 4806 1003 4868 Badi-

173 4930 282 4991 schen
303 4927 685 5008 Landesgeschichte“,
707 4929 1003 5010 herausgegeben

173 5070 242 5112 von
259 5048 376 5111 Mone.
395 5049 420 5112 I.
438 5049 504 5111 Bd.
526 5053 616 5126 1848.
635 5069 667 5130 p.
687 5054 824 5129 64-73.

260 5165 1002 5259 Wi'lrfPlacidus(Altenburgensis),

174 5294 335 5355 Viennae
352 5293 387 5355 in
401 5293 549 5355 Austria
565 5295 622 5356 die
644 5299 690 5356 13.
704 5294 777 5356 Ian.
796 5313 873 5372 1772
889 5304 1003 5375 natus,

173 5435 199 5477 s.
217 5415 342 5477 habitu
360 5415 417 5477 die
436 5419 485 5477 26.
501 5414 580 5479 Oct.
599 5435 679 5494 1794
696 5415 849 5496 indutus,
866 5414 1005 5476 sollem-

1081 673 1139 736 nia
1155 683 1239 735 vota
1256 674 1313 735 die
1331 677 1381 735 18.
1395 675 1499 736 Mart.
1518 679 1597 753 1796
1611 675 1728 737 emisit
1744 683 1780 737 et
1793 695 1909 737 sacer-

1081 794 1178 856 dotio
1194 795 1427 876 inauguratus
1444 797 1501 858 die
1523 817 1547 858 1.
1565 794 1645 860 Oct.
1663 816 1741 874 1797
1759 795 1910 876 primum

1080 927 1345 977 sacrosanctum
1368 917 1497 979 missae
1522 916 1731 980 sacrificium
1753 919 1909 980 celebra-

1079 1036 1140 1100 vit.
1164 1036 1283 1098 Variis
1300 1036 1436 1118 officiis,
1453 1047 1593 1119 utpote:
1616 1039 1857 1119 cooperatoris
1873 1039 1908 1101 in

1080 1161 1167 1220 urbe
1192 1158 1301 1239 Horn,
1326 1161 1372 1221 ab
1396 1179 1489 1222 anno
1514 1165 1682 1240 1807-20
1704 1160 1849 1241 parochi
1874 1160 1909 1220 in

1081 1280 1210 1361 Aigen,
1228 1282 1274 1342 ab
1290 1300 1382 1343 anno
1404 1287 1568 1344 1820—22
1587 1282 1771 1345 camerarii
1786 1283 1822 1344 in
1838 1301 1909 1344 mo·

1081 1402 1246 1482 nasterio,
1259 1403 1412 1484 denique
1425 1405 1471 1465 ab
1480 1423 1573 1465 anno
1589 1408 1754 1466 1822-33
1765 1404 1912 1485 parochi

1081 1523 1116 1584 in
1140 1526 1228 1584 urbe
1248 1523 1348 1585 Horn
1371 1525 1598 1587 laudabiliter
1620 1525 1773 1605 sunctuS,
1798 1526 1855 1587 die
1880 1529 1909 1588 8.

1081 1644 1166 1706 Maii
1188 1649 1266 1707 1833
1285 1664 1304 1707 e
1321 1645 1395 1707 vita
1412 1646 1585 1708 discessit.
1610 1644 1776 1726 Scripsit:

1168 1807 1382 1862 Ehrenkrtinze
1406 1826 1441 1861 zu
1463 1806 1516 1862 des
1532 1806 1629 1863 Abtes
1646 1806 1789 1863 Berthold
1809 1806 1910 1882 Jubel·

1082 1909 1158 1965 leste
1175 1928 1221 1967 am
1240 1925 1289 1966 20.
1303 1911 1377 1985 Apr.
1393 1909 1482 1967 1818.
1500 1911 1575 1967 Eine
1592 1913 1727 1968 Cantate.
1745 1908 1774 1988 (i.
1789 1930 1814 1967 e.
1833 1911 1910 1967 Can·

1082 2027 1144 2070 tata
1164 2013 1265 2070 abbati
1284 2014 1446 2070 Bertholdo
1471 2014 1606 2071 iubilanti
1628 2012 1788 2092 dedicata.)
1811 2014 1910 2082 Wien,

1083 2118 1187 2174 Druck
1203 2137 1262 2174 von
1279 2118 1501 2174 Ghelen’scheu
1519 2119 1631 2176 Erben.
1653 2118 1743 2176 1818.
1760 2119 1856 2174 Folio.

1168 2283 1321 2353 Wurm
1336 2291 1910 2374 Ernestus(Cremifanensis),

1082 2418 1188 2471 antea
1198 2408 1418 2490 FranciscuS,
1429 2410 1463 2471 ln
1477 2411 1610 2492 oppido
1620 2412 1800 2474 Kematen
1813 2422 1911 2474 trans

1082 2530 1236 2592 Trunam
1253 2530 1321 2592 sito
1339 2531 1396 2592 die
1418 2537 1463 2594 13.
1481 2531 1554 2595 Ian.
1576 2537 1657 2594 1820
1671 2541 1786 2613 natus,
1808 2536 1912 2594 abso·

1081 2652 1164 2715 lutis
1181 2651 1372 2715 Cremifani
1396 2653 1523 2715 studiis
1547 2654 1604 2714 die
1632 2675 1679 2715 11.
1704 2652 1803 2734 Sept.
1831 2659 1907 2731 1841

1082 2795 1108 2835 s.
1135 2774 1258 2837 habitu
1287 2775 1430 2838 indutus
1457 2776 1696 2858 theologicum
1724 2777 1911 2857 quadrien-

1082 2895 1177 2957 nium
1193 2895 1305 2958 Lincii
1326 2897 1500 2977 percurrit
1520 2907 1556 2959 et
1577 2899 1634 2959 die
1657 2917 1707 2975 ²7·
1723 2899 1809 2960 Dec.
1832 2902 1910 2975 1845

1083 3018 1301 3080 sollemniter
1316 3017 1499 3097 professus
1513 3019 1624 3100 regali
1641 3019 1841 3081 sacerdotio
1857 3039 1912 3080 or·

1082 3149 1187 3201 natus
1212 3149 1267 3201 est
1292 3139 1350 3200 die
1382 3144 1428 3202 18.
1455 3139 1517 3201 Iul.
1548 3144 1638 3217 1846.
1676 3140 1910 3217 1846-69111

1082 3260 1189 3340 Ried,
1207 3260 1391 3322 Ththeim
1407 3269 1443 3322 et
1457 3260 1725 3323 Weisskirchen
1742 3281 1911 3343 coopera-

1083 3393 1153 3464 tor,
1183 3386 1349 3459 1860-67
1376 3382 1411 3443 in
1436 3382 1655 3464 Allhaming,
1684 3387 1851 3462 1867-76
1875 3383 1911 3444 in

1083 3504 1318 3587 Sipbachzell,
1340 3507 1386 3566 ab
1407 3525 1500 3566 anno
1522 3508 1600 3582 1876
1622 3504 1658 3567 in
1673 3504 1912 3588 Viechtwang

1082 3627 1266 3708 parochus.

1169 3767 1245 3829 Hos
1261 3766 1400 3828 libellos
1416 3766 1513 3848 typis
1530 3767 1725 3829 mandavit:

1170 3910 1192 3965 I.
1225 3910 1408 3966 Geistlicher
1438 3909 1732 3966 Taschenhumorist
1762 3924 1819 3966 etc.
1852 3927 1911 3965 von

1084 4015 1194 4071 Emest
1209 4013 1379 4080 Wendelin‚
1403 4013 1537 4070 Priester
1558 4013 1612 4069 der
1635 4013 1911 4069 Linzer·Di6cese.

1084 4117 1296 4193 Regensburg,
1320 4118 1410 4191 1859.
1428 4119 1523 4175 Manz.
1542 4124 1605 4190 240.
1623 4118 1692 4175 VIII
1710 4130 1739 4173 et
1756 4130 1815 4187 272
1834 4134 1863 4190 p.

1170 4240 1208 4295 II.
1230 4239 1338 4296 Album
1362 4237 1470 4317 (Prosa
1485 4240 1543 4295 und
1560 4236 1687 4315 Poesie)‚
1712 4258 1776 4294 zum
1803 4237 1912 4292 Besten

1083 4345 1137 4400 der
1157 4344 1250 4400 durch
1268 4344 1365 4399 Brand
1382 4343 1630 4416 Verungliicktcn
1645 4342 1699 4397 der
1714 4340 1802 4397 Stadt
1818 4342 1913 4396 Brau-

1083 4467 1150 4504 nau.
1176 4445 1205 4525 (i.
1223 4467 1249 4504 e.
1268 4447 1388 4512 Album,
1413 4449 1497 4502 cuius
1519 4445 1634 4500 fructus
1656 4444 1913 4501 Bruuoviensibus

1083 4550 1198 4608 civibus
1215 4551 1382 4607 incendium
1399 4551 1498 4624 passis
1515 4548 1574 4604 dati
1592 4546 1683 4626 sunt.)
1706 4549 1801 4617 weis,
1819 4550 1912 4605 Haas.

1088 4654 1177 4726 1874.

1170 4777 1222 4832 111.
1232 4742 1737 4832 KatholischerHeimatskaleirder
1751 4775 1797 4830 sur
1809 4773 1914 4831 stadt-

1083 4881 1141 4937 und
1159 4880 1329 4937 Dorlleute.
1353 4876 1594 4956 (calendarium.)
1618 4876 1915 4953 Jahrgang1868—

1089 4985 1178 5059 1879.
1193 4986 1288 5049 Wels.
1299 4985 1392 5040 Haas
1406 4982 1448 5040 8⁰.
1467 4982 1659 5057 Singularum
1672 4982 1834 5038 editionum
1848 4982 1915 5057 plus

1083 5109 1173 5165 quam
1202 5104 1336 5146 100.ooo
1352 5089 1536 5164 exemplaria
1560 5089 1639 5162 typis
1663 5089 1816 5162 exscripta
1836 5099 1914 5143 sunt.

1171 5211 1220 5267 IV.
1232 5209 1559 5266 Kurzweil·l(alender.
1570 5208 1665 5275 Weiss,
1675 5209 1767 5264 Haas.
1778 5206 1819 5264 8⁰.
1829 5207 1915 5283 Jahr-

1083 5334 1165 5390 gang
1197 5312 1373 5386 1866-79.
1405 5312 1540 5387 Singulis
1563 5314 1648 5368 annis
1672 5326 1790 5385 90.000
1815 5330 1916 5367 exem·

1085 5419 1181 5495 plaria
1198 5418 1318 5474 vendita
1335 5430 1413 5472 sunt.
