4178 6196
894 485 937 496 —
982 448 1122 511 XLVII
1166 485 1209 495 -

307 677 419 740 Aliud
455 697 599 759 quoque
633 679 701 739 hoc
736 685 899 757 tempore
934 672 1063 738 evenit.
1110 672 1199 736 Cum>
1232 690 1322 755 pace
1357 672 1449 735 inter
1479 672 1691 735 Austriacos
1725 684 1761 736 et
1794 671 1919 737 Gallos

169 815 272 879 facta
289 816 505 898 Tergestum
528 814 565 877 in
588 813 771 878 Gallorum
795 814 970 878 dicionem
993 811 1153 875 venisset
1175 811 1347 894 regnique
1364 811 1496 894 Illyrici
1521 821 1630 892 caput
1650 810 1785 876 factum
1809 823 1916 892 esset,

171 956 210 1018 in
234 955 530 1018 Machitharistas
553 954 676 1017 durius
699 954 984 1016 animadversum
1009 961 1074 1016 est.
1112 951 1260 1015 Frustra
1284 952 1497 1013 Adeodatus
1520 951 1633 1013 abbas
1656 953 1749 1014 bene
1772 951 1918 1015 meritus

172 1093 343 1174 quamvis
365 1101 552 1156 senectute
574 1093 700 1155 tardus
722 1092 769 1154 ad
792 1090 991 1173 Eugenium
1014 1088 1269 1169 Beauharnais,
1301 1088 1397 1171 regis
1425 1088 1605 1170 vicarium,
1636 1089 1809 1153 Milanum
1838 1109 1920 1171 pro·

173 1232 295 1295 fectus
319 1252 385 1314 pro
408 1232 579 1294 fratribus
601 1250 705 1293 omne
729 1229 885 1292 studium
916 1226 1043 1290 officiis
1072 1228 1146 1289 suis
1174 1226 1342 1290 dantibus
1371 1228 1649 1310 deprecabatur,
1680 1229 1813 1293 frustra
1837 1230 1917 1293 Ari-

174 1382 310 1454 staces,
334 1371 394 1454 qui
417 1380 545 1454 postea
567 1370 684 1433 factus
708 1379 764 1431 est
786 1370 909 1449 abbaS,
934 1367 1011 1430 iura
1036 1367 1325 1449 congregationis
1347 1369 1393 1429 ab
1409 1367 1622 1430 adversariis
1639 1368 1780 1432 fortiter
1798 1369 1920 1433 defen-

175 1513 301 1583 derat;
325 1513 420 1573 bona
444 1529 565 1572 eorum
588 1508 782 1589 publicata,
805 1507 988 1570 monachis
1011 1506 1083 1587 vix,
1108 1525 1200 1587 quae
1223 1507 1270 1568 ad
1294 1505 1426 1568 victum
1450 1517 1533 1571 sunt
1556 1508 1771 1590 necessaria,
1794 1509 1919 1573 relicta

175 1660 274 1712 sunt.
312 1648 450 1730 Quibus
473 1648 509 1710 in
532 1647 708 1729 angustiis
731 1645 793 1710 filii
816 1644 1048 1709 Mechitharis
1063 1644 1313 1708 Vindobonam
1337 1644 1583 1728 confugerunt.
1615 1647 1670 1710 Ibi
1689 1667 1711 1708 a
1727 1648 1920 1711 Francisco

176 1788 397 1870 imperatore
428 1796 465 1849 et
496 1786 624 1849 comite
652 1786 697 1847 de
720 1784 940 1847 Hohenwart
969 1783 1239 1865 archiepiscopo
1269 1783 1465 1846 liberaliter
1493 1784 1637 1866 excepti
1667 1786 1920 1849 monasterium

178 1946 207 1991 s.
232 1924 396 1988 Udalrici
418 1924 454 1987 in
477 1923 649 1988 suburbio
665 1922 857 2004 Iosephino
873 1941 895 1984 a
911 1920 1102 2004 Capucinis
1125 1932 1231 1985 antea
1253 1934 1467 2004 occupatum
1489 1928 1565 1986 1811
1585 1925 1679 1986 dono
1694 1938 1920 2005 acceperunt.

178 2065 364 2127 Fortunae
388 2082 532 2145 quoque
555 2072 662 2125 antea
684 2062 877 2124 admodum
899 2071 1026 2124 tenues
1049 2070 1177 2123 auctae
1200 2070 1292 2142 sunt,
1322 2080 1402 2124 cum
1426 2062 1639 2144 Tergestum
1670 2063 1714 2126 iis
1741 2065 1920 2127 redditum

178 2213 290 2266 esset.
323 2203 420 2265 Ante
444 2200 563 2264 omnia
585 2220 671 2263 vero
693 2201 783 2262 haec
807 2197 1041 2281 congregatio
1062 2197 1188 2261 florere
1210 2199 1338 2281 coepit,
1361 2210 1553 2282 postquam
1569 2201 1761 2265 Adeodato
1784 2212 1923 2266 mortuo

179 2345 229 2405 ad
252 2341 460 2404 Aristacem
484 2339 643 2422 dignitas
665 2338 858 2402 abbatialis
882 2339 1001 2401 delata
1025 2346 1081 2400 est
1097 2339 1129 2417 ¹).
1175 2314 1180 2325 ’

314 2479 481 2561 Denique
516 2499 585 2541 non
620 2477 978 2560 praetermittendum
1012 2476 1154 2540 videtur
1186 2496 1284 2559 esse,
1319 2478 1603 2560 praeposituram
1635 2479 1924 2562 Raigradensem

179 2617 402 2682 monasterio
425 2617 685 2681 Bievnoviensi
716 2616 895 2679 subditam
928 2619 1006 2677 1812
1037 2616 1261 2697 adprobante
1292 2616 1506 2698 imperatore
1539 2617 1721 2680 abbatiam
1754 2618 1808 2682 sui
1838 2619 1925 2682 iuris

181 2758 319 2822 factam
337 2776 428 2839 esse,
452 2756 553 2820 cuius
568 2757 703 2839 primus
715 2728 833 2818 'abbas
849 2754 1076 2836 Augustinus
1092 2755 1200 2817 Koch
1214 2755 1500 2836 Raigradiensis,
1520 2755 1715 2819 litterarum
1732 2756 1924 2839 professor,

182 2898 324 2961 electus
349 2907 406 2960 est
419 2897 454 2977 ²).

291 3034 367 3100 Sed
394 3045 515 3099 tamen
542 3035 735 3098 monachos
767 3033 1013 3116 proscribendi
1045 3034 1201 3096 nondum
1231 3032 1311 3095 finis
1343 3043 1399 3095 est
1428 3031 1556 3097 factus.
1599 3037 1680 3095 1810
1709 3053 1775 3114 per
1804 3034 1927 3098 Fride-

180 3175 297 3238 ricum
323 3173 550 3240 Guilielmum
565 3174 639 3255 III,
655 3173 892 3236 Borussorum
916 3192 1049 3255 regern,
1062 3171 1353 3254 Wahlstadtium,
1371 3172 1621 3254 praepositura
1636 3173 1926 3256 Braunaviensis,

182 3313 399 3376 dissolutum
424 3312 572 3394 eiusque
595 3312 841 3394 possessiones
863 3311 1038 3394 neglectis
1061 3310 1248 3374 Fortunati
1270 3311 1413 3373 abbatis
1429 3311 1707 3375 Braunaviensis
1729 3311 1928 3376 rationibus

184 3453 396 3534 publicatae
427 3461 510 3514 sunt
523 3452 559 3533 ³).
603 3450 719 3513 Maior
749 3470 836 3514 vero
867 3451 988 3513 clades
1020 3449 1154 3512 ordinis
1184 3459 1261 3512 erat
1291 3449 1326 3511 in
1359 3448 1578 3534 Salisburgo,
1615 3452 1711 3532 quod
1742 3451 1812 3513 iam
1837 3455 1926 3514 1802

184 3591 357 3654 libertate
380 3592 544 3653 orbatum
568 3600 654 3671 erat,
678 3609 721 3652 ac
744 3587 853 3650 Tiroli
877 3598 913 3650 et
929 3587 1194 3670 Vorarlbergio.
1234 3587 1336 3669 Quae
1359 3597 1475 3651 terrae
1498 3607 1589 3671 pace
1612 3588 1758 3652 Posonii
1781 3589 1869 3652 inita
1891 3588 1928 3652 in

186 3729 412 3792 Bavarorum
436 3727 612 3790 dicionem
635 3729 803 3791 redactae
828 3737 939 3809 erant,
971 3728 1031 3809 qui
1062 3736 1146 3790 tunc
1169 3727 1319 3808 imperio
1341 3727 1587 3812 Montgelasii,
1619 3727 1770 3792 ministri
1801 3738 1838 3792 et
1868 3730 1929 3791 ad·

187 3868 315 3932 iutoris
340 3867 566 3931 consiliorum
588 3866 695 3948 regis,
719 3869 906 3948 parebant.
937 3867 1007 3930 Hic
1030 3866 1101 3929 iam
1129 3871 1209 3930 1803
1227 3841 1351 3930 'omnia
1367 3866 1544 3930 Bavariae
1568 3867 1792 3950 monasteria,
1815 3867 1852 3930 in
1875 3869 1930 3930 his

187 4005 456 4088 antiquissimas
491 4005 656 4068 abbatias
689 4005 788 4069 velut
818 4005 1052 4087 Mettensem,
1088 4005 1324 4069 Altahensem
1354 4005 1577 4088 Inferiorem,
1608 4007 1929 4090 Tegernseensem,

187 4145 409 4226 Rotensem,
433 4144 743 4225 Andechsensem,
768 4143 1115 4206 Wessobrunensem
1145 4153 1181 4206 et
1204 4144 1293 4207 alias
1316 4154 1497 4227 tamquam
1522 4165 1543 4207 a
1566 4153 1764 4226 temporum
1792 4146 1930 4209 ratione

187 4294 225 4346 et
248 4293 379 4346 natura
401 4283 630 4346 abhorrentia
658 4283 876 4347 aboleverat.
927 4287 1005 4362 1807
1039 4283 1146 4346 etiam
1175 4283 1210 4345 in
1234 4282 1344 4346 Tiroli
1372 4284 1597 4347 monasteriis
1624 4284 1758 4348 Montis
1782 4284 1931 4367 Georgii

187 4421 389 4502 (Fiechtio),
413 4420 753 4501 Mariae-Montano,
782 4419 1020 4502 Saebenensi,
1049 4421 1192 4503 Augiae
1216 4421 1339 4484 maiori
1363 4423 1513 4484 eundem
1537 4421 1718 4486 interitum
1743 4424 1884 4505 paravit
1897 4426 1930 4505 ⁴).

186 4560 392 4625 Crudeliter
416 4561 464 4623 ibi
489 4561 524 4623 in
547 4560 740 4622 monachos
763 4561 974 4624 consultum.
1006 4561 1221 4623 Procurator
1244 4562 1289 4622 de
1304 4559 1513 4624 Hofstetten
1537 4571 1645 4624 noctu
1669 4561 1797 4624 ostium
1821 4561 1931 4622 domi-

186 4699 272 4782 cilii,
296 4698 396 4780 quod
425 4717 505 4778 1724
529 4697 693 4761 monachi
715 4697 1031 4761 Mariae-Montani
1054 4698 1205 4760 Meranii
1229 4698 1472 4780 condiderant,
1496 4699 1663 4780 pulsavit,
1687 4698 1931 4761 Benedictinis

184 4859 233 4902 ex
268 4856 397 4901 somno
433 4835 562 4899 excitis
598 4835 868 4899 dissolutionem
902 4835 1108 4899 monasterii
1141 4835 1263 4898 verbis
1297 4839 1435 4917 asperis
1475 4835 1698 4899 denuntiavit
1735 4845 1771 4898 et
1806 4837 1932 4913 timore

320 5073 343 5155 ¹)
368 5076 495 5142 Hurter,
519 5072 626 5132 Leben
650 5074 704 5131 des
727 5074 884 5131 Aristaces
907 5075 1026 5131 Azaria.

318 5188 341 5270 ²)
367 5188 545 5245 Chronicon
567 5187 805 5244 Bievnoviense.

315 5301 343 5382 ³)
367 5299 558 5358 Geschichte
581 5317 642 5356 von
666 5300 773 5356 Fiecht
796 5298 856 5355 und
879 5300 986 5374 Egger
1008 5298 1027 5356 l.
1052 5320 1078 5356 c.
1102 5299 1154 5355 111.

315 5413 339 5495 ⁴)
365 5412 557 5473 Geschichte
578 5431 640 5470 von
663 5411 770 5469 Fiecht
793 5411 853 5467 und
875 5413 989 5487 Egger.
1026 5411 1114 5467 Tirol
1136 5412 1155 5469 l.
1180 5430 1206 5468 c.
1231 5412 1283 5467 ΙΙΙ.
