4178 6196
889 440 1119 513 „,-

130 627 182 690 Fr.
207 627 252 689 de
273 625 422 708 Hurter,
450 624 541 688 inter
567 623 700 706 primos
727 624 858 717 amicos
889 623 966 686 illu-

130 748 293 812 strissimi
306 747 493 829 Aristacis,
512 746 636 829 paucis
648 746 774 808 diebus
789 755 873 827 post
892 745 966 808 obi-

131 881 207 935 tum
227 871 304 933 eius
322 870 506 933 historiam
521 869 617 932 vitae
639 869 797 931 eiusdem
812 858 965 930 uberiori

131 1012 295 1056 sermone
311 991 521 1074 perscripsit
536 1010 583 1053 ex
596 991 816 1053 documentis
832 989 965 1052 archivi

131 1114 504 1178 Mechithviennens.
520 1121 594 1175 tum
610 1131 657 1175 ex
673 1112 807 1175 notitiis
823 1111 965 1174 dictatis

132 1257 154 1299 a
170 1237 369 1300 senioribus
389 1235 560 1316 patribus,
582 1235 734 1316 denique
755 1255 802 1296 ex
820 1232 965 1311 notitiis,

133 1379 224 1441 quas
240 1358 316 1440 ipse
333 1358 457 1438 norat.)

222 1479 464 1563 Congregatio
482 1478 784 1542 Mechitharistica
805 1499 839 1557 17
863 1478 964 1540 annis

133 1621 221 1665 suae
247 1601 460 1664 existentiae
490 1599 670 1680 Viennae,
698 1601 767 1662 Dei
796 1599 965 1681 Omnipo-

134 1725 244 1789 tentis
263 1724 499 1805 miseratione,
522 1724 703 1805 multoque
719 1724 840 1786 labore
856 1732 893 1786 et
908 1743 964 1786 su·

134 1850 222 1910 dore
242 1865 384 1907 suorum
404 1847 639 1907 membrorum
654 1846 826 1927 paulatim
846 1845 964 1908 melio·

133 1990 208 2033 rem
221 1978 352 2031 sortem
365 1978 479 2049 nacta,
493 1967 563 2030 iarn
571 1976 738 2050 potuerat
751 1969 917 2031 maiorem
929 1968 964 2030 in

134 2092 212 2155 dies
227 2110 410 2154 numerum
426 2091 645 2152 alumnorum
661 2091 852 2172 suscipere,
870 2091 965 2153 alere

134 2224 171 2277 et
194 2232 260 2296 pro
289 2212 569 2295 congregatione
597 2212 676 2294 ipsa
705 2215 867 2276 educare.
899 2213 964 2293 Ita,

135 2347 176 2400 ut
205 2355 284 2399 cum
310 2334 566 2398 illustrissimus
593 2335 755 2398 dominus
782 2335 966 2398 Aristaces

134 2478 228 2521 anno
255 2462 335 2521 1820
356 2477 458 2519 suum
481 2457 640 2540 regimen
663 2458 776 2538 iniret,
800 2477 966 2521 numerus

136 2582 362 2643 sacerdotum
384 2579 557 2642 iuniorum
573 2581 619 2642 ad
640 2600 677 2659 19
694 2579 877 2654 crevisset;
900 2599 966 2642 nec

134 2702 248 2765 minor
271 2710 349 2764 erat
372 2719 539 2764 numerus
564 2701 769 2764 clericorum
795 2711 831 2764 et
858 2702 967 2764 alum-

134 2844 270 2886 norum.
295 2823 360 2885 Ille
376 2823 459 2885 inde
475 2843 497 2885 a
518 2822 692 2905 principio
713 2823 766 2885 sui
786 2822 967 2906 regiminis

136 2965 301 3028 cumpro
322 2945 461 3008 interna
484 2964 627 3007 suorum
648 2946 843 3009 monastica
864 2946 966 3008 disci-

135 3068 235 3150 plina
258 3085 394 3129 summa
422 3067 606 3150 diligentia
632 3077 854 3150 paternaque
883 3089 967 3131 cura

135 3189 313 3272 vigilaret,
340 3209 519 3272 nunquam
543 3191 761 3274 neglegebat
784 3210 905 3254 eorum
931 3190 966 3254 in

134 3311 246 3375 literis
262 3330 501 3394 progressum,
518 3323 591 3376 tam
607 3313 642 3375 in
655 3313 782 3376 studiis
793 3313 966 3396 theologi-

134 3435 196 3515 cis,
219 3454 324 3515 quam
339 3421 593 3516 philosophicis
610 3443 646 3497 et
666 3435 794 3499 ceteris
810 3436 966 3500 scientiis

134 3556 410 3637 humanioribus,
449 3565 650 3620 sustentare
687 3567 795 3640 atque
833 3557 965 3622 fovere.

134 3678 274 3741 Memor
297 3678 390 3741 enim
413 3689 491 3742 erat
510 3680 661 3761 duplicis
679 3678 769 3761 finis,
794 3701 864 3763 quo
884 3683 967 3743 duc-

136 3811 193 3865 tus
221 3800 389 3863 fundator
419 3802 718 3885 congregationis,
754 3803 967 3865 venerabilis

136 3922 346 3985 Mechithar.
367 3924 490 4004 abbaS,
511 3943 613 3985 suum
629 3923 787 3986 ordinem
807 3924 967 3986 institue·

134 4054 205 4109 rat:
233 4065 304 4108 non
327 4047 440 4108 solum
463 4046 598 4108 scilicet
623 4046 864 4109 missionarios
890 4046 966 4108 sive

137 4171 303 4231 doctores
322 4187 564 4250 praeconesve
585 4167 669 4231 fidei
689 4169 883 4232 catholicae
903 4189 966 4251 pa·

136 4290 249 4372 randi,
261 4309 385 4353 verum
397 4292 505 4354 etiam
517 4292 738 4354 institutores
750 4302 786 4354 et
795 4312 966 4376 praecep-

137 4420 234 4474 tores
247 4410 468 4494 informandi,
483 4413 543 4495 qui
556 4413 649 4476 dorni
663 4423 699 4476 et
710 4412 806 4496 foris,
818 4414 854 4477 in
866 4417 966 4498 scho-

136 4535 180 4597 lis
203 4545 241 4597 et
262 4534 432 4597 institutis
452 4535 673 4598 iuventutern
693 4555 871 4600 armenam
895 4548 967 4600 tam

137 4658 174 4721 in
190 4657 294 4720 bonis
310 4657 466 4720 moribus
484 4677 590 4739 quam
606 4657 642 4720 in
656 4657 841 4739 disciplina
853 4659 967 4722 varia-

137 4799 215 4842 rum
233 4779 462 4842 scientiarum
477 4779 701 4842 instruerent.

225 4902 424 4984 Antiquum
449 4902 701 4965 monasterium
721 4901 792 4965 ΡΡ.
817 4902 967 4985 Capuci-

139 5045 273 5107 norum,
305 5026 401 5106 quod
420 5025 655 5108 congregatio
680 5044 773 5088 anno
798 5029 879 5089 1810
903 5046 967 5089 sua

139 5148 291 5231 pecunia
326 5145 395 5209 sibi
426 5147 606 5230 proprium
634 5146 786 5228 fecerat,
820 5156 969 5230 propter

140 5278 357 5333 vetustatem
373 5279 409 5332 et
428 5269 640 5352 angustiam,
660 5271 755 5333 nullo
772 5272 878 5332 modo
896 5289 968 5333 om-

141 5391 243 5455 nibus
259 5391 454 5455 commodis
473 5392 680 5456 satisfacere
699 5402 850 5475 poterat.
875 5391 968 5456 Hinc

1046 632 1206 687 coactum
1223 642 1261 685 se
1278 622 1368 686 vidit
1385 623 1639 686 illustrissimus
1655 625 1770 686 abbas
1783 623 1874 686 anti-

1045 765 1152 826 quum
1186 746 1273 807 illud
1303 744 1502 809 aedificium
1538 746 1696 810 demoliri
1726 746 1873 827 eiusque

1043 868 1122 930 loco
1137 888 1267 931 novum
1283 868 1460 949 latiusque
1475 878 1603 950 patens
1622 868 1873 931 monasterium

1044 987 1243 1052 aedificare.
1268 989 1374 1052 Anno
1390 990 1500 1078 igitur
1520 994 1599 1052 1836
1615 990 1728 1072 prima
1748 988 1874 1051 funda-

1044 1120 1163 1173 menta
1179 1111 1263 1192 poni
1285 1112 1432 1194 curavit,
1451 1122 1487 1175 et
1503 1122 1586 1195 post
1601 1132 1731 1175 annum
1752 1121 1788 1174 et
1808 1129 1874 1172 sex

1044 1252 1184 1295 menses
1197 1253 1286 1314 opus
1299 1233 1510 1315 inchoatum,
1523 1234 1601 1296 Deo
1611 1234 1814 1315 adiuvante,
1827 1234 1874 1296 ad

1043 1352 1148 1417 finem
1162 1356 1321 1418 adduxit.
1342 1355 1435 1418 Novi
1447 1357 1550 1419 huius
1563 1356 1766 1419 monasterii
1779 1375 1872 1438 pars,

1043 1477 1137 1538 haud
1154 1497 1277 1558 parva,
1294 1476 1457 1540 officinae
1472 1478 1755 1561 typographicae
1771 1496 1874 1560 sepa-

1043 1599 1147 1662 ratim
1159 1599 1227 1662 fuit
1239 1600 1426 1663 destinata.
1451 1601 1557 1663 Anno
1575 1605 1653 1680 1837
1665 1601 1722 1662 die
1735 1605 1782 1663 18.
1794 1599 1872 1665 Oct.

1044 1719 1118 1785 Sua
1134 1721 1305 1785 Maiestas
1322 1722 1568 1785 Ferdinandus
1584 1723 1610 1786 I.
1628 1722 1796 1786 Austriae
1812 1723 1874 1785 im·

1044 1852 1188 1925 perator
1210 1844 1291 1906 huic
1314 1864 1407 1907 novo
1431 1820 1593 1908 aedificio
1619 1845 1774 1928 lapidem
1796 1844 1874 1908 fun-

1045 1967 1281 2030 damentalem
1304 1967 1520 2030 sollemniter
1545 1986 1678 2050 ponere
1707 1968 1875 2050 dignatus

1045 2099 1109 2151 est.
1134 2088 1240 2151 Anno
1262 2093 1344 2151 1850
1363 2091 1510 2172 praevio
1531 2089 1676 2152 consilio
1697 2109 1777 2152 cum
1801 2089 1873 2151 suis

1045 2210 1080 2273 in
1109 2211 1264 2293 capitulo
1293 2212 1451 2294 generali
1480 2222 1596 2295 capt0,
1629 2211 1770 2294 redegit
1800 2211 1875 2274 illu-

1046 2333 1238 2396 strissimus
1265 2335 1377 2396 abbas
1407 2343 1578 2416 excerpta
1605 2335 1682 2398 sive
1710 2354 1875 2416 compen·

1047 2456 1141 2518 dium
1165 2475 1211 2518 ex
1231 2456 1432 2538 praecipuis
1458 2457 1635 2539 capitibus
1655 2457 1875 2521 constitutio-

1046 2579 1100 2640 nis
1115 2580 1162 2640 ab
1178 2579 1256 2660 ipso
1272 2577 1460 2641 fundatore
1473 2579 1640 2642 Mechith.
1656 2581 1875 2643 concedente

1046 2720 1073 2763 s.
1102 2699 1197 2764 Sede
1228 2709 1342 2781 apost.
1376 2701 1480 2781 (anno
1516 2703 1608 2782 1710)
1641 2702 1874 2784 conscriptae.

1046 2823 1181 2885 Eodem
1211 2822 1289 2905 ipso
1319 2842 1412 2885 anno
1442 2842 1482 2885 se
1508 2823 1663 2886 Romam
1690 2823 1875 2887 conferens

1045 2945 1300 3008 illustrissimus
1331 2947 1453 3027 abbaS,
1484 2945 1684 3027 praefatum
1709 2966 1874 3027 compen-

1047 3067 1142 3130 dium
1162 3065 1307 3131 Summo
1328 3065 1493 3130 Pontifici
1508 3068 1574 3130 Pio
1589 3068 1656 3130 IX.
1679 3068 1874 3151 proposuit,

1044 3188 1244 3253 humillimis
1261 3189 1427 3272 precibus
1439 3191 1641 3271 obsecrans,
1663 3198 1702 3252 ut
1721 3209 1747 3251 s.
1766 3190 1876 3252 Pater

1045 3333 1212 3395 suprema
1228 3333 1292 3374 sua
1308 3312 1520 3376 auctoritate
1539 3314 1606 3376 hoc
1628 3314 1875 3395 compendium

1047 3435 1184 3498 sancire
1205 3436 1477 3517 approbareque
1499 3435 1716 3518 dignaretur.
1732 3473 1775 3480 —
1790 3436 1875 3499 Eius

1046 3558 1213 3640 precibus
1236 3557 1389 3619 libenter
1411 3556 1601 3640 indulgens
1621 3577 1648 3619 s.
1670 3557 1787 3639 Pater,
1812 3578 1877 3641 per

1047 3683 1157 3742 breve
1175 3699 1286 3771 suurn,
1303 3678 1383 3740 ddo.
1396 3677 1536 3741 Romae
1554 3679 1611 3741 die
1630 3683 1680 3741 23.
1694 3680 1766 3742 Ian.
1785 3684 1875 3761 1852,

1047 3802 1295 3884 compendium
1317 3800 1402 3862 illud
1422 3801 1646 3883 approbavit.
1668 3803 1767 3866 Idem
1784 3822 1876 3866 com·

1046 3925 1215 4009 pendium
1231 3923 1267 3985 in
1283 3932 1358 4005 typ.
1369 3921 1578 3985 Mechithar.
1595 3924 1728 3987 editum
1745 3936 1800 3988 est
1816 3947 1876 3988 an-

1045 4069 1091 4111 no
1116 4052 1206 4127 1852,
1232 4046 1267 4108 in
1291 4045 1375 4128 ling.
1394 4044 1492 4107 Arm.
1510 4054 1547 4107 et
1561 4045 1649 4128 Lat,
1674 4048 1739 4109 sub
1759 4049 1876 4110 titulo:

1045 4169 1358 4254 Jamqmupmrntp
1366 4169 1876 4262 ffifflmrpmpnrlffiampLatg

1045 4291 1876 4375 RegulaefundamentalescongregationisMe-

1046 4413 1306 4478 chitharisticae
1333 4413 1631 4476 Vindobonensis
1668 4413 1753 4477 Voti
1784 4434 1876 4478 com-

1046 4557 1122 4620 pOS,
1149 4537 1257 4600 alacri
1283 4537 1400 4599 animo
1416 4536 1591 4599 Viennam
1614 4556 1777 4599 reversus
1801 4538 1877 4600 illu·

1046 4659 1239 4722 strissimus
1251 4658 1413 4720 dominus
1427 4658 1490 4720 Ar.
1504 4658 1643 4741 Azaria,
1657 4658 1714 4720 die
1727 4677 1777 4738 27.
1791 4659 1876 4722 Maii

1050 4786 1129 4845 1852
1146 4782 1357 4864 vigesimum
1378 4780 1538 4862 quintum
1558 4780 1651 4843 diem
1673 4781 1878 4845 anniversa·

1047 4904 1135 4966 rium
1156 4903 1176 4965 i.
1198 4923 1228 4965 e.
1250 4903 1529 4966 semiiubilaeum
1550 4902 1877 4987 archiepiscopatus

1046 5027 1100 5089 sui
1113 5025 1327 5088 sollemniter
1338 5025 1543 5088 celebravit.
1560 5025 1649 5087 Post
1657 5025 1746 5087 duos
1755 5046 1877 5108 annos,

1047 5148 1104 5211 die
1115 5168 1143 5210 2.
1153 5146 1257 5210 Febr.
1269 5149 1349 5225 1854
1361 5146 1484 5209 maiori
1496 5166 1627 5229 pompa
1640 5154 1676 5209 et
1688 5148 1878 5229 splendore

1048 5268 1242 5332 celebravit
1257 5268 1448 5331 sacerdotii
1464 5268 1518 5332 sui
1534 5289 1561 5332 s.
1578 5268 1778 5333 iubilaeum.
1799 5271 1877 5334 Hac

1048 5392 1235 5455 occasione
1255 5391 1389 5473 placuit
1405 5389 1500 5455 Suae
1519 5412 1549 5455 c.
1565 5412 1591 5454 r.
1608 5412 1666 5475 ap.
1686 5392 1877 5475 Maiestati,
