4208 6194
911 482 1192 549 „411-

178 692 272 734 mum
290 670 378 732 obiit
395 670 488 732 diem
510 690 621 733 rever.
645 671 735 731 dom.
757 670 870 730 abbas
886 668 1011 749 Augu·

179 795 302 873 stinuS,
320 803 511 874 postquam
533 797 568 854 18
585 793 687 854 annis
703 791 893 874 Raigradii
909 808 1011 871 prae·

178 915 254 995 fuit,
280 925 316 976 et
342 914 465 995 elapso
489 916 535 975 ab
559 914 634 976 eius
656 913 755 975 obitu
780 917 809 975 8.
834 931 955 973 mense
976 910 1011 971 in

1091 662 1225 746 gustini
1248 683 1270 724 a
1294 662 1473 725 cardinale
1497 663 1668 745 episcopo
1694 663 1921 730 Schwarzen-

1091 788 1181 868 berg
1198 770 1407 868 debignatus
1423 786 1521 866 abiit,
1539 788 1631 848 unde
1648 788 1765 851 medio
1782 790 1845 852 Iul.
1867 810 1921 852 re-

1092 910 1175 990 dux,
1193 909 1328 990 aliquot
1345 909 1421 971 dies
1435 928 1542 971 sanus
1555 919 1743 990 utcunque,
1754 922 1810 973 ast
1823 911 1921 974 defa-

180 1057 272 1099 nova
289 1037 461 1099 electione
481 1046 624 1116 praeter
640 1036 927 1117 expectationem
941 1054 1012 1096 om·
1092 1031 1226 1113 tigatus
1239 1050 1285 1092 ex
1299 1031 1423 1093 itinere
1437 1052 1584 1095 necnon
1597 1032 1720 1095 morali
1733 1032 1921 1097 affectione

180 1160 274 1221 nium
292 1178 368 1220 sors
386 1157 421 1220 in
437 1157 618 1219 Victorem
641 1157 784 1237 excidit,
808 1157 867 1238 qui
888 1176 1012 1218 secun·
1092 1162 1241 1233 accepta
1258 1153 1442 1235 transegit,
1459 1174 1595 1217 summo
1609 1175 1688 1216 cum
1701 1154 1833 1237 gaudio
1850 1156 1921 1236 spi-

181 1283 246 1343 dus
261 1280 537 1361 Raigradiensis
560 1281 673 1341 abbas
701 1284 748 1342 16.
766 1262 866 1361 Sept.
892 1282 970 1340 1832
991 1298 1012 1339 a
1091 1273 1210 1336 rituali
1234 1274 1274 1335 P.
1300 1273 1454 1357 Stoeger
1477 1295 1547 1338 soc.
1572 1276 1653 1339 Iesu
1680 1278 1726 1338 ad
1750 1278 1922 1341 exercitia

180 1422 273 1464 novo
298 1402 467 1483 episcopo
492 1401 669 1462 Brunensi
689 1399 880 1461 Francisco
903 1397 1011 1461 Gindl
1092 1394 1290 1477 spiritualia
1326 1399 1488 1459 ducenda
1522 1400 1821 1479 praestolaturus,
1858 1402 1922 1463 sed

182 1524 398 1585 abbatialem
426 1523 712 1585 benedictionem
743 1521 893 1602 accepit.
928 1520 1012 1582 Fuit
1050 1470 1053 1569 1
1092 1518 1181 1597 proh
1207 1518 1307 1579 dolor
1327 1531 1431 1582 nocte
1452 1524 1499 1582 ro.
1517 1520 1611 1602 Aug.
1634 1521 1827 1602 apoplexia
1848 1534 1921 1585 tac-

182 1655 300 1707 autem
318 1647 431 1707 abbas
448 1645 573 1707 Victor
589 1646 644 1707 vir
669 1682 709 1689 —-
732 1653 770 1706 ut
792 1653 871 1706 utar
892 1642 1011 1705 verbis
1092 1648 1149 1700 tus
1161 1640 1248 1700 hora
1256 1645 1277 1700 ,0
1286 1640 1320 1721 11,
1332 1661 1443 1722 mane,
1458 1642 1688 1705 sacramentis
1698 1643 1921 1707 morientium

182 1787 208 1829 s.
227 1765 391 1848 Gregorii
408 1767 530 1848 Papae
550 1803 593 1812 —
616 1765 834 1848 cogitatione
850 1766 1010 1844 munduS,
1092 1760 1256 1841 munitus,
1273 1761 1425 1823 animam
1437 1763 1516 1825 Deo
1532 1764 1696 1826 reddidit.
1722 1764 1829 1827 Cuius
1846 1786 1922 1829 cor-

182 1889 322 1951 actione
349 1889 574 1970 praecipuus
603 1889 777 1950 discretus
803 1888 837 1949 in
861 1887 1011 1967 silentio,
1092 1901 1159 1962 pus
1181 1886 1216 1943 18
1233 1884 1265 1943 h.
1287 1903 1351 1964 per
1368 1885 1536 1947 abbatem
1554 1904 1580 1948 s.
1598 1887 1833 1949 Thomensem
1854 1889 1921 1951 sol·

182 2011 278 2072 utilis
292 2011 326 2072 in
337 2013 457 2092 verb0,
471 2010 620 2092 singulis
633 2011 879 2092 compassione
892 2008 1012 2091 proxi·

184 2152 272 2213 muS,
289 2152 376 2213 prae
394 2131 532 2195 cunctis
549 2132 847 2214 contemplatione
864 2151 1012 2212 suspen·

186 2275 256 2336 suS,
267 2258 358 2316 bene
369 2255 558 2336 agentibus
570 2276 634 2336 per
642 2255 875 2317 humilitatem
886 2255 1011 2335 socius,

184 2385 306 2439 contra
320 2377 597 2458 delinquentium
609 2376 697 2438 vitia
713 2396 778 2457 per
790 2378 901 2438 zelum
915 2375 1012 2438 iusti-

183 2499 253 2562 tiae
271 2508 421 2579 erectuS,
439 2499 654 2561 internorum
672 2498 705 2560 in
723 2499 937 2561 exteriorum
955 2519 1012 2562 oc-

183 2621 372 2701 cupatione
390 2640 509 2682 curam
526 2639 596 2681 non
609 2621 780 2702 minuens,
798 2620 1012 2683 exteriorum

183 2742 443 2823 providentiam
474 2742 509 2804 in
540 2742 756 2803 internorum
789 2743 1011 2806 solicitudine

183 2883 251 2925 non
265 2864 477 2944 relinquens.
495 2863 576 2926 Zelo
590 2865 714 2926 domus
728 2864 795 2937 Dei
809 2875 845 2927 et
857 2865 1012 2948 discipli-

183 2985 1012 3068 naeregularistotusaestuabat,hisqueomnes

183 3106 288 3168 animi
309 3107 363 3169 sui
385 3108 590 3188 praeclaras
614 3110 716 3171 dotes
740 3109 822 3172 inde
846 3113 892 3172 ab
913 3110 1011 3174 initio

183 3228 363 3311 regiminis
380 3229 571 3291 dedicabat
587 3230 848 3313 promovendis,
871 3251 1012 3314 semper

183 3350 298 3411 animo
314 3351 490 3429 volutans,
513 3360 733 3432 quantopere
756 3352 943 3434 disciplina
959 3373 1012 3415 re-

182 3471 316 3553 gularis
343 3470 587 3552 perfectioque
615 3472 782 3554 religiosa
805 3474 880 3535 sola
905 3475 1012 3536 bene-

183 3593 372 3654 dictionem
391 3593 581 3655 coelestem
604 3592 638 3654 in
660 3593 763 3655 terris
784 3593 853 3655 iam
874 3614 1012 3675 prome-

182 3726 300 3776 reatur
315 3714 514 3794 fratresque
531 3715 638 3776 beare
661 3714 783 3795 possit.
807 3714 891 3776 Pari
908 3718 1012 3779 modo

183 3847 217 3897 et
242 3836 359 3897 studio
385 3837 492 3898 etiam
520 3835 782 3898 meliorationes
811 3847 847 3898 et
874 3838 1012 3900 ordina-

182 3958 298 4019 tiones
315 3956 544 4018 oeconomiae
562 3967 598 4018 et
615 3958 752 4019 externi
770 3968 885 4021 status
901 3961 1012 4023 nostri

181 4082 469 4160 prosequebatur
490 4080 641 4141 decursu
657 4080 839 4162 regiminis
856 4082 920 4163 sui,
941 4102 1011 4163 quo

186 4206 265 4277 1848
283 4221 377 4262 nova
400 4201 634 4263 inchoabatur
657 4202 874 4282 reipublicae
897 4223 1011 4287 aeque

183 4343 223 4384 ac
249 4323 423 4385 ecclesiae
448 4333 548 4386 aetas
572 4336 608 4385 et
631 4325 727 4405 apud
751 4344 830 4406 nos,
855 4326 1012 4408 seposita

182 4444 276 4505 omni
292 4426 433 4526 pompa,
460 4444 515 4507 cui
532 4445 673 4507 omnino
690 4465 806 4508 rerum
828 4446 939 4509 facies
958 4468 1012 4510 re-

182 4568 378 4647 pugnabat,
399 4565 529 4629 festum
546 4568 728 4628 saeculare
750 4576 915 4630 octavum
940 4588 1013 4630 mo·

183 4687 326 4748 nasterii
341 4689 598 4751 celebrabatur.
619 4687 747 4749 Mirum
761 4707 846 4751 sane
860 4700 896 4752 et
909 4689 1012 4752 nimis

182 4809 327 4891 longum
343 4811 388 4871 ad
407 4811 683 4872 enumerandum
699 4808 801 4892 foret,
819 4813 913 4891 quod
929 4811 1012 4873 Vic-

183 4933 367 4993 torabbas
383 4952 418 4993 ΠΙ
435 4932 565 4993 bonum
582 4931 730 4993 fratrum
746 4951 860 5013 aeque
876 4935 998 4995 amb
1050 4956 1053 5057 i
1093 5009 1292 5081 adversiones
1309 5005 1627 5082 Syriaco-chaldaicae
1647 5027 1683 5065 ac
1699 5007 1850 5066 Arabicae
1867 5028 1922 5066 nec

183 5052 334 5114 ditorum
362 5072 427 5134 per
456 5073 493 5114 22
524 5071 636 5114 annos
667 5053 819 5133 perfecit
846 5055 1011 5135 quodque

181 5173 328 5235 historia
360 5176 484 5235 domus
516 5184 660 5236 aeterno
696 5175 834 5239 notavit
865 5177 1011 5239 calamo.

186 5295 321 5358 15.Ι1111.
341 5299 419 5373 1854
434 5296 589 5357 Brunam
607 5305 643 5358 et
660 5295 741 5359 inde
757 5297 792 5359 in
804 5297 1011 5360 Bohemiam
1049 5256 1053 5412 1

1093 2003 1198 2064 lemni
1215 2003 1284 2065 ritu
1301 2006 1508 2085 sepulturae
1524 2008 1691 2069 traditum
1708 2019 1773 2071 est.

1180 2143 1356 2206 Elenchus
1369 2163 1514 2227 operum
1528 2148 1846 2229 manuscriptorum
1856 2163 1921 2234 p.t.

1092 2264 1249 2327 Victoris
1266 2265 1469 2330 Schlossar:

1180 2409 1202 2464 I.
1217 2410 1381 2485 Catalogus
1394 2412 1507 2468 archivi
1517 2433 1595 2470 mon.
1607 2415 1832 2489 Raigradiensis
1843 2437 1922 2475 sum·

1092 2532 1139 2569 ma
1156 2513 1301 2570 industria
1317 2533 1396 2572 anno
1418 2516 1499 2589 1840
1516 2518 1672 2576 consectus
1694 2535 1723 2576 et
1740 2521 1859 2578 duobus
1876 2537 1921 2578 to·

1092 2620 1148 2673 mis
1165 2620 1412 2694 comprehensus.
1431 2621 1495 2678 Fol.
1513 2636 1573 2694 315
1593 2636 1623 2679 et
1644 2624 1700 2698 165
1720 2645 1749 2700 p.

1180 2741 1217 2796 lI.
1248 2741 1456 2799 Institutiones
1487 2745 1698 2821 philosophiae
1726 2748 1921 2818 theoreticae,

1092 2847 1109 2899 i.
1128 2863 1154 2900 e.
1172 2845 1273 2919 logica
1290 2861 1320 2902 et
1336 2849 1543 2923 metaphisica‚
1569 2850 1678 2906 tradita
1701 2871 1761 2909 sec.
1783 2853 1882 2930 Carpe
1904 2874 1922 2910 a

1092 2949 1128 3004 D.
1147 2949 1278 3024 Iosepho
1296 2952 1449 3026 Wittgens
1473 2968 1503 3010 et
1527 2957 1702 3031 conscripta
1725 2975 1803 3013 anno
1830 2958 1920 3030 1813.

1092 3055 1147 3109 Ms.
1163 3073 1233 3129 pap.
1247 3057 1276 3111 in
1289 3076 1349 3113 uno
1361 3056 1434 3114 fasc.
1445 3058 1524 3134 plag.
1539 3076 1589 3132 44,
1604 3063 1667 3117 sine
1677 3080 1746 3135 pag.
1760 3063 1835 3118 Msn.
1848 3061 1920 3135 483.

1092 3157 1178 3233 Sign.
1196 3161 1220 3215 F
1223 3155 1275 3233 vJK.
1293 3161 1331 3217 II.
1348 3180 1375 3217 a.
1394 3179 1444 3235 49,
1463 3165 1491 3219 in
1508 3163 1581 3220 bibl.

1179 3282 1231 3338 III.
1245 3283 1451 3340 Institutiones
1465 3286 1675 3362 philosophiae
1684 3291 1837 3362 practicae
1847 3292 1921 3346 ethi·

1093 3400 1174 3441 caet
1191 3388 1235 3441 ius
1252 3388 1504 3464 philosophicum,
1522 3409 1639 3448 conscr.
1657 3411 1735 3449 anno
1757 3392 1846 3466 1814.
1865 3396 1921 3453 Ms.

1033 3563 1035 3566 Ι
1093 3509 1162 3564 pap.
1180 3492 1209 3544 in
1230 3490 1266 3546 18
1285 3505 1359 3548 tern.
1378 3495 1441 3548 sine
1458 3512 1527 3569 pag.
1545 3497 1574 3550 in
1591 3502 1632 3567 4⁰.
1650 3497 1726 3552 Msn.
1743 3496 1816 3570 484.
1834 3497 1920 3574 Sign.

1093 3593 1170 3665 1111.
1188 3594 1224 3650 11.
1243 3614 1269 3650 a.
1287 3595 1427 3667 50111111.

1180 3716 1230 3772 IV.
1259 3717 1395 3773 Historia
1421 3720 1628 3778 ecclesiastica
1652 3725 1791 3779 universa
1815 3725 1924 3781 tradita

1095 3837 1156 3875 sec.
1174 3821 1386 3897 Dannemayer
1402 3842 1419 3878 a
1436 3825 1581 3881 Zacharia
1598 3827 1704 3882 Parma
1724 3829 1818 3885 schol.
1837 3831 1923 3905 piar,

1093 3923 1191 3981 descr.
1213 3944 1292 3982 anno
1314 3926 1403 3985 1816.
1432 3930 1488 3986 Ms.
1514 3949 1584 4006 pap.
1610 3933 1762 3989 terniones
1788 3947 1834 4004 13,
1859 3935 1924 3989 sine

1093 4048 1162 4104 pag.
1180 4032 1208 4085 in
1226 4038 1268 4104 4⁰.
1293 4033 1370 4089 Msn.
1387 4048 1460 4106 440.
1486 4033 1569 4108 Sign.
1588 4035 1664 4103 ΗΚ.
1687 4037 1723 4093 II.
1745 4055 1772 4093 a.
1794 4051 1824 4107 3,
1849 4035 1921 4092 bibl.

1179 4154 1214 4211 V.
1234 4156 1447 4231 Interpretatio
1463 4171 1493 4212 et
1510 4159 1614 4231 exegis
1630 4156 1696 4213 libri
1711 4158 1789 4213 Ruth
1807 4172 1837 4215 et
1853 4158 1920 4216 libri

1092 4257 1243 4314 Habakuk
1271 4259 1403 4316 dictante
1432 4262 1462 4316 P.
1491 4262 1605 4335 Cyrillo
1632 4263 1718 4337 Napp
1747 4262 1823 4319 stud.
1849 4262 1921 4320 bibl.

1050 4358 1053 4391 ¹
1092 4363 1128 4418 V.
1142 4363 1181 4419 T.
1198 4362 1276 4439 pros.
1294 4366 1414 4440 excepit
1429 4383 1507 4420 anno
1525 4363 1614 4421 1816.
1632 4366 1688 4421 Ms.
1702 4384 1772 4441 pap.
1788 4368 1846 4437 1113
1863 4381 1923 4423 ter·

1093 4466 1241 4523 nionibus.
1259 4477 1302 4539 4⁰.
1325 4469 1389 4523 sine
1405 4487 1474 4543 pag.
1497 4469 1572 4525 Msn.
1591 4483 1663 4542 459.
1686 4467 1770 4544 Sign.
1788 4469 1865 4546 ij.
1884 4472 1921 4527 ll.

1093 4590 1119 4627 a.
1139 4586 1189 4643 24,
1205 4570 1278 4645 bibl.

1179 4694 1229 4749 VI.
1254 4693 1359 4750 Codex
1383 4696 1433 4768 qui
1455 4697 1601 4752 continet:
1625 4696 1657 4769 a)
1676 4695 1800 4753 brevem
1823 4715 1923 4771 gram·

1093 4799 1230 4854 maricam
1248 4797 1440 4864 Hebraicam,
1457 4799 1488 4870 b)
1503 4802 1572 4856 item
1589 4799 1789 4869 Aramaicam,
1807 4802 1835 4870 c)
1851 4803 1920 4857 item

1092 4901 1265 4968 Arabicam,
1282 4903 1314 4976 d)
1330 4902 1367 4958 de
1378 4903 1426 4960 W.
1436 4903 1562 4960 Hetzelii
1576 4906 1771 4979 grammatica
1780 4904 1922 4970 Arabica,

1050 5094 1053 5215 J
1093 5130 1151 5167 non
1164 5114 1440 5187 interpretationes,
1454 5131 1515 5169 sec.
1525 5112 1618 5188 prael.
1629 5112 1731 5187 Cyrilli
1741 5115 1828 5190 Napp
1841 5113 1919 5189 prof.

1092 5234 1170 5272 anno
1185 5216 1480 5291 1816—17c0nscr.
1495 5218 1550 5275 Ms.
1561 5237 1632 5294 pap.
1643 5220 1671 5274 in
1680 5218 1761 5294 plag.
1772 5237 1801 5294 p.
1812 5216 1840 5286 ό,
1851 5232 1880 5291 5,
1892 5232 1921 5290 5,

1093 5334 1166 5377 tern.
1184 5319 1213 5388 8,
1233 5336 1282 5377 20.
1304 5328 1347 5395 4⁰.
1370 5323 1445 5378 Msn.
1463 5336 1525 5394 500
1542 5318 1658 5401 (I—V).
1685 5320 1921 5396 Sign.FsK.11.

182 5436 252 5496 qua
265 5416 496 5479 convisitator
509 5417 801 5480 monasteriorum
814 5419 887 5481 ord.
901 5437 927 5482 s
938 5419 1011 5480 Au·
1049 5416 1053 5502 1
1092 5443 1119 5480 α.
1137 5440 1166 5498 5,
1184 5424 1256 5482 bibl.

1664 5526 1716 5589 52*
