4178 6196
937 493 980 504 -
1026 457 1117 518 XVI
1164 493 1203 502 -

335 682 386 744 At
408 702 494 745 vero
518 702 588 744 non
612 683 725 745 solum
748 682 877 745 fortem
901 683 1013 745 virum
1039 702 1065 744 s.
1091 681 1310 745 Benedictus
1333 683 1368 744 in
1386 682 1526 745 vineam
1551 703 1650 745 suam
1667 685 1819 766 vocavit,
1837 686 1945 749 etiam

204 820 417 883 imbecillam
440 821 607 883 feminam
632 841 702 884 non
724 822 914 885 recusavit.
946 822 1143 902 Propterea
1168 820 1300 902 ubique
1317 822 1413 901 apud
1431 823 1555 883 domos
1571 824 1821 887 monachorum
1839 826 1946 888 etiam

204 960 418 1022 monasteria
441 980 525 1023 mox
549 972 675 1025 exorta
699 972 791 1041 sunt,
815 961 876 1023 ubi
899 960 1057 1043 virgines
1087 969 1123 1022 et
1146 960 1276 1022 viduae
1305 961 1414 1023 cultui
1439 959 1607 1023 Crucifixi
1637 982 1675 1024 se
1704 966 1895 1028 sacrabant
1911 969 1944 1046 ¹).

206 1100 399 1162 Praeterea
427 1100 535 1161 etiam
551 1068 740 1163 ¹coenobia
771 1100 1022 1162 monacharum
1054 1099 1134 1180 ipsa
1156 1119 1221 1180 per
1244 1118 1283 1161 se
1307 1109 1385 1161 orta
1408 1108 1503 1180 sunt,
1536 1119 1684 1181 quorum
1715 1102 1945 1166 celeberrima

204 1248 304 1301 sunt:
329 1239 611 1321 Nonnbergense
635 1258 747 1321 prope
772 1238 1018 1321 Salisburgum
1034 1241 1068 1318 ²),
1092 1239 1138 1301 ad
1163 1258 1189 1300 s
1215 1236 1410 1320 Georgium
1433 1258 1545 1320 prope
1569 1239 1684 1302 lacum
1707 1240 1894 1324 Laengsee
1908 1244 1943 1323 ³),

205 1377 503 1460 Sonnenburgum
520 1380 542 1457 4)
578 1378 613 1439 in
645 1377 772 1460 Tiroli,
808 1378 1014 1440 Monastero
1049 1397 1162 1458 prope
1193 1376 1397 1458 Aquileiam
1412 1380 1435 1457 5)
1443 1427 1452 1458 ,
1488 1376 1657 1440 Gurcium
1672 1378 1712 1458 ⁶),
1748 1379 1879 1442 Erlaha
1909 1381 1945 1443 in

206 1516 353 1579 Austria
376 1516 542 1579 inferiore
559 1517 592 1597 ⁷),
624 1517 869 1579 Trunkirchen
899 1517 933 1579 in
958 1516 1106 1578 Austria
1134 1516 1317 1596 superiore
1332 1515 1366 1596 ⁸),
1399 1514 1529 1587 Gossia
1556 1518 1591 1580 in
1620 1515 1729 1581 Stiria
1743 1520 1778 1601 ⁹),
1810 1520 1945 1603 Terge-

205 1655 336 1718 stinum
351 1657 396 1736 ¹⁰),
422 1657 584 1736 Jaderae‚
610 1657 645 1718 in
669 1658 769 1719 Arbe
793 1654 943 1737 aliisque
967 1655 1168 1717 Dalmatiae
1193 1655 1316 1717 insulis
1330 1656 1376 1734 ¹¹).

334 1793 469 1856 Eodem
500 1814 585 1856 vero
620 1804 780 1877 tempore
790 1845 798 1875 ‚
830 1815 900 1876 quo
931 1796 1017 1858 ordo
1050 1816 1076 1857 s.
1109 1795 1296 1857 Benedicti
1327 1795 1362 1856 in
1392 1794 1495 1857 terris
1529 1771 1750 1859 Germanicis
1774 1799 1943 1862 Austriae

203 1934 364 2014 florebat,
390 1935 496 1996 etiam
520 1934 556 1995 in
574 1933 732 1996 finitimis
756 1934 859 1997 terris
876 1933 1038 2016 Slavicis‚
1063 1934 1245 2014 Bohemia‚
1266 1933 1437 2015 Moravia,
1455 1932 1585 1997 Silesia
1602 1935 1796 1998 consistere
1815 1938 1942 2018 coepit.

334 2072 481 2154 Religio
505 2071 715 2152 Christiana,
741 2092 954 2154 quamquam
978 2072 1032 2134 his
1056 2072 1225 2153 gentibus
1248 2071 1318 2133 iam
1342 2073 1486 2133 saeculo
1508 2083 1602 2134 nono
1618 2072 1844 2136 aGermanis
1861 2095 1942 2156 pro·

203 2214 290 2273 bata
314 2223 419 2292 esset,
445 2222 563 2274 tamen
586 2211 738 2293 primum
762 2213 905 2273 saeculo
930 2211 1068 2273 decimo
1093 2220 1247 2273 exeunte
1272 2211 1377 2273 altius
1401 2211 1539 2273 radices
1563 2232 1671 2294 agere
1699 2223 1807 2294 atque
1835 2213 1942 2276 latius

205 2349 397 2432 propagari
422 2351 548 2430 potuit.
589 2351 634 2412 Et
657 2350 691 2411 in
716 2349 770 2410 his
795 2368 937 2430 quoque
960 2349 1064 2411 terris
1081 2348 1394 2412 Benedictinorum
1412 2349 1604 2431 praecipue
1628 2370 1738 2431 opera
1762 2370 1818 2412 res
1840 2361 1944 2433 gesta

336 2602 357 2681 ι)
382 2607 414 2660 ln
438 2605 602 2662 litterarum
628 2608 828 2662 monumentis
858 2608 1047 2661 inveniuntur
1078 2603 1226 2661 coenobia
1256 2607 1468 2661 monacharum
1500 2606 1538 2662 ad
1568 2626 1592 2662 s.
1617 2608 1737 2662 Petrum
1762 2604 1941 2681 Salisburgi,

205 2717 452 2787 Michaelburum,
470 2718 646 2784 AdmonteS‚
662 2719 700 2774 ad
717 2739 741 2775 s.
758 2717 963 2785 Lambertum‚
980 2738 1004 2773 s.
1023 2717 1155 2783 Paulum,
1174 2718 1342 2783 Ossiacum‚
1364 2719 1522 2784 Melicinm,
1540 2717 1747 2792 Gottwigium‚
1770 2721 1846 2775 inter
1863 2738 1941 2794 quae

204 2831 411 2887 Admontense
435 2824 482 2887 ab'
497 2830 608 2887 abbate
633 2831 799 2898 wolfoldo,
824 2831 972 2887 monacho
996 2850 1020 2886 s.
1045 2829 1171 2904 Georgii
1197 2832 1225 2886 in
1249 2828 1332 2886 Silva
1349 2832 1441 2904 Nigra
1469 2830 1680 2887 1116—1120
1704 2845 1887 2889 exstructum
1912 2846 1942 2889 et

204 2943 296 3000 nobili
320 2963 433 3018 genere
457 2958 487 3000 et
511 2947 623 3020 pietate
647 2958 737 3019 atque
762 2943 899 3000 doctrina
924 2943 1094 2998 monialium
1117 2941 1202 2999 brevi
1227 2961 1335 3017 magna
1358 2945 1538 2999 auctoritate
1563 2944 1672 3000 floruit.
1712 2943 1771 3010 lbi,
1797 2958 1828 2999 ut
1852 2964 1941 3001 unum

204 3056 384 3124 adferamus
409 3057 524 3133 Sophia
549 3057 608 3113 filia
632 3056 720 3112 Belae
744 3057 781 3111 ll.
806 3058 888 3128 regis
912 3056 1099 3129 Hungariae,
1124 3074 1190 3111 cum
1215 3057 1279 3110 eius
1304 3074 1434 3130 sponsus
1459 3057 1608 3112 Henricus
1632 3056 1708 3112 filius
1732 3056 1863 3113 Conradi
1888 3059 1941 3113 im·

204 3173 354 3245 peratoris
378 3170 598 3227 Germanorum
623 3183 759 3225 mortuus
783 3181 874 3235 esset,
904 3168 971 3223 Deo
995 3168 1201 3243 Omnipotenti
1234 3187 1267 3224 se
1295 3167 1403 3224 obtulit
1434 3187 1533 3242 neque
1560 3171 1750 3243 quantumvis
1775 3168 1879 3225 Geusa
1902 3170 1940 3224 11.

205 3282 297 3339 frater
320 3282 446 3339 reditum
471 3285 587 3338 sororis
611 3295 740 3356 optaret,
765 3300 783 3336 a
806 3283 965 3356 proposito
990 3281 1125 3338 descivit.
1159 3280 1315 3348 Wichner,
1340 3280 1482 3350 Admont‚
1506 3281 1529 3337 I.

335 3392 356 3471 2)
380 3396 479 3450 Prima
502 3392 657 3450 abbatissa
681 3407 746 3450 erat
769 3413 793 3450 s.
810 3393 990 3449 Erentrudis
1015 3394 1276 3467 consanquinitate
1301 3412 1367 3448 cum
1391 3413 1415 3449 s.
1433 3369 1570 3469 liuperto
1587 3396 1747 3450 coniuncta
1770 3392 1807 3449 cs.
1826 3394 1937 3461 Esterl‚

203 3507 340 3564 Chronik
363 3508 417 3563 des
441 3507 659 3563 Frauenstiites
683 3505 859 3580 Nonnberg.

332 3617 355 3698 ³)
379 3620 538 3677 Conditum
563 3639 580 3675 a
603 3616 793 3693 Wichburga
817 3638 910 3674 uxore
934 3621 1052 3675 comitis
1076 3620 1201 3677 Ottivini
1231 3621 1260 3674 in
1283 3619 1453 3674 Pusterthal
1481 3620 1562 3675 circa
1591 3618 1680 3676 1008.
1713 3619 1938 3676 Ankershosen.

332 3730 354 3811 4)
378 3732 538 3788 Conditum
563 3751 580 3787 a
603 3732 775 3788 Volkholdo
800 3732 893 3789 fratre
917 3733 1082 3788 Hartwichi
1107 3734 1243 3807 episcopi
1269 3732 1407 3788 Brixinae
1436 3731 1514 3788 1018
1540 3734 1668 3789 circiter.
1701 3733 1816 3806 Egger,
1839 3732 1936 3789 Tirol.

332 3843 354 3924 ⁵)
378 3845 538 3902 Conditum
562 3864 579 3900 a
603 3847 727 3920 Popone
762 3845 934 3920 patriarcha
961 3846 1147 3919 Aquileiensi
1182 3859 1258 3917 1041
1292 3846 1421 3901 circiter.
1454 3845 1600 3919 Czdrnig‚
1633 3845 1724 3901 Giirz.
1763 3846 1938 3901 Monastero

203 3963 287 4016 vicus
313 3972 372 4014 tum
397 3958 547 4013 dioecesis
572 3957 775 4032 Aquileiensis
799 3972 872 4014 erat.

332 4066 354 4148 6)
379 4069 539 4126 Conditum
563 4069 603 4127 ab
628 4071 763 4138 Hemma,
789 4069 879 4126 vidua
902 4070 1052 4126 Guilielmi
1077 4073 1199 4126 maioris
1223 4072 1340 4127 comitis
1364 4070 1672 4142 deFriesach1042.
1697 4069 1823 4126 Praedia
1841 4082 1938 4127 tamen

203 4185 375 4240 monasterii
400 4185 457 4239 iam
486 4197 567 4255 1070
591 4202 645 4258 per
669 4180 862 4239 Gebhardum
886 4183 1149 4259 archiepiscopum
1173 4182 1436 4257 Salisburgensem
1460 4185 1648 4259 episcopatui
1673 4182 1821 4239 Gurcensi
1847 4183 1939 4239 adtri-

202 4297 275 4352 buta
298 4310 375 4353 sunt.
402 4295 622 4367 Ankersholen
647 4296 664 4351 l.
689 4316 715 4352 c.

333 4407 354 4486 ⁷)
378 4408 536 4464 Conditum
566 4422 645 4480 1050
669 4410 789 4464 circiter
812 4406 851 4463 ab
873 4408 987 4464 Ottone
1011 4410 1119 4465 comite
1143 4409 1180 4464 de
1203 4409 1371 4464 Machland.
1404 4407 1647 4465 Urlrundenbuch
1671 4428 1730 4463 ron
1754 4408 1938 4465 Oberdster·

203 4524 295 4587 reich,
320 4524 357 4578 11.

331 4631 354 4715 8)
378 4636 448 4704 Quo
472 4652 551 4689 anno
574 4633 633 4690 hoc
657 4632 848 4701 coenobium,
873 4633 955 4708 quod
972 4653 1031 4690 non
1049 4633 1288 4690 confundendum
1313 4647 1359 4690 est
1376 4653 1440 4690 cum
1459 4635 1642 4689 monasterio
1659 4633 1792 4689 eiusdem
1809 4635 1936 4690 nominis

200 4748 238 4805 ab
263 4750 416 4823 Hungaris
440 4761 503 4819 910
527 4749 648 4803 circiter
670 4745 782 4812 delete,
809 4746 960 4802 conditum
985 4749 1032 4812 sit,
1057 4747 1206 4804 enucleari
1231 4765 1291 4802 non
1315 4759 1425 4822 potest.
1458 4747 1575 4802 Tamen
1599 4765 1654 4822 per
1677 4747 1861 4803 Otacharum
1886 4746 1936 4803 1v.

201 4863 402 4917 marchionem
427 4858 538 4916 Stiriae
562 4861 612 4915 vix
634 4871 704 4914 ante
733 4872 814 4914 1110
837 4857 1025 4915 aedificatum
1050 4873 1105 4915 est.
1145 4860 1234 4925 Pritz‚
1260 4859 1445 4916 Geschichte
1466 4878 1526 4915 von
1551 4857 1814 4923 Oberosterreich‚
1840 4859 1862 4914 l.

331 4970 354 5051 9)
378 4972 490 5029 Gossia
514 4990 611 5048 prope
634 4969 763 5027 Leoben
788 4972 817 5026 in
841 4969 933 5026 Stiria
957 4970 996 5027 ab
1020 4971 1118 5026 Adula
1142 4990 1236 5028 uxore
1259 4970 1402 5028 Aribonis
1419 4972 1469 5028 IV.
1495 4973 1613 5027 comitis
1638 4971 1675 5026 de
1699 4969 1825 5027 Leoben
1855 4984 1935 5026 1020

199 5088 320 5144 circiter
342 5085 453 5142 condit.
487 5085 632 5141 Wichner
656 5084 674 5140 l.
700 5103 725 5141 c.
750 5084 773 5141 1.

322 5197 355 5275 10)
378 5199 593 5254 Monasterium
607 5198 822 5270 Tergestinum
840 5216 858 5252 a
874 5197 973 5272 puella
990 5215 1124 5273 paupere
1145 5196 1224 5270 1278
1242 5196 1403 5253 conditum.
1428 5195 1638 5263 Wendenthal‚
1656 5196 1935 5253 Oesterreichische

201 5312 340 5379 Klerisei,
365 5311 401 5367 V.

319 5424 352 5503 ¹¹)
376 5423 624 5499 Antiquissimum
641 5424 807 5480 Dalmatiae
825 5424 1038 5479 monasterium
1061 5426 1090 5480 in
1106 5420 1189 5479 Arbe
1213 5423 1310 5478 insula
1334 5434 1408 5489 erat,
1433 5420 1583 5477 conditum
1601 5422 1723 5479 saeculo
1740 5419 1931 5477 duodecimo.
