4178 6196
1057 401 1131 492 458
1187 445 1237 452 -

219 633 274 691 per
295 631 390 669 annos
411 609 577 668 bellicosos
604 608 836 688 1796—1801.)
858 609 900 666 8⁰.
923 610 1053 678 Bulsani,

225 722 304 795 typis
321 718 441 775 Eberle.
465 731 523 789 154
541 737 569 792 p.

306 823 343 878 ll.
362 821 497 878 Chronik
513 840 574 876 von
582 821 696 889 Meran,
710 821 763 876 der
775 822 855 877 alten
870 819 1055 895 Hauptstadt

223 928 277 984 des
294 926 415 982 Laudes
432 925 530 981 Tirol.
551 921 580 1003 (i.
600 944 625 980 e.
644 924 816 981 Chronicon
833 924 935 1000 oppidi
953 925 1051 980 Mera·

220 1034 321 1088 nensis
338 1032 455 1106 pristini
473 1030 606 1085 Teriolis
623 1028 752 1110 capitis.)
770 1028 812 1085 8⁰.
829 1031 954 1095 Metam,
971 1026 1052 1103 apud

222 1138 257 1193 C.
273 1135 369 1212 Jandl.
387 1134 447 1207 287
466 1154 495 1210 p.

307 1241 359 1295 ΙΙΙ.
377 1238 512 1296 Chronik
528 1257 587 1294 von
601 1239 714 1294 Meran.
732 1240 846 1294 Zweite
861 1237 1054 1294 verbesserte

222 1343 377 1419 Ausgahe.
407 1340 435 1419 (i.
461 1362 487 1398 e.
513 1344 686 1399 Chronicon
714 1341 819 1418 oppidi
846 1337 1054 1418 Meranensis.)

222 1451 261 1506 Ut
278 1468 379 1524 supra.
405 1448 507 1504 Editio
532 1447 626 1502 altera
650 1460 680 1502 et
701 1445 867 1502 emendata.
893 1444 935 1501 8⁰.
961 1445 1054 1501 Oeni-

224 1556 318 1632 ponti‚
336 1551 504 1628 sumptibus
521 1551 588 1608 libr.
605 1552 752 1625 Wagner.
774 1549 864 1623 1867.

309 1659 358 1714 IV.
391 1656 576 1713 Geschichte
609 1656 662 1711 der
693 1654 780 1711 Stadt
807 1655 911 1710 Meran
943 1655 970 1708 in
1002 1651 1056 1709 der

222 1763 426 1819 neuerenZeit
441 1760 661 1834 1490-1872.
675 1758 738 1839 (ie.
747 1759 858 1835 Oppidi
869 1759 1055 1814 Meranensis

221 1868 346 1923 historia
368 1878 467 1921 aetate
484 1866 645 1920 recentiori
668 1859 900 1939 1490-1872.)
926 1861 968 1918 8⁰.
992 1862 1056 1917 Me·

222 1976 296 2037 rani,
315 1972 395 2046 typis
412 1970 434 2024 I.
452 1971 484 2025 Β.
504 1967 725 2025 Stockhausen.
744 1982 806 2041 290
822 1987 851 2042 p.

311 2076 346 2132 V.
364 2072 536 2130 Sandwirth
553 2071 690 2127 Andreas
707 2072 812 2128 Hofer.
830 2069 859 2148 (i.
874 2091 900 2126 e.
917 2069 1056 2125 Andreas

223 2180 335 2246 Holer‚
361 2178 475 2234 dictus:
500 2173 695 2253 Sandwirth.)
723 2175 764 2232 8⁰.
794 2175 951 2249 Friburgi‚
977 2175 1055 2249 typis

223 2283 350 2339 Herder.
373 2280 464 2353 1874.
484 2280 543 2352 248
562 2299 591 2355 p.

309 2388 360 2443 Vl.
382 2387 531 2458 Monsign.
549 2383 650 2439 Anton
667 2382 807 2449 Santner‚
825 2384 929 2439 Decan
946 2402 973 2438 v.
991 2383 1054 2438 Me·

223 2512 285 2548 ran.
304 2492 360 2547 Ein
377 2488 573 2557 Lebensbild.
591 2485 620 2564 (i.
635 2507 662 2543 e.
680 2488 749 2544 Vita
765 2506 827 2543 rev.
841 2486 920 2543 dom.
932 2487 1053 2543 Antonii

223 2596 362 2661 Samum,
389 2594 494 2649 decani
511 2589 719 2670 Mcranensis.)
745 2590 786 2648 8⁰.
809 2592 934 2658 Merani‚
963 2589 1053 2663 1878.

223 2701 341 2775 Sumpt.
358 2700 501 2754 auctoris.
523 2712 579 2768 132
598 2716 628 2772 p.

309 2805 374 2861 Vll.
393 2804 531 2860 Mehrerc
548 2802 683 2876 kleinere
700 2802 891 2857 Broschdren
908 2800 967 2855 uod
980 2797 1054 2854 Aut-

223 2917 305 2965 sdtze
331 2908 533 2964 historischen
560 2907 618 2961 und
641 2905 985 2979 naturgeschichtlichen
1007 2904 1055 2958 ln-

224 3015 329 3071 haltes
358 3011 387 3090 (i.
409 3033 435 3068 e.
458 3014 620 3067 Praeterea
641 3013 763 3086 scripsit
784 3010 888 3085 plures
909 3021 1055 3064 tractatus

227 3139 264 3175 ex
282 3120 392 3174 histor.
404 3131 465 3172 tum
483 3116 643 3172 universali
661 3129 720 3170 tum
738 3111 887 3191 naturali.)

311 3282 466 3355 Stanke
495 3293 683 3354 Leander
707 3292 913 3371 Iosephus
941 3291 1003 3370 (de
1027 3308 1054 3351 s.

222 3412 363 3473 Monte
376 3410 643 3490 Pannoniae),
653 3430 707 3472 aa.
718 3410 752 3472 ll.
763 3418 799 3470 et
808 3407 1055 3489 philosophiae

223 3536 358 3613 doctor,
374 3532 555 3594 facultatis
568 3532 651 3613 phil.
670 3531 703 3593 in
718 3531 817 3614 regia
831 3531 924 3592 univ.
941 3530 1056 3592 Pesti-

222 3655 322 3716 nensi
349 3653 574 3735 collegiatus,
591 3654 752 3715 Viennae
775 3654 810 3714 in
827 3652 975 3715 Austria
998 3652 1055 3714 die

227 3783 273 3838 ro.
292 3774 392 3855 Sept.
415 3781 496 3836 1800
517 3785 631 3856 natuS,
658 3775 715 3837 die
742 3781 792 3837 25.
817 3773 896 3837 Oct.
923 3778 1000 3852 1817
1028 3795 1054 3836 S.

222 3897 347 3960 habitu
363 3898 517 3977 indutus
536 3906 620 3958 vota
637 3897 823 3958 sollemnia
839 3896 897 3957 die
914 3901 960 3958 111.
976 3894 1054 3958 Oct.

227 4026 302 4082 1821
324 4020 440 4082 emisit
458 4027 494 4081 et
512 4018 684 4080 absolutis
700 4018 735 4079 in
752 4018 846 4080 univ.
860 4016 1054 4079 Viennensi

222 4164 249 4206 S.
266 4142 470 4225 theologiae
487 4140 614 4203 studiis
631 4139 688 4201 die
705 4145 734 4202 3.
753 4138 852 4220 Sept.
874 4141 952 4200 1825
976 4158 1054 4220 pre-

222 4269 346 4347 sbyter
362 4264 547 4326 ordinatus
564 4272 628 4324 est.
653 4261 709 4322 Ex
726 4280 795 4342 quo
817 4273 978 4342 tempore
995 4282 1055 4322 va-

222 4387 281 4448 riis
306 4386 433 4449 officiis
454 4385 595 4467 egregie
620 4383 743 4465 gestis
766 4383 818 4445 uti
842 4382 1055 4464 professoris

223 4530 342 4593 gymn.
365 4508 580 4570 laurinensis
606 4511 784 4587 1825—29,
808 4505 1055 4586 philosophiae

223 4629 437 4712 professoris
450 4629 583 4690 ibidem
601 4630 695 4710 apud
709 4629 870 4689 alumnos
887 4649 913 4688 s,
924 4626 1056 4688 ordinis

227 4758 409 4832 1829-34,
438 4751 473 4812 in
501 4752 683 4812 academia
709 4750 837 4812 laurin.
868 4755 1056 4829 1884-49,

222 4875 289 4937 hoc
317 4895 409 4937 anno
438 4873 622 4955 professor
651 4873 723 4933 ord.
751 4892 785 4952 p.
810 4871 1057 4953 philosophiae

224 4997 259 5057 in
284 4996 383 5078 regia
407 4996 501 5057 univ.
525 4993 726 5056 Pestinensi
747 4994 957 5077 nominatus
979 5015 1057 5075 per-

223 5117 332 5178 missu
360 5116 602 5178 archiabbatis
627 5115 811 5177 Pestinum
837 5136 875 5178 se
900 5116 1056 5196 contulit,

224 5238 344 5319 ibique
369 5239 426 5300 die
455 5243 504 5300 28.
535 5238 623 5319 Apr.
655 5242 734 5300 1855
760 5239 819 5320 pie
847 5239 881 5299 in
906 5237 1058 5299 Domino

224 5360 447 5423 obdormivit.

1221 605 1501 668 Accuratissime
1514 626 1556 668 ac
1570 605 1846 687 diligentissime
1860 606 1973 688 scrip-

1134 726 1180 789 sit
1193 749 1199 788 :

1221 853 1243 908 l.
1259 851 1475 928 Compendium
1489 852 1634 909 historiae
1647 853 1859 929 philosophiae
1869 854 1971 910 Lean·

1133 956 1178 1012 dri
1204 955 1329 1013 Stanke.
1353 958 1502 1025 Viennae,
1532 956 1622 1030 1841.
1647 959 1801 1033 Congreg.
1826 959 1971 1015 Mechith.

1136 1060 1178 1117 8⁰.
1199 1077 1214 1117 2
1299 1105 1305 1117 .

1218 1075 1258 1221 ii.
1275 1081 1484 1222 iibolcsc'szet
1498 1167 1737 1222 rortenelmenek
1749 1167 1881 1224 vazlata.
1900 1165 1930 1245 (i.
1946 1186 1971 1224 e.

1134 1269 1351 1345 Compendium
1366 1269 1509 1326 historiae
1522 1268 1756 1349 philosophiae.)
1777 1272 1914 1328 Manusc.
1928 1277 1970 1344 4⁰.

1134 1389 1198 1446 420
1209 1394 1238 1449 p.
1256 1374 1385 1431 Adserv.
1400 1376 1428 1429 in
1441 1373 1626 1431 bibliotheca
1635 1376 1759 1432 centrali
1773 1379 1803 1432 in
1816 1396 1841 1432 s.
1858 1389 1969 1433 monte.

1221 1499 1272 1554 lll.
1290 1497 1470 1571 Gyakorlati
1487 1496 1666 1554 hdlcseszet.
1684 1495 1714 1575 (i.
1728 1518 1754 1555 e.
1772 1498 1971 1575 Philosophia

1135 1600 1293 1680 practica.)
1318 1601 1360 1658 8⁰.
1384 1618 1401 1673 3
1425 1616 1445 1661 t.
1472 1616 1532 1675 975
1550 1604 1584 1674 -)-
1604 1617 1686 1675 1304
1706 1605 1740 1671 -l-
1758 1617 1843 1675 2040
1859 1622 1888 1679 p.
1913 1603 1969 1660 Ms.

1138 1705 1211 1762 Ads.
1230 1705 1300 1762 ibid.

1223 1811 1272 1867 IV.
1283 1810 1460 1866 Praktische
1470 1811 1673 1885 Philosophie.
1692 1807 1720 1886 (i.
1736 1829 1761 1866 e.
1776 1811 1971 1888 Philosophia

1136 1913 1292 1992 practica.)
1310 1914 1351 1971 8⁰.
1373 1930 1453 1987 1144
1471 1934 1500 1990 p.
1518 1915 1574 1971 Ms.
1592 1915 1666 1971 Ads.
1684 1913 1755 1972 ibid.

1223 2039 1258 2095 V.
1276 2037 1487 2111 Angewandte
1504 2037 1705 2112 Metaphysik.
1723 2034 1753 2115 (i.
1767 2056 1794 2093 e.
1811 2037 1970 2113 Metaphy·

1136 2139 1222 2218 sica.)
1239 2141 1280 2199 8⁰.
1303 2157 1380 2198 1112
1400 2161 1428 2217 p.
1448 2142 1503 2196 Ms.
1520 2141 1594 2197 Ads.
1613 2139 1683 2198 ibid.

1222 2264 1275 2320 Vl.
1288 2263 1491 2339 Philosophie.
1508 2258 1538 2339 (i.
1548 2281 1574 2318 e.
1584 2260 1801 2341 Philosophia.)
1809 2269 1853 2336 4⁰.
1867 2263 1931 2336 348
1940 2284 1969 2340 p.

1136 2371 1192 2424 Ms.
1210 2368 1282 2424 Ads.
1301 2366 1369 2422 ibid.

1222 2473 1288 2529 Vll.
1318 2472 1502 2528 Geschichte
1529 2472 1582 2527 der
1611 2471 1807 2546 Philosophie
1835 2470 1884 2528 bei
1912 2472 1968 2528 den

1135 2577 1282 2634 Arabern.
1294 2575 1323 2654 (i.
1334 2596 1360 2633 e.
1371 2577 1506 2632 Historia
1516 2575 1728 2651 philosophiae
1737 2575 1818 2651 apud
1827 2571 1970 2651 Arabes.)

1135 2689 1178 2755 4⁰.
1201 2680 1259 2753 156
1276 2701 1305 2756 p.
1323 2682 1379 2737 Ms.
1397 2680 1470 2736 Ads.
1488 2679 1558 2737 ibid.

1223 2786 1302 2841 Vlll.
1324 2784 1712 2858 Erfahrungsseelenlehre.
1737 2779 1767 2860 (i.
1787 2803 1812 2840 e.
1835 2785 1970 2859 Psycho-

1136 2893 1219 2965 logia
1234 2888 1399 2965 empirica.)
1416 2895 1458 2960 4⁰.
1480 2887 1518 2961 78
1536 2907 1565 2964 p.
1583 2889 1640 2943 Ms.
1658 2888 1730 2944 Ads.
1748 2887 1820 2945 ibid.

1223 3014 1274 3068 IX.
1292 3008 1425 3067 Herbart
1440 3009 1532 3086 Ja'tnos
1548 3009 1677 3066 Fridrik.
1701 3006 1729 3087 (i.
1747 3028 1774 3066 e.
1792 3010 1839 3066 De
1857 3010 1969 3067 Ioanne

1136 3119 1185 3173 Fr.
1204 3113 1358 3193 Herbart.)
1375 3121 1417 3187 4⁰.
1435 3129 1476 3186 39
1494 3134 1523 3189 p.
1540 3114 1596 3169 Ms.
1613 3114 1687 3170 Ads.
1705 3113 1775 3170 ibid.

1223 3280 1968 3373 StarchBernardus(Admontensis).

1137 3408 1336 3491 Salisburgi
1360 3418 1464 3471 natus
1489 3431 1518 3486 4.
1541 3408 1630 3472 Nov.
1658 3412 1757 3490 11198,
1785 3419 1872 3471 vota
1894 3410 1970 3472 Ad·

1136 3541 1274 3594 montes
1298 3530 1480 3612 professus
1503 3553 1552 3608 24.
1577 3530 1676 3612 Sept.
1703 3550 1795 3611 1722,
1820 3531 1970 3612 primam

1135 3653 1214 3716 Deo
1235 3654 1365 3716 obtulit
1384 3654 1535 3715 hostiam
1560 3659 1588 3715 8.
1607 3652 1707 3733 Sept.
1735 3658 1824 3732 1728.
1850 3654 1969 3716 Primo

1135 3776 1318 3857 professor
1332 3775 1515 3838 studiosae
1531 3775 1727 3837 iuventutis
1745 3775 1969 3858 constitutus,

1136 3898 1218 3960 dein
1240 3897 1363 3959 vicarii
1388 3897 1423 3959 in
1447 3898 1530 3959 Hall
1557 3901 1735 3978 1725—29,
1760 3896 1971 3959 confessarii

1135 4021 1170 4083 in
1194 4020 1317 4083 Monte
1341 4019 1519 4083 Culmensi
1545 4023 1722 4099 1729-39,
1748 4028 1784 4081 91
1808 4019 1971 4101 magistri

1135 4144 1347 4206 novitiorum
1368 4147 1534 4219 1731-34
1562 4160 1705 4202 munere
1729 4140 1884 4223 functus,
1908 4161 1972 4222 pa·

1135 4267 1263 4327 rochus
1285 4265 1330 4325 ad
1352 4283 1378 4326 s.
1396 4262 1607 4325 Michaelem
1629 4262 1769 4325 transiit
1790 4267 1969 4343 1734-36,

1136 4390 1358 4463 et1736—48
1380 4385 1537 4465 supremi
1559 4385 1592 4445 in
1615 4385 1837 4464 parthenone
1859 4382 1972 4446 Goes·

1136 4508 1232 4570 sensi
1250 4508 1425 4590 dignitate
1442 4507 1631 4589 insignitus
1648 4516 1733 4569 erat.
1760 4507 1868 4568 Anno
1889 4510 1970 4584 1748

1136 4632 1314 4711 parochus
1338 4640 1374 4691 et
1398 4629 1560 4710 superior
1583 4629 1618 4690 in
1642 4629 1766 4690 Monte
1790 4627 1972 4690 Culmensi

1138 4751 1385 4814 denominatus
1401 4770 1536 4812 summo
1546 4749 1751 4812 cumfructu
1762 4749 1799 4811 in
1810 4750 1878 4812 hac
1891 4770 1972 4831 pro-

1138 4874 1253 4936 vincia
1275 4872 1452 4934 laboravit
1477 4883 1513 4934 et
1538 4878 1566 4935 8.
1583 4871 1683 4953 Sept.
1705 4877 1784 4950 1778
1807 4871 1970 4933 secundi-

1138 4995 1206 5058 tias
1224 4995 1419 5056 celebravit
1440 4996 1644 5064 sollemnes:
1671 5003 1727 5055 ast
1749 4994 1913 5074 hydrope
1934 5002 1971 5056 et

1138 5137 1324 5199 gangrena
1350 5118 1518 5178 laborans
1546 5117 1688 5177 domum
1717 5118 1796 5194 1775
1825 5115 1969 5196 repetiit

1139 5248 1174 5300 et
1191 5244 1238 5301 13.
1253 5238 1352 5319 Sept.
1371 5243 1450 5317 1778
1465 5237 1606 5319 placide
1619 5237 1654 5299 in
1666 5237 1820 5299 Domino
1834 5236 1969 5318 quievit

1138 5358 1321 5441 professus
1339 5369 1374 5422 et
1390 5362 1558 5423 sacerdos
1575 5359 1761 5422 iubilaeus.
