4178 6196
895 476 936 484 -
983 441 1192 502 XXXVIII
1237 477 1278 486 -

217 665 470 728 Wilemovium
497 684 598 745 vero,
627 663 727 727 cuius
754 664 917 726 monachi
940 664 1180 747 Uhercicium,
1204 665 1240 727 in
1262 667 1547 747 praeposituram
1571 688 1684 750 suam,
1709 668 1954 752 confugerant,

216 825 237 865 a
262 804 478 884 calamitate,
510 823 588 865 cum
616 803 685 865 iam
714 803 837 865 usibus
867 802 1025 884 profanis
1053 803 1268 866 destinatum
1298 813 1410 885 esset,
1439 804 1613 868 vindicari
1641 826 1711 868 non
1738 807 1871 889 potuit,
1900 819 1955 870 ut·

217 963 367 1024 cumque
390 942 585 1024 praepositi
610 942 804 1023 Uhercicii,
833 943 893 1023 qui
916 943 1055 1005 titulum
1083 942 1300 1004 abbatialem
1324 943 1638 1006 Wilemoviensem
1666 945 1886 1026 retinebant,
1918 947 1954 1008 id

216 1101 427 1162 recuperare
451 1082 655 1144 nitebantur
669 1081 702 1161 ¹).
748 1079 861 1144 Simili
891 1082 996 1143 modo
1027 1081 1173 1142 abbatia
1201 1101 1228 1144 s.
1253 1081 1418 1163 Procopii
1447 1083 1492 1143 ad
1517 1081 1699 1146 Sazowam
1723 1086 1769 1145 ab
1792 1084 1952 1146 Hussitis

215 1216 375 1283 funditus
406 1240 531 1282 eversa
562 1240 741 1301 nunquam
771 1219 937 1282 restituta
968 1230 1039 1300 est,
1072 1240 1284 1301 quamquam
1316 1220 1423 1282 etiam
1458 1226 1539 1283 1500
1570 1224 1739 1285 abbatem
1772 1232 1950 1285 extorrem

215 1362 318 1423 huius
345 1360 550 1423 monasterii
574 1369 884 1423 commemoratum
908 1360 1070 1421 videmus
1085 1361 1119 1439 ²).
1166 1358 1404 1441 Opatovicum
1431 1381 1582 1442 quoque,
1611 1361 1711 1423 cuius
1739 1361 1952 1443 dignitatem

215 1499 431 1561 abbatialem
455 1498 650 1580 praepositi
674 1498 894 1560 Neumarktii
918 1518 1031 1580 prope
1055 1499 1307 1561 Vratislaviam
1332 1510 1551 1581 receperant,
1575 1520 1754 1582 nunquam
1778 1501 1951 1564 refectum

215 1648 269 1699 est
283 1638 318 1719 ³).
364 1637 547 1702 Communi
570 1636 671 1698 ruina
695 1636 801 1698 etiam
825 1637 934 1698 Porta
961 1638 1202 1718 apostolorum
1226 1647 1262 1698 et
1285 1637 1527 1700 Podlacicium
1558 1659 1637 1701 cum
1666 1640 1739 1701 suis
1766 1642 1952 1722 praeposi-

214 1777 302 1838 turis
319 1787 427 1857 atque
443 1775 694 1837 monasterium
712 1795 738 1836 s.
753 1775 934 1837 Ambrosii
950 1795 1124 1856 oppressa
1140 1785 1221 1838 sunt
1234 1777 1269 1856 ⁴).
1301 1776 1526 1839 Emautinum
1542 1797 1638 1859 vero,
1656 1779 1716 1839 ubi
1736 1779 1951 1842 eucharistia

214 1918 280 1977 sub
310 1926 461 1996 utraque
492 1913 612 1994 specie
645 1915 813 1994 dabatur,
845 1923 1043 1994 temporum
1075 1913 1235 1976 iniuriam
1267 1913 1401 1997 effugit.
1448 1915 1503 1977 Ex
1534 1916 1736 1978 monialium
1769 1918 1951 1979 coenobiis

214 2075 320 2116 unum
350 2076 376 2116 s.
402 2052 550 2135 Georgii
579 2053 720 2134 Pragae
752 2051 900 2124 revixit;
932 2052 1147 2113 monasteria
1175 2073 1202 2115 s,
1226 2050 1381 2133 Spiritus
1410 2064 1446 2117 et
1469 2055 1680 2136 Teplicense
1704 2054 1813 2117 ruinis
1837 2066 1950 2119 strata

214 2202 420 2256 manserunt
435 2193 469 2272 ⁵).

343 2331 534 2411 Utcunque
558 2349 643 2392 vero
668 2349 834 2391 numerus
857 2329 1007 2391 filiorum
1031 2350 1058 2392 s.
1084 2330 1270 2392 Benedicti
1300 2330 1501 2392 deminutus
1525 2341 1617 2412 erat,
1647 2332 1859 2413 superstites
1888 2353 1951 2414 op-

213 2470 299 2532 timo
323 2471 441 2533 studio
466 2469 607 2530 accensi
631 2468 812 2530 doctrinae
836 2468 948 2530 falsae
973 2488 1037 2550 pro
1061 2468 1196 2530 viribus
1219 2469 1435 2531 restiterunt.
1479 2470 1520 2531 In
1542 2470 1597 2531 his
1620 2471 1813 2551 praecipue
1837 2473 1949 2534 Brau-

214 2609 328 2688 navia,
353 2610 399 2669 ab
423 2607 563 2669 eximiis
586 2606 778 2668 abbatibus
801 2615 841 2668 ut
863 2607 1068 2668 Hermanno
1094 2608 1332 2687 (mo—1449)
1362 2616 1397 2669 et
1422 2606 1597 2690 Gregorio
1621 2609 1683 2671 III.
1709 2611 1948 2690 (1481-1483)

212 2758 321 2828 recta,
345 2746 462 2809 officio
486 2765 550 2807 suo
573 2744 801 2806 laudabiliter
822 2743 1048 2826 fungebatur.
1094 2744 1203 2825 Quid,
1229 2747 1325 2825 quod
1347 2746 1403 2807 hic
1427 2749 1541 2808 abbas
1564 2750 1611 2809 ab
1634 2748 1838 2829 haereticis,
1868 2768 1948 2810 cum

213 2907 275 2950 eos
298 2908 363 2969 pro
387 2887 478 2949 virili
501 2895 604 2967 parte
628 2884 845 2966 reprimeret,
874 2889 953 2962 1483
979 2884 1117 2946 occisus
1134 2888 1213 2946 est?
1227 2884 1250 2965 ⁶)
1290 2883 1448 2947 Ostrovii
1466 2905 1608 2966 quoque
1625 2886 1779 2947 animum
1794 2886 1948 2949 redinte-

212 3038 353 3109 gratum
385 3046 464 3088 esse
497 3045 542 3087 ex
575 3044 618 3086 eo
649 3025 783 3101 elucet,
819 3024 913 3102 quod
937 3022 1107 3085 Nicolaus
1135 3025 1266 3103 abbas,
1297 3034 1336 3084 ut
1361 3023 1509 3085 concilio
1542 3027 1832 3106 presbyterorum
1867 3031 1945 3102 1467

212 3164 335 3227 habito
359 3174 552 3245 praeesset,
577 3172 726 3223 vocatus
750 3170 805 3222 est
821 3161 854 3240 ⁷).

343 3303 422 3384 Quo
435 3301 552 3363 animo
569 3299 694 3361 imbuti
708 3299 933 3361 Benedictini
946 3299 1148 3380 Bohemiae,
1158 3299 1351 3380 Moraviae,
1361 3297 1511 3361 Silesiae
1528 3301 1634 3362 etiam
1648 3304 1790 3364 saeculo
1808 3305 1946 3366 decimo

212 3453 315 3505 sexto
340 3453 376 3504 et
399 3443 542 3504 ineunte
567 3440 704 3502 decimo
727 3439 880 3521 septimo
912 3460 957 3501 ex
989 3448 1214 3521 tempestate,
1247 3460 1317 3520 qua
1340 3439 1554 3501 monasteria
1577 3449 1725 3520 propter
1746 3451 1947 3522 protestan-

211 3582 354 3644 tismum
377 3582 432 3645 his
460 3581 495 3641 in
523 3578 626 3642 terris
655 3579 877 3660 divulgatum
908 3578 1147 3658 iactabantur,
1179 3578 1330 3640 feliciter
1363 3587 1590 3640 emerserunt.
1637 3579 1859 3660 Quamquam
1889 3581 1946 3643 hic

212 3741 353 3804 quoque
378 3720 553 3802 quaedam
577 3738 675 3780 arma
698 3718 799 3779 navis
823 3718 892 3779 iam
915 3727 1022 3779 antea
1045 3716 1210 3779 adflictae
1235 3717 1488 3780 deiciebantur.

342 3862 396 3923 Ita
418 3858 698 3939 Neumarktium,
723 3878 767 3920 ne
791 3857 826 3918 in
850 3857 1112 3939 possessionem
1136 3856 1318 3936 Friderici,
1351 3855 1451 3917 ducis
1480 3857 1525 3917 de
1552 3855 1713 3937 Liegnitz
1746 3865 1946 3937 protestan-

210 4001 314 4063 tismo
336 3999 478 4078 addicti,
496 3997 620 4078 abiret,
645 3996 815 4077 episcopo
832 3995 1104 4057 Vratislaviensi
1128 3998 1173 4056 ab
1198 3996 1329 4056 abbate
1354 4004 1409 4055 est
1425 4013 1642 4056 concessum,
1674 3993 1753 4073 Qua
1777 4015 1814 4056 re
1831 3994 1944 4056 omnis

210 4139 379 4201 memoria
403 4135 602 4217 Opatovici,
626 4134 830 4196 monasterii
854 4134 1031 4215 quondam
1053 4132 1303 4212 florentissimi,
1328 4132 1486 4193 extincta
1510 4141 1578 4212 est,
1611 4151 1690 4194 cum
1714 4133 1826 4195 altera
1850 4133 1944 4195 eius·

211 4277 290 4338 dem
306 4275 555 4357 praepositura
568 4273 847 4336 Wahlstadtium
864 4273 933 4334 iam
950 4273 1089 4334 duobus
1105 4271 1206 4333 annis
1222 4280 1305 4333 ante
1326 4270 1495 4332 laicorum
1511 4269 1607 4333 facta
1624 4281 1721 4333 esset
1736 4269 1769 4351 8).
1807 4272 1942 4334 Eadem

252 4469 342 4475 .-—-
361 4471 392 4475 -
419 4469 475 4475 ..-—
494 4467 523 4475 -ο

341 4600 361 4681 ¹)
386 4601 531 4669 Scholion
555 4598 778 4676 'I'opographie
802 4616 862 4653 von
887 4596 1019 4652 Bdhmen
1044 4596 1061 4651 Ι.
1087 4615 1112 4652 c.

339 4714 360 4794 ²)
385 4715 476 4772 Frind
499 4715 517 4769 l.
543 4734 568 4771 c.
593 4714 643 4770 IV.

339 4827 361 4907 ³)
386 4827 477 4885 Frind
502 4827 518 4883 Ι.
544 4846 569 4882 c.
595 4826 645 4882 IV.

339 4939 361 5019 ⁴)
385 4943 408 4997 F
412 4941 477 4997 rind
500 4940 518 4996 Ι.
544 4959 570 4995 e.
594 4939 644 4994 IV.

338 5050 360 5130 ⁵)
384 5053 475 5110 Frind
499 5053 517 5107 l.
543 5071 568 5108 c.
594 5051 643 5108 IV.
668 5062 698 5106 et
721 5049 894 5106 Chronicon
918 5048 1066 5103 Bievnov.

337 5161 360 5242 ⁶)
383 5165 474 5222 Frind
499 5165 517 5220 l.
542 5183 568 5220 c.
593 5165 643 5220 IV.
668 5175 698 5220 et
722 5163 894 5219 Chronicon
918 5161 1067 5216 Bievnov.

336 5275 359 5354 7)
382 5277 473 5334 Frind
497 5278 516 5333 l.
541 5296 566 5333 c.
591 5278 641 5333 IV.
665 5289 695 5333 et
720 5275 892 5333 Chronicon
915 5273 1065 5328 Blevnov.

338 5383 360 5467 8)
384 5390 490 5464 Heyne
514 5390 532 5444 l.
557 5409 583 5445 c.
608 5389 657 5445 IV.
