4178 6196
909 420 1239 505 ·-316—

319 619 471 703 Scripsit
495 621 539 683 de
561 629 638 682 arte
660 617 878 683 Graecorum
901 620 1060 701 poetica:

319 748 433 805 Umriss
441 747 495 804 der
505 747 612 821 Elegie
622 746 681 802 und
691 745 877 820 jambischen
887 748 995 804 Poesie
1008 747 1062 805 der

232 852 394 910 Griechen.
412 850 549 908 liabetur
565 854 593 906 in
605 851 712 907 litteris
724 853 870 927 gymnasii
881 852 1061 909 Braunensis

234 976 312 1013 anno
334 956 412 1030 1877
431 955 638 1032 promulgatis

318 1102 569 1176 Nestlehner
589 1113 792 1176 Alfonsus
817 1114 1062 1197 (Seitensta-

209 1232 415 1312 diensis),
437 1232 649 1295 Austriacus
672 1231 933 1313 Ansfeldensis‚
957 1240 1062 1294 natus

233 1355 289 1418 die
308 1375 335 1434 7.
350 1353 428 1418 Oct.
447 1358 538 1434 1849,
554 1355 727 1417 absolutis
740 1354 774 1416 in
787 1354 975 1438 gymnasio
986 1353 1062 1418 Sei-

233 1476 468 1541 tenstadiensi
489 1476 616 1538 studiis
636 1476 694 1538 die
720 1497 767 1540 11.
784 1475 883 1559 Sept.
905 1482 986 1557 1870
1006 1496 1062 1539 sa-

234 1620 330 1664 crum
342 1599 456 1662 induit
469 1618 495 1660 S.
509 1598 549 1660 P.
562 1598 749 1661 Benedicti
763 1598 932 1663 habitum.
950 1598 1062 1661 Emis-

233 1723 282 1785 sis
299 1722 356 1785 die
378 1743 424 1800 14.
438 1721 539 1802 Sept.
557 1724 636 1800 1874
653 1721 745 1783 votis
762 1721 988 1784 sollemnibus
1001 1724 1062 1784 ab·

233 1844 430 1926 solutisque
459 1843 494 1905 in
522 1843 709 1905 seminario
741 1843 946 1923 dioeceseos
974 1843 1062 1906 San·

233 1966 501 2048 Hippolytanae
518 1965 714 2048 episcopali
730 1985 757 2030 s.
770 1966 973 2048 theologiae
990 1975 1062 2030 stu-

234 2089 301 2151 diis
319 2089 375 2151 die
397 2094 443 2152 18.
460 2088 524 2151 Iul.
545 2092 624 2166 1875
642 2088 775 2150 ordinis
790 2089 931 2170 accepit
946 2092 1062 2152 sacla-

233 2221 401 2275 mentum.
425 2210 611 2273 Professor
627 2212 798 2292 supplens
815 2210 1062 2274 denominatus

233 2333 269 2395 in
286 2354 314 2396 c.
327 2353 353 2396 r.
370 2332 559 2416 gymnasio
573 2330 869 2396 Seitenstadiensi
882 2334 986 2395 docet
998 2332 1062 2395 lin-

233 2477 340 2539 guam
357 2456 528 2518 Latinam.
1101 2439 1103 2473 ¹

320 2578 490 2661 Scripsit:

319 2706 342 2762 Ι.
352 2704 587 2779 Liebesklagcn.
597 2703 626 2784 (i.
634 2725 660 2762 e.
671 2706 885 2775 Quarimoniae
894 2706 950 2760 Dei
959 2723 1061 2760 aman·

234 2808 293 2888 tis.)
317 2811 350 2866 In
378 2810 531 2882 „Vocibus
552 2830 576 2866 s.
598 2810 750 2866 Benedicti
771 2807 1061 2876 Lambacensibus“,

234 2930 314 2973 cont.

319 3022 356 3076 11.
374 3021 417 3077 Es
434 3023 472 3076 ist
488 3021 603 3087 Pilicht,
620 3020 677 3075 den
694 3038 796 3074 armen
812 3019 921 3076 Seelcn
934 3040 968 3074 zu
982 3017 1063 3074 Hilse

233 3146 268 3181 zu
286 3126 436 3181 kommen.
459 3120 488 3201 (i.
507 3144 533 3180 e.
550 3125 692 3180 Nostrum
709 3143 778 3180 esse
794 3125 899 3179 animis
915 3123 1063 3180 defunctis

233 3221 394 3287 subvenire
411 3226 601 3306 ostenditur.)
618 3227 691 3285 Ibid.

319 3354 371 3409 III.
390 3353 452 3408 Der
470 3353 537 3409 heil.
555 3352 699 3408 Alionsus
712 3353 751 3407 M.
765 3370 825 3409 ron
838 3352 974 3426 Ligorio.
992 3348 1022 3429 (l.
1036 3370 1062 3407 e.

233 3456 265 3513 S.
283 3457 427 3514 Allonsus
443 3459 481 3513 M.
499 3458 536 3513 dc
553 3453 701 3534 Ligorio.)
718 3457 791 3513 ibid.

321 3580 370 3636 IV.
388 3580 451 3635 Das
468 3578 644 3636 Sacrament
660 3578 713 3634 der
728 3577 833 3635 Liebe.
855 3575 884 3657 (i.
902 3599 927 3635 e.
952 3580 998 3635 De
1014 3598 1062 3636 sa-

236 3696 400 3750 eramento,
422 3684 503 3758 quod
525 3697 570 3740 est
591 3686 708 3758 signum
725 3686 835 3740 amoris
851 3682 963 3763 divini.)
987 3684 1060 3741 Ibid.

320 3806 355 3863 V.
375 3806 431 3860 Die
447 3806 516 3862 hell.
535 3805 631 3880 Engel
649 3807 708 3861 und
725 3806 779 3862 das
795 3806 937 3863 allerheil.
951 3806 1062 3863 Sacra·

234 3921 322 3965 ment.
348 3907 376 3986 (i.
398 3929 424 3965 e.
449 3910 494 3966 De
519 3929 543 3965 s.
565 3909 680 3983 angelis
704 3924 734 3966 et
754 3911 832 3967 des.
850 3909 1061 3990 sacramento.)

233 4011 357 4071 Ibidem.

319 4119 369 4176 Vl.
387 4119 430 4174 Es
446 4118 554 4194 klopit.
578 4117 606 4196 (i.
625 4139 651 4175 c.
673 4120 811 4175 Pulsatur
831 4118 961 4199 ostium.)
986 4120 1060 4178 ibid.

319 4223 384 4280 VII.
403 4224 566 4280 Brosamcn
588 4224 634 4280 fiir
650 4225 699 4280 die
720 4243 822 4281 armen
842 4225 961 4283 Seelen.
986 4222 1015 4303 (i.
1033 4246 1060 4282 e.

234 4329 322 4384 Panis
350 4329 491 4404 reliquias
518 4329 733 4385 distribuamus
759 4331 864 4386 animis
892 4329 1061 4409 defunctis)

235 4430 358 4489 Ibidem.

321 4538 400 4594 VIII.
418 4539 569 4595 Emmaus
587 4537 661 4595 lbid.

320 4643 372 4703 ΙΧ.
389 4644 414 4700 V
416 4662 456 4700 on
472 4643 525 4699 der
542 4644 723 4719 Besuchung
739 4645 793 4700 des
809 4645 1060 4722 Allerheiligsten.
1100 4686 1103 4705 .

233 4743 262 4824 (i.
280 4767 306 4804 e.
325 4748 371 4803 De
384 4752 493 4815 causis,
511 4768 588 4823 quae
605 4769 628 4805 s.
642 4763 858 4806 sacramentum
871 4752 994 4807 visitare
1006 4770 1062 4807 nos

235 4853 389 4929 impellere
405 4851 556 4933 debeant.)
573 4854 647 4911 ibid.

320 4960 357 5013 X.
375 4958 469 5015 Leide
487 4959 533 5014 fiir
549 4959 597 5015 die
614 4979 715 5017 armen
733 4957 859 5017 Seelen!
877 4956 906 5038 (i.
920 4980 947 5016 e.
964 4962 1063 5017 Patia-
1101 4954 1103 5015 1

236 5063 276 5116 ris
294 5061 415 5119 dolores
432 5081 489 5138 pro
505 5066 610 5120 animis
628 5064 776 5121 defunctis
786 5061 805 5142 l)
822 5063 895 5121 lbid.
1101 5020 1104 5127 i

321 5185 373 5239 XI.
392 5183 608 5242 LIebeswerke
625 5185 671 5242 fiir
683 5186 731 5242 die
743 5205 845 5243 armen
856 5185 974 5244 Seelen.
992 5188 1064 5245 Vier
1101 5154 1104 5261 1

236 5287 462 5363 Forderungen.
480 5285 508 5367 (i.
522 5309 549 5345 e.
567 5290 613 5345 De
625 5289 712 5346 bonis
725 5291 870 5367 operibus
886 5311 942 5367 pro
958 5293 1064 5348 animis

236 5390 385 5448 defunctis
401 5412 503 5449 amore
521 5394 665 5450 faciendis
682 5394 752 5469 quid
769 5393 909 5473 petatur.)
926 5394 1000 5452 ibid.

1228 614 1415 709 Neugart
1449 627 1711 709 Trudpertus
1742 628 1981 709 (San-Bla-

1142 742 1305 824 sianuS,
1329 753 1456 825 postea
1481 743 1832 828 San-Paulanus).
1860 746 1983 810 Natus

1142 875 1197 928 est
1213 865 1248 928 in
1263 866 1446 950 Villingen
1466 867 1501 929 in
1518 889 1649 951 magno
1667 870 1798 932 ducatu
1815 870 1982 932 Badensi

1142 987 1199 1050 die
1214 993 1264 1050 23.
1274 988 1379 1052 Febr.
1394 1008 1488 1067 1742;
1505 1010 1532 1052 s.
1546 990 1670 1053 habitu
1683 990 1828 1053 indutus
1840 991 1877 1054 in
1891 991 1981 1054 divo

1143 1110 1279 1185 Blasio;
1302 1111 1519 1174 sollemniter
1534 1110 1718 1194 professus
1740 1112 1865 1177 dieas.
1883 1112 1980 1176 Nov.

1147 1237 1241 1311 1759;
1265 1233 1465 1297 sacerdotio
1482 1234 1641 1298 initiatus
1662 1235 1719 1297 die
1740 1256 1765 1298 1.
1783 1235 1858 1300 Iun.
1881 1239 1979 1314 1765.

1142 1353 1309 1418 Scientiis
1325 1357 1578 1439 philosophicis
1595 1366 1631 1420 et
1647 1357 1858 1440 theologicis
1877 1359 1925 1420 ad
1950 1378 1979 1420 s,

1142 1478 1298 1540 Blasium
1321 1479 1387 1540 sub
1412 1478 1568 1561 egregiis
1592 1478 1854 1561 professoribus
1879 1479 1980 1543 Mar·

1142 1600 1216 1663 tino
1233 1598 1395 1681 Gerbert,
1413 1601 1440 1662 F
1444 1601 1565 1664 intano
1581 1602 1713 1664 Linder
1730 1614 1765 1664 et
1780 1603 1979 1666 Francisco

1142 1723 1317 1785 Kreutter
1326 1723 1471 1806 egregie
1480 1725 1653 1805 excultus,
1667 1724 1702 1786 in
1715 1724 1846 1807 linguis
1859 1725 1978 1788 orien-

1141 1845 1273 1907 talibus
1296 1845 1526 1926 praepruam
1551 1866 1695 1927 operam
1719 1847 1854 1928 posuit;
1879 1849 1977 1912 unde

1142 1966 1211 2028 iam
1228 1987 1320 2029 anno
1338 1972 1415 2046 1767
1431 1967 1500 2049 ipsi
1513 1968 1548 2030 in
1562 1967 1656 2032 uniV.
1669 1968 1902 2051 Friburgensi
1916 1989 1978 2032 ca-

1142 2090 1268 2151 thedra
1284 2089 1393 2161 studii
1408 2090 1528 2152 biblici
1546 2100 1582 2153 et
1601 2091 1802 2173 linguarum
1819 2091 1976 2154 orienta-

1141 2212 1226 2274 lium
1248 2214 1463 2275 demandata
1486 2225 1554 2294 est,
1579 2235 1685 2296 quam
1708 2214 1818 2277 multa
1842 2212 1914 2276 fide
1939 2223 1975 2277 et

1142 2332 1299 2398 sbllertia
1311 2347 1446 2416 tenens,
1463 2336 1623 2400 laureas.
1636 2336 1837 2419 theologiae
1851 2337 1975 2399 docto·

1141 2457 1190 2519 ris
1206 2466 1351 2521 ornatus
1368 2468 1432 2520 est.
1457 2457 1564 2520 Anno
1590 2477 1666 2536 1771
1694 2459 1739 2520 ad
1764 2477 1791 2521 s.
1814 2456 1973 2520 Blasium

1142 2579 1540 2661 revocatus‚iuni0ribus
1550 2580 1788 2642 confratribus
1797 2579 1973 2663 principia

1142 2701 1345 2784 theologiae
1374 2702 1562 2783 explicuit,
1591 2721 1709 2764 eorum
1733 2711 1872 2765 mentes
1897 2701 1973 2764 illu·

1143 2832 1260 2889 strans
1277 2833 1313 2887 et
1329 2823 1466 2886 animos
1482 2825 1528 2886 ad
1545 2824 1666 2886 divina
1687 2843 1848 2904 movenS,
1871 2823 1974 2904 simul

1142 2946 1235 3009 viam
1252 2947 1455 3026 ostendens,
1478 2967 1549 3028 qua
1564 2966 1628 3009 suo
1645 2946 1761 3035 Marte
1785 2946 1820 3008 in
1843 2946 1973 3009 litteris

1143 3068 1363 3150 proficerent.
1399 3068 1458 3130 Ab
1485 3088 1578 3130 anno
1611 3088 1690 3147 1779
1719 3068 1911 3150 parochiae
1939 3068 1973 3130 in

1132 3189 1325 3288 Ι(1111111011,
1342 3190 1425 3252 dein
1437 3190 1486 3252 illi
1498 3190 1533 3252 in
1546 3190 1845 3273 Neggenschwiel
1857 3193 1973 3253 bonus

1143 3323 1266 3396 pastor
1278 3324 1453 3394 praeerat.
1478 3314 1584 3375 Anno
1601 3318 1680 3392 1783
1698 3313 1733 3375 in
1751 3313 1833 3375 divo
1849 3312 1973 3375 Blasio

1142 3435 1347 3518 praefectus
1360 3445 1415 3497 est
1427 3435 1581 3515 archiv0,
1599 3444 1635 3498 et
1647 3438 1693 3497 ab
1706 3455 1799 3498 anno
1818 3440 1898 3516 1787
1914 3437 1974 3498 de-

1143 3579 1252 3621 canus
1268 3578 1294 3620 s.
1313 3559 1433 3648 Blasii,
1458 3558 1559 3640 isque
1585 3558 1766 3640 inspector
1785 3558 1974 3622 multarum

1142 3680 1389 3762 parochiarum
1432 3681 1514 3744 divo
1552 3681 1673 3743 Blasio
1711 3681 1973 3763 adscriptarum

1141 3801 1283 3865 functus
1300 3814 1364 3866 est.
1389 3803 1448 3865 Ab
1464 3824 1556 3865 anno
1576 3824 1652 3882 1791
1673 3804 1881 3885 praeposito
1897 3802 1973 3866 feu·

1142 3926 1213 3989 dali
1229 3927 1265 3988 in
1281 3926 1469 3989 Bonndorf
1482 3926 1669 3988 adiunctus
1685 3936 1771 3988 erat.
1797 3926 1971 4008 Princeps

1142 4050 1255 4111 abbas
1264 4048 1439 4111 Martinus
1448 4046 1654 4110 Gerbertde
1665 4046 1973 4111 Germaniasacra

1142 4171 1281 4232 edenda
1308 4181 1473 4251 coeptum
1501 4168 1701 4250 effecturus,
1730 4179 1766 4232 et
1792 4170 1832 4231 P.
1858 4170 1971 4232 Trud-

1142 4303 1281 4374 pertum
1298 4293 1456 4355 sodalem
1473 4312 1552 4354 esse
1569 4292 1691 4372 voluit,
1714 4291 1817 4373 eique
1835 4292 1972 4374 episco-

1142 4425 1265 4495 patum
1282 4414 1590 4477 Constantiensem
1613 4414 1857 4476 adornandum
1880 4433 1973 4476 com·

1142 4537 1245 4599 misit.
1271 4536 1497 4599 Collectanea
1509 4535 1545 4598 in
1557 4535 1702 4597 archivo
1715 4556 1742 4599 s.
1752 4534 1864 4598 Blasii
1877 4536 1972 4599 facta

1143 4659 1243 4733 auxit
1256 4669 1292 4720 et
1304 4658 1487 4740 ampliavit
1500 4658 1578 4740 illis,
1592 4678 1684 4739 quae
1697 4658 1731 4719 in
1744 4658 1899 4721 archivis
1912 4660 1972 4720 ab·

1142 4781 1317 4844 batiarum
1330 4780 1366 4841 in
1379 4778 1569 4842 Germania
1584 4789 1620 4843 et
1632 4779 1798 4842 Helvetia
1812 4780 1970 4863 collegit;

1143 4903 1265 4966 etiam
1286 4923 1362 4982 1791
1384 4901 1533 4984 primum
1554 4901 1707 4964 fructum
1727 4899 1872 4983 laboris,
1896 4903 1972 4965 fun·

1143 5028 1347 5089 dementum
1372 5026 1499 5107 operis,
1524 5025 1683 5088 codicem
1706 5025 1971 5106 diplomaticum

1144 5148 1392 5211 Allemanniae
1417 5158 1453 5211 et
1474 5148 1704 5230 Burgundiae
1728 5149 1972 5212 transiuranae

1145 5270 1270 5333 emisit.
1295 5271 1474 5333 Defuncto
1490 5271 1613 5333 abbati
1629 5271 1783 5334 Martino
1800 5271 1972 5334 successit

1145 5411 1237 5454 anno
1266 5398 1346 5471 1793
1372 5392 1568 5474 Mauritius,
1593 5393 1654 5476 qui
1677 5394 1716 5456 P.
1734 5393 1971 5474 Trudpertum
