4178 6196
905 531 1186 598 -449-

169 717 283 778 abbas
303 713 404 776 fratri
421 713 620 775 Adalberto
637 712 818 794 pollicitus
835 724 901 793 est,
925 731 1002 774 suc·

170 856 291 899 cessor
318 834 481 898 Gunther
507 844 685 897 annuente
714 834 886 916 episcopo
914 835 1002 896 Bru-

170 959 271 1021 nensi
295 957 504 1039 adimplevit
534 965 570 1018 et
594 957 831 1018 Adalbertum
855 955 1002 1038 praevio

171 1080 333 1144 examine
356 1080 392 1140 in
415 1078 578 1141 omnibus
599 1077 711 1140 sacris
728 1077 923 1159 disciplinis
940 1097 1002 1158 op-

170 1200 254 1263 time
268 1210 450 1263 versatum
463 1199 725 1280 testificantem,
740 1200 785 1261 ad
799 1199 891 1261 sacri
904 1218 1002 1281 pres-

169 1324 357 1404 byteratus
379 1322 538 1384 ordinem
558 1330 759 1402 promotum
780 1319 822 1382 iri
845 1320 1002 1401 benigne

170 1443 325 1524 indulsit,
350 1445 444 1524 quod
460 1442 651 1524 Raigradii
675 1442 919 1504 22.Ian.1860
942 1444 1002 1504 do·

171 1565 297 1627 minica
308 1565 413 1627 tertia
422 1563 749 1645 postEpiphaniam
758 1564 917 1646 contigit.
931 1564 1002 1625 Pri-

170 1687 278 1748 mitiis
301 1687 335 1747 in
356 1696 477 1748 nostra
499 1685 652 1748 ecclesia
672 1685 862 1747 celebratis
883 1693 1002 1746 aetate

170 1808 385 1871 venerabilis
408 1816 511 1888 pater
527 1807 716 1869 Adalberti
737 1826 910 1886 praesens
925 1806 1002 1887 fuit,

172 1930 232 2012 qui
248 1931 323 1992 iure
340 1929 516 1991 canticum
535 1929 740 1991 Zachariae:
759 1948 870 2011 „nunc
888 1928 1003 1989 dimit-

172 2052 217 2114 tis
253 2071 394 2113 servum
430 2051 549 2113 tuum“
586 2052 823 2112 laetabundus
859 2050 1003 2130 incepit,

174 2194 280 2254 quum
297 2172 405 2235 filium
423 2173 457 2234 in
471 2182 614 2253 postum
630 2172 769 2234 felicem
787 2172 847 2233 diu
864 2171 1003 2232 deside·

172 2305 288 2358 ratum
307 2305 514 2377 pervectum
531 2295 719 2375 aspiceret.
747 2293 1003 2356 Iurisdictionis

173 2417 301 2480 litteris
319 2422 368 2479 25.
387 2415 466 2480 Oct.
490 2417 647 2479 eiusdem
671 2416 755 2478 anni
780 2416 940 2496 acceptis
965 2425 1004 2477 ut

172 2541 217 2601 ad
235 2539 311 2601 dies
328 2539 616 2601 commorationis
633 2539 686 2599 sui
703 2538 737 2599 in
753 2537 904 2599 ecclesia
916 2537 1004 2599 Rai-

173 2662 355 2742 gradiensi
369 2681 488 2722 curam
501 2661 696 2722 animarum
709 2660 922 2721 subsidiario
932 2678 1004 2720 mo·

175 2784 220 2843 do
238 2792 417 2863 exerceat,
442 2791 653 2863 cooperator
678 2781 874 2843 instituitur
900 2782 1004 2842 etad

174 2903 432 2985 providendam
457 2901 645 2964 ecclesiam
666 2901 808 2963 filialem
833 2901 1026 2982 Opatovi-.

174 3044 315 3086 oensem
333 3024 530 3104 delegatur.
554 3023 599 3084 Et
612 3033 802 3104 postquam
816 3043 908 3085 anno
925 3028 1003 3102 1872

174 3164 384 3207 concursum
423 3163 488 3224 pro
523 3144 764 3205 ambientibus
800 3143 1005 3225 parochiam

173 3265 432 3346 praescriptum
459 3264 627 3345 absolvit,
660 3285 752 3327 anno
785 3268 865 3343 1878
895 3265 930 3326 in
957 3266 1006 3327 lo-

173 3407 251 3449 cum
269 3386 428 3450 defuncti
442 3387 588 3468 parochi
603 3386 911 3450 Ostrovacicensis
924 3388 1005 3447 sub-

173 3520 321 3590 rogatus
331 3520 395 3590 est,
406 3508 466 3570 ubi
476 3509 658 3590 hucusque
667 3510 778 3570 verbo
792 3516 828 3569 et
842 3509 1005 3586 exemplo

173 3651 321 3713 gregem
344 3630 501 3693 fidelium
527 3631 653 3711 pascit.
684 3631 861 3692 Fervente
886 3649 1005 3691 amore

173 3753 376 3833 eximioque
403 3752 548 3834 ingenio
576 3751 761 3834 praeditus
784 3761 879 3813 artes
907 3750 1006 3831 inge-

173 3896 272 3955 nuas,
294 3876 504 3956 praesertim
524 3875 660 3956 poesin,
684 3875 853 3936 musicam
875 3882 912 3935 et
932 3872 1005 3954 pic·

173 4009 297 4078 turam,
308 4017 477 4059 exercere
490 4005 640 4059 conatus
654 3997 873 4058 Adalbertus
886 4007 1007 4058 noster

172 4122 218 4181 ab
238 4119 479 4182 adolescentia
501 4139 566 4180 sua
588 4139 727 4180 omnem
752 4118 899 4180 navavit
923 4137 1006 4198 ope-

172 4263 256 4325 ram,
273 4251 312 4305 ut
328 4242 422 4304 vires
439 4242 557 4322 animi,
575 4262 664 4322 quas
676 4250 803 4302 natura
821 4240 889 4321 ipsi
904 4259 1006 4320 prae·

175 4366 262 4446 buit,
279 4364 424 4426 favente
440 4364 583 4426 fortuna
605 4365 816 4445 explanaret
839 4372 875 4424 et
902 4380 1007 4422 exco-

175 4488 276 4550 leret.
315 4487 454 4548 Musica
490 4505 568 4547 eum
606 4493 819 4567 occupatum
850 4485 1006 4564 tenebat,

175 4608 343 4690 quamdiu
354 4608 635 4690 ludimagisterio
644 4607 876 4688 fungebatur;
890 4625 1007 4686 quam·

174 4751 278 4812 quam
296 4732 363 4792 hac
380 4730 458 4791 vice
475 4731 571 4790 nulla
586 4731 806 4810 produxerat
831 4746 940 4808 opera
957 4726 1007 4787 in-

173 4854 332 4935 geniosa,
346 4862 465 4914 tamen
475 4851 601 4913 diurno
614 4853 736 4913 labore
750 4871 792 4912 eo
804 4858 1005 4931 pervectuS,

173 4986 212 5037 ut
225 4975 342 5036 omnia
355 4974 588 5036 instrumenta
597 4973 732 5035 musica
745 4974 916 5054 legesque
929 4972 1008 5032 har·
1036 5049 1041 5060 ι

175 5097 314 5158 moniae
339 5096 558 5177 intelligeret
582 5108 617 5159 et
642 5095 764 5157 critica
785 5094 920 5155 ratione
940 5094 1008 5154 hac

176 5219 209 5280 in
226 5238 263 5280 re
280 5218 437 5280 iudicare
455 5229 491 5281 et
503 5227 657 5280 tractare
671 5227 804 5299 posset.
827 5215 902 5279 Sub
915 5216 1008 5277 idem

174 5354 333 5421 tempuS,
367 5361 445 5403 cum
476 5340 617 5402 occasio
650 5343 900 5421 praeberetur,
934 5358 1009 5399 car·

174 5461 269 5524 mina
291 5463 387 5523 haud
411 5461 525 5524 invita
548 5462 711 5524 Minerva
734 5461 891 5543 dicebat,
917 5481 1008 5542 quae

1083 712 1245 774 versibus
1260 711 1442 792 impariter
1455 711 1593 792 iunctiS,
1603 713 1797 793 sollemnia,
1810 733 1915 775 casus

1084 838 1255 898 adversos
1280 843 1347 896 etc.
1375 835 1554 896 hominum
1578 835 1767 898 memoriae
1795 837 1912 898 trade-

1083 966 1179 1029 rent;
1208 965 1309 1018 veste
1332 976 1418 1018 vero
1445 957 1615 1038 religiosa
1643 957 1803 1040 indutus,
1832 960 1914 1022 stilo

1081 1078 1224 1160 poetica
1234 1077 1413 1139 abstinere
1423 1078 1574 1159 videtur,
1582 1099 1651 1141 una
1661 1079 1739 1141 vice
1751 1091 1914 1163 excepta,

1083 1221 1190 1282 quum
1214 1201 1397 1282 impletum
1419 1212 1514 1263 esset
1533 1201 1818 1264 ardentissimum
1839 1222 1914 1264 cor-

1083 1322 1138 1384 dis
1155 1322 1370 1384 desiderium
1387 1333 1423 1383 et
1440 1322 1516 1403 ipse
1529 1325 1719 1405 presbyter
1732 1324 1915 1385 ordinatus

1083 1455 1189 1506 esset.
1215 1444 1373 1506 Assiduo
1389 1456 1508 1507 autem
1529 1446 1650 1507 labore
1676 1446 1817 1508 deditus
1843 1466 1915 1507 ma-

1083 1568 1191 1628 nebat
1207 1566 1274 1627 arti
1291 1566 1468 1647 picturae:
1494 1567 1619 1629 summi
1640 1567 1744 1630 huius
1760 1568 1846 1630 artis
1863 1568 1914 1630 iu·

1084 1687 1180 1749 dices
1190 1707 1259 1749 uno
1271 1706 1331 1748 ore
1341 1688 1487 1749 laudant
1495 1689 1700 1770 graphideS,
1708 1710 1797 1770 quas
1805 1690 1914 1751 Adal-

1082 1810 1206 1870 bertus
1223 1819 1343 1871 noster
1363 1829 1482 1890 penna
1505 1811 1651 1872 corvina
1674 1812 1859 1892 eleganter
1879 1824 1915 1874 et

1084 1931 1283 2013 diligenter,
1307 1942 1474 1994 accurate
1495 1943 1531 1994 et
1551 1933 1672 2015 polite,
1695 1934 1914 2008 delineabat;

1083 2054 1148 2116 has
1171 2053 1263 2116 inter
1284 2054 1434 2135 primum
1458 2055 1573 2115 locum
1598 2055 1735 2117 obtinet
1759 2057 1915 2137 diploma

1084 2196 1105 2236 a
1136 2186 1256 2237 nostro
1288 2176 1502 2238 monasterio
1534 2176 1704 2239 cardinali
1732 2179 1915 2242 Falcinelli

1083 2297 1262 2377 traditum,
1280 2316 1359 2359 cum
1377 2296 1412 2359 in
1430 2297 1760 2362 confoederatorum
1779 2313 1914 2363 nostro·

1084 2438 1160 2479 rum
1176 2438 1359 2480 numerum
1376 2429 1604 2498 cooptaretur
1624 2439 1688 2482 nec
1706 2441 1775 2483 non
1793 2423 1914 2504 cyclus

1084 2539 1277 2620 imaginum
1300 2542 1345 2602 ad
1365 2540 1475 2602 vitam
1496 2560 1523 2603 s,
1542 2541 1729 2604 Benedicti
1750 2552 1914 2623 spectan-

1085 2661 1171 2722 tium
1181 2681 1298 2741 penna
1307 2662 1427 2724 subtili
1437 2672 1472 2724 et
1482 2663 1639 2744 eleganti
1648 2663 1914 2748 delineatamm,

1086 2802 1177 2863 quae
1198 2783 1320 2845 nuntio
1343 2783 1541 2863 apostolico
1565 2787 1734 2847 moderno
1756 2786 1914 2848 Iacobini

1086 2905 1178 2966 dono
1195 2905 1338 2966 oblatae
1354 2903 1464 2967 fuere.
1489 2903 1589 2985 Quae
1606 2906 1646 2968 P.
1663 2903 1776 2968 Slouk
1792 2909 1915 2969 colori-

1085 3027 1152 3086 bus
1166 3025 1292 3106 pinxit,
1303 3025 1521 3106 exemplaria
1533 3035 1670 3088 tantum
1684 3038 1765 3089 sunt
1778 3049 1824 3090 ex
1837 3029 1914 3091 aliis

1085 3146 1300 3228 imaginibus
1313 3147 1504 3229 exscripta,
1517 3167 1639 3210 verum
1653 3157 1772 3212 tamen
1785 3151 1848 3213 tali
1864 3152 1914 3213 ni-

1085 3278 1162 3331 tore
1179 3270 1347 3351 insignes,
1361 3281 1399 3333 ut
1413 3270 1600 3353 originalia
1616 3291 1841 3352 nonunquam
1859 3294 1914 3334 su-

1086 3401 1229 3472 perent,
1259 3411 1314 3453 ex.
1342 3413 1394 3473 gr.
1423 3393 1541 3475 imago
1570 3394 1721 3475 praelati
1749 3368 1914 3476 Victoris,

1087 3533 1191 3594 quam
1213 3514 1329 3593 pictor
1348 3513 1531 3596 originalis
1555 3516 1646 3579 dom.
1664 3515 1794 3597 Zeleny
1815 3535 1915 3577 suum

1087 3654 1166 3696 esse
1191 3654 1281 3716 opus
1308 3637 1412 3717 lapsu
1438 3637 1639 3699 delectabili
1664 3637 1913 3700 arbitrabatur.

1087 3755 1260 3837 Depinxit
1277 3765 1313 3817 et
1329 3757 1398 3818 alia
1415 3757 1644 3838 exemplaria,
1662 3779 1754 3839 quae
1770 3759 1805 3821 in
1822 3758 1915 3820 festo

1086 3876 1252 3960 Corporis
1262 3877 1390 3940 Christi
1401 3879 1572 3941 altaribus
1582 3879 1819 3962 imponuntur,
1831 3880 1915 3940 ima·

1086 3999 1205 4080 ginem
1232 4021 1259 4063 s.
1288 4001 1469 4063 Barbarae
1497 4011 1675 4063 servatam
1702 4003 1737 4064 in
1766 4000 1916 4062 ecclesia

1087 4120 1343 4203 Opatovicensi
1357 4141 1402 4184 ex
1416 4123 1578 4206 originali
1588 4123 1727 4186 vicinae
1741 4120 1914 4183 ecclesiae

1087 4243 1323 4315 Blucicensis;
1340 4244 1541 4325 imaginem,
1559 4264 1628 4324 qua
1645 4262 1736 4304 rese
1754 4242 1828 4303 vita
1840 4260 1915 4302 ere-

1087 4362 1194 4425 mitae
1208 4363 1382 4426 Guntheri
1395 4365 1650 4426 adumbrantur
1666 4372 1732 4425 etc.
1757 4362 1913 4424 Maxime

1087 4495 1206 4546 autem
1227 4485 1276 4545 illi
1298 4485 1332 4547 in
1348 4485 1442 4547 votis
1466 4495 1542 4545 erat
1564 4483 1750 4546 ecclesiam
1773 4483 1914 4545 filialem

1088 4604 1388 4686 Opatovicensem
1398 4608 1630 4668 restaurando
1639 4606 1914 4684 renovandoque

1087 4725 1137 4788 ita
1153 4736 1337 4790 exstruere
1354 4739 1390 4789 et
1406 4727 1600 4809 instituere,
1618 4738 1656 4789 ut
1674 4728 1836 4789 omnibus
1853 4746 1914 4786 nu·

1087 4848 1193 4911 meris
1202 4850 1460 4912 architecturae
1470 4846 1915 4931 perficeretur;adquisivit

1087 4970 1336 5033 benefactores
1358 4983 1394 5034 et
1415 4971 1573 5033 ultimum
1598 4991 1644 5032 ex
1667 4969 1812 5051 proprio
1833 4987 1915 5030 aere

1088 5094 1230 5155 obolum
1248 5094 1355 5174 dedit,
1373 5103 1412 5155 ut
1428 5113 1518 5174 opus
1534 5093 1637 5154 citius
1654 5090 1820 5154 adfinem
1836 5109 1916 5170 per-

1089 5216 1290 5297 duceretur,
1318 5216 1373 5278 eui
1398 5235 1517 5277 curam
1545 5224 1580 5276 et
1607 5213 1805 5277 custodiam
1829 5211 1916 5273 assi·

1089 5338 1193 5398 duam
1225 5338 1397 5402 adhibuit.
1436 5337 1615 5403 Gloriatur
1646 5337 1766 5418 itaque
1798 5355 1916 5418 pagus

1090 5457 1365 5539 Opatovicensis
1386 5462 1537 5524 ecclesia
1556 5469 1629 5524 tam
1645 5458 1806 5542 perfecta
1822 5457 1916 5520 omni

1659 5578 1690 5629 57
