4208 6194
909 483 947 492 -
997 447 1165 510 XXVIII
1211 485 1252 491 —

210 671 343 735 factum
369 684 433 754 est,
458 681 496 734 ut
518 673 665 734 labente
689 671 879 754 disciplina
902 671 1009 735 etiam
1033 672 1188 740 studium
1213 674 1399 737 honestum
1424 684 1459 738 et
1487 675 1620 757 agendi
1652 676 1818 740 alacritas
1849 697 1952 758 prae·

211 834 298 895 ceps
321 813 397 877 iret.

339 953 432 1015 Huic
450 951 644 1015 calamitati
662 951 814 1031 denique
830 971 851 1012 a
867 960 1048 1032 potestate
1066 951 1310 1014 ecclesiastica
1327 960 1363 1014 et
1380 951 1474 1014 civili
1490 953 1632 1015 obviam
1649 954 1746 1017 itum.
1776 954 1952 1017 Albrech·

210 1093 281 1155 tius
305 1093 348 1155 V.
373 1093 445 1154 dux
470 1091 683 1153 Austriacus
706 1089 891 1153 Nicolaum
916 1093 960 1153 de
983 1091 1253 1173 Diinkelspiihel
1284 1092 1416 1153 clarum
1445 1094 1627 1156 doctorem
1657 1094 1830 1156 rationem
1859 1095 1952 1156 ordi-

210 1235 263 1297 nis
288 1232 508 1296 instaurandi
533 1231 740 1313 excogitare
764 1230 866 1293 iussit
895 1241 931 1294 et
961 1232 1007 1293 ad
1037 1250 1115 1293 eam
1143 1233 1392 1312 exequendam
1423 1231 1519 1294 viros
1549 1232 1736 1314 religiosos
1767 1251 1814 1294 ex
1845 1231 1951 1295 Italia

209 1371 404 1436 arcessivit.
436 1370 611 1433 Martinus
627 1371 670 1432 V.
688 1371 727 1432 P.
744 1369 792 1432 M.
817 1380 853 1433 et
876 1370 1059 1433 consilium
1083 1369 1355 1433 Constantiense
1379 1381 1544 1434 auctores
1566 1370 1665 1434 fiunt.
1696 1372 1802 1453 Viris,
1819 1371 1950 1453 quibus

209 1511 420 1575 instauratio
451 1510 666 1572 demandata
699 1517 784 1589 erat,
816 1507 984 1571 Nicolaus
1008 1507 1191 1591 Seiringer
1218 1509 1360 1572 Matzen
1391 1530 1436 1571 ex
1467 1509 1547 1572 vico
1571 1511 1741 1573 Austriae
1773 1510 1950 1574 inferioris

211 1650 380 1713 oriundus
404 1647 568 1729 praefuit,
594 1647 653 1728 qui
676 1647 712 1708 in
736 1647 951 1711 monasterio
975 1647 1186 1712 Sublacensi
1210 1648 1369 1711 eruditus
1394 1662 1479 1712 erat.
1525 1649 1626 1732 Opus
1659 1670 1761 1712 suum
1789 1655 1869 1728 1418
1899 1651 1951 1712 in-

211 1798 382 1871 ceperunt
406 1787 440 1849 in
464 1787 678 1850 monasterio
701 1786 909 1868 Mellicensi,
941 1787 1001 1849 ubi
1025 1787 1177 1850 Ioannes
1201 1788 1263 1850 III.
1288 1790 1402 1850 abbas
1427 1807 1571 1850 munere
1595 1808 1634 1850 se
1658 1789 1890 1852 abdicaverat
1914 1801 1950 1852 ct

210 1928 378 1991 Nicolaus
401 1928 436 1990 in
461 1926 536 1988 eius
557 1926 672 1988 locum
688 1935 921 1988 successerat.
953 1925 1046 1988 Hinc
1064 1923 1309 2008 Gottwigium,
1326 1927 1600 2009 Altenburgum,
1619 1926 1738 1990 Cellae
1754 1927 1949 2009 Marianae,

209 2068 507 2148 Seitenstadium,
536 2065 764 2147 Gluniacum,
796 2064 1034 2127 Cremifanum
1065 2064 1359 2128 reformabantur.
1409 2064 1496 2127 Cum
1525 2064 1623 2129 Scoti
1651 2065 1950 2129 Vindobonenses

211 2219 354 2290 praeter
377 2208 556 2270 Hibernos
580 2216 616 2266 et
639 2202 767 2268 Scotos
792 2223 1005 2285 quemquam
1028 2203 1210 2286 suscipere
1239 2214 1444 2267 constanter
1475 2214 1680 2267 recusarent
1709 2215 1745 2268 et
1773 2217 1949 2268 monaste-

209 2347 299 2409 rium
316 2345 515 2426 relinquere
532 2352 797 2425 praeoptarent,
822 2344 895 2405 dux
916 2343 1007 2406 hanc
1032 2343 1276 2406 condicionem
1300 2343 1513 2406 auctoritate
1529 2344 1727 2425 apostolica
1750 2344 1890 2426 accepit
1914 2357 1949 2407 et

211 2483 312 2548 Scoti
338 2488 418 2561 1418
443 2482 659 2544 Vindobona
681 2489 923 2544 excesserunt.
955 2480 1211 2543 Monasterium
1228 2482 1391 2543 orbatum
1409 2479 1576 2545 Germani
1592 2484 1840 2564 possederunt.
1873 2483 1948 2546 Nec

210 2624 325 2686 minus
348 2622 556 2684 Eberhardo
579 2620 641 2682 III.
666 2618 936 2700 archiepiscopo
960 2617 1226 2702 Salisburgensi
1250 2621 1337 2682 ordo
1362 2631 1438 2683 erat
1469 2621 1576 2684 cordi.
1616 2621 1705 2703 Quo
1724 2633 1869 2685 auctore
1898 2623 1949 2684 in·

211 2764 384 2827 stauratio
409 2760 552 2841 ordinis,
577 2779 656 2822 cum
679 2758 715 2820 in
739 2758 887 2821 concilio
912 2758 1121 2841 provinciali
1149 2763 1229 2837 1418
1254 2760 1434 2822 celebrato
1458 2761 1602 2822 decreta
1626 2770 1730 2842 esset,
1759 2782 1837 2839 1421
1866 2764 1949 2823 sub·

209 2904 336 2987 positis
358 2903 500 2984 legibus
524 2898 804 2964 Sublacensibus
835 2907 964 2979 coepta
995 2908 1030 2960 et
1062 2904 1138 2975 1431
1170 2918 1191 2960 a
1214 2896 1458 2962 Benedictinis
1489 2900 1535 2961 ad
1567 2918 1593 2963 s.
1617 2899 1763 2961 Petrum
1797 2910 1947 2982 accepta

210 3055 275 3107 est.
315 3042 471 3104 Eaedem
502 3040 603 3121 leges
633 3038 804 3120 paulatim
832 3037 1013 3099 monachis
1037 3037 1362 3119 Admontensibus,
1387 3035 1699 3121 SanlambertiniS,
1724 3039 1947 3102 Arnoldstei·

210 3182 388 3263 nensibus,
412 3177 698 3257 Ossiacensibus,
722 3175 1027 3258 Sanpaulensibus
1049 3178 1223 3258 probatae
1248 3186 1339 3239 sunt.

340 3319 463 3398 Atque
489 3316 595 3379 etiam
619 3314 805 3376 concilium
822 3314 1031 3376 Basileense
1055 3315 1347 3377 monasteriorum
1371 3316 1652 3398 recognitionem
1676 3319 1946 3382 commendavit.

209 3461 335 3541 Itaque
359 3477 424 3538 per
440 3455 654 3518 cardinalem
670 3452 856 3516 Nicolaum
872 3452 1060 3533 Cusanum,
1085 3452 1292 3534 episcopum
1316 3452 1565 3516 Brixinensem
1594 3458 1669 3532 1451
1698 3475 1790 3518 nova
1814 3456 1948 3519 ordinis

211 3597 422 3662 instauratio
445 3594 608 3658 instituta
632 3604 696 3656 est.
735 3593 932 3673 Postquam
955 3591 991 3653 in
1015 3591 1163 3653 concilio
1187 3589 1453 3674 Salisburgensi
1476 3612 1591 3654 novae
1615 3594 1714 3676 leges
1739 3594 1948 3676 propositae

212 3749 303 3818 sunt,
328 3736 372 3798 ad
398 3753 459 3796 eas
483 3732 702 3794 inducendas
726 3731 762 3793 in
785 3731 978 3813 Austriam,
1010 3729 1165 3811 Stiriam,
1198 3730 1424 3813 Carinthiam,
1453 3732 1645 3795 Bavariam
1676 3735 1827 3796 abbates
1854 3733 1949 3796 Mar-

210 3878 306 3940 tinus
330 3872 515 3939 Scotensis
539 3883 575 3934 et
598 3871 811 3934 Laurentius
834 3871 970 3933 Mariae
994 3869 1168 3933 Cellensis
1192 3880 1228 3933 et
1251 3869 1457 3952 Stephanus
1486 3871 1581 3953 prior
1603 3870 1820 3935 Mellicensis
1851 3873 1949 3935 missi

212 4026 304 4097 sunt,
327 4011 474 4076 Tirolim
490 4011 657 4074 Nicolaus
677 4010 755 4093 ipse
772 4011 840 4072 sibi
856 4011 1064 4074 reservavit.
1096 4011 1226 4073 Eorum
1242 4030 1328 4072 vero
1352 4009 1480 4072 nimiae
1502 4011 1684 4075 severitati
1700 4030 1770 4075 non
1786 4013 1949 4075 monachi

213 4154 367 4237 quidem,
393 4150 554 4233 episcopi
576 4159 695 4213 tamen
718 4149 747 4211 F
750 4149 901 4212 riderico
924 4149 1173 4230 metropolitae
1198 4147 1464 4231 Salisburgensi
1493 4150 1626 4212 subditi
1654 4151 1870 4215 restiterunt.
1910 4152 1950 4214 In

212 4292 321 4355 Tiroli
351 4302 471 4353 autem
507 4307 633 4351 severa
663 4287 814 4350 instituti
846 4287 965 4368 operis
996 4288 1181 4350 exsecutio
1213 4287 1464 4370 Sonnenburgi
1495 4288 1648 4350 maxime
1681 4288 1717 4351 in
1748 4289 1951 4351 monialium

213 4430 386 4494 coenobio
409 4429 737 4492 molestissimarum
767 4426 1019 4509 indignitatum
1050 4447 1173 4489 ansam
1203 4427 1320 4508 dedit,
1353 4427 1480 4508 quibus
1513 4427 1671 4490 diutinae
1703 4428 1951 4491 contentiones

215 4570 307 4632 inter
329 4567 529 4651 principem
553 4577 589 4630 et
612 4565 827 4629 cardinalem
851 4564 967 4646 ipsum
991 4564 1242 4629 excitabantur
1257 4569 1290 4647 ¹).

342 4707 410 4769 His
434 4705 750 4769 instaurationibus
773 4705 875 4767 brevi
898 4714 1059 4787 tempore
1083 4705 1189 4769 toties
1217 4705 1379 4786 repetitis
1408 4705 1521 4768 ordini
1550 4704 1721 4786 pristinus
1744 4705 1846 4787 vigor
1873 4707 1952 4767 red-

215 4846 310 4908 ditus
335 4855 399 4926 est,
425 4865 504 4907 cum
527 4845 738 4926 praesertim
766 4865 931 4907 manuum
961 4864 1091 4926 operae
1124 4844 1292 4926 antiquus
1323 4846 1434 4906 honor
1463 4844 1648 4908 restitutus
1679 4854 1784 4906 esset.
1831 4843 1952 4905 Domi-

215 4985 332 5048 cilium
363 5005 448 5047 vero
480 5005 522 5047 ac
554 4986 659 5047 sedes
690 4983 823 5046 ordinis
850 4983 1043 5046 Mellicium
1075 4993 1168 5065 erat,
1201 4983 1300 5046 cuius
1333 4983 1433 5066 leges
1457 4981 1697 5046 Sublacenses
1720 4983 1766 5044 ad
1789 4993 1952 5063 tempora

215 5133 252 5187 et
281 5125 360 5186 loca
395 5124 666 5187 adcommodata
697 5143 718 5184 a
749 5143 879 5205 magna
913 5123 1207 5185 monasteriorum
1241 5142 1372 5184 corona
1402 5121 1688 5204 accipiebantur,
1727 5141 1818 5204 quae
1856 5122 1951 5184 haud

347 5401 368 5482 ¹)
391 5404 485 5460 Vide:
509 5404 628 5480 Jaeger‚
653 5404 716 5459 Der
739 5403 879 5460 Cardinal
902 5403 1044 5460 Nicolaus
1067 5421 1128 5460 von
1152 5403 1241 5470 cusa,
1265 5404 1288 5459 l.
1320 5402 1435 5477 Egger,
1460 5400 1644 5459 Geschichte
1667 5420 1727 5458 von
1751 5401 1847 5457 Tirol.
