4208 6194
907 431 1188 497 ,ῳ-

178 610 357 674 exhibuit:
389 614 435 673 ad
462 613 577 673 Deum
605 613 863 674 consolatorem
895 611 1009 693 suspi-
1090 608 1306 673 Geschichte
1323 611 1385 672 der
1397 610 1777 673 Benedictiner-Abtei
1794 632 1835 673 zu
1852 613 1921 674 den

181 735 279 795 ciens
300 733 481 815 religionis
499 744 534 795 et
550 734 695 813 pietatis
716 733 865 797 affectus
885 734 1010 797 funde·
1091 731 1294 814 Schotten“,
1308 752 1400 795 anno
1415 736 1492 812 1857
1504 734 1610 814 editu,
1623 733 1770 796 fatetur:
1784 754 1822 796 se
1839 734 1922 796 scri·

178 857 254 917 bat:
280 855 349 916 iam
367 854 434 916 sibi
451 855 636 917 restitutus
662 866 698 918 et
718 856 883 919 liberiore
908 857 1009 937 quasi
1090 855 1230 916 bendae
1253 854 1421 916 historiae
1445 854 1608 917 Scotensi
1633 855 1804 936 imparem
1828 855 1922 918 futu-

179 986 275 1039 motu
299 978 420 1038 oculos
438 976 697 1057 circumferens,
723 997 815 1058 quae
831 977 866 1038 in
883 981 1010 1040 natura
1090 996 1167 1037 rum
1191 975 1319 1056 fuisse,
1343 976 1410 1037 nisi
1439 977 1591 1038 antehac
1615 977 1831 1039 Bettholdus
1858 998 1923 1058 per

179 1098 268 1160 vidit
289 1098 516 1161 delectabilia
538 1101 701 1180 canebat,
727 1100 797 1160 imo
821 1119 1011 1181 perversos
1093 1118 1134 1159 20
1157 1117 1269 1159 annos
1293 1098 1475 1159 materiam
1499 1108 1571 1159 tam
1596 1100 1778 1160 commode
1804 1099 1923 1180 dispo-

181 1240 297 1281 mores
311 1220 491 1281 hominum
501 1221 558 1281 vel
570 1222 694 1282 horum
706 1222 751 1282 ad
765 1221 916 1282 invicem
930 1241 1011 1282 con·
1093 1218 1232 1281 suisset.
1257 1217 1408 1300 Scripsit
1425 1219 1541 1299 etiam,
1559 1239 1651 1281 anno
1669 1225 1759 1300 1843,
1777 1220 1921 1283 1110111110

181 1342 333 1404 ditiones
358 1341 536 1421 diversas,
561 1341 718 1403 ridendis
744 1361 902 1423 semper,
927 1362 1013 1404 nun·
1094 1359 1158 1400 suo
1189 1340 1224 1400 in
1255 1341 1521 1402 humanioribus
1549 1342 1678 1403 scholis
1706 1342 1922 1423 magisteri0,

181 1483 285 1544 quam
311 1464 546 1544 mordacibuS,
572 1465 840 1545 perstringebat
854 1464 1012 1527 facetiis:
1096 1462 1343 1542 compendium
1381 1462 1466 1523 artis
1502 1464 1790 1543 mathematicae,
1828 1466 1923 1544 quod

180 1708 344 1789 linquens
365 1709 534 1770 laudabili
557 1709 634 1770 nisu
651 1712 697 1770 ad
714 1729 859 1771 serenas
875 1710 1012 1790 patriae
1094 1706 1208 1766 cendo
1221 1709 1616 1786 normamsequebatur.
1634 1707 1828 1788 Postquam
1839 1727 1923 1769 vero

181 1830 305 1890 laudes
322 1831 544 1891 extollendas
559 1831 760 1893 adscendit:
778 1832 827 1892 ita
836 1841 964 1912 tamen,
974 1840 1013 1892 ut
1091 1825 1207 1907 prima
1223 1846 1336 1906 eaque
1352 1828 1459 1909 longe
1476 1828 1642 1908 graviora
1668 1827 1702 1889 in
1724 1829 1826 1889 novis
1848 1828 1924 1890 offi-

182 1951 384 2012 immediate
406 1953 523 2013 omnia
540 1971 585 2013 ex
601 1953 721 2017 valido
743 1952 850 2015 animi
870 1952 1011 2032 affectu,
1093 1947 1155 2009 ciis
1173 1949 1351 2030 stipendia
1367 1960 1553 2028 meruerat,
1575 1951 1621 2010 ad
1638 1951 1923 2031 0010111101οροὃ-

182 2071 304 2151 gracili
319 2081 353 2133 et
368 2073 489 2134 nativo
502 2093 664 2134 sermone
676 2072 785 2135 fluere
795 2075 1009 2136 viderentur.
1092 2070 1145 2131 sin
1163 2073 1376 2151 quandoque
1393 2070 1507 2132 redire
1529 2091 1598 2132 non
1621 2071 1688 2133 sibi
1706 2081 1847 2152 poterat
1864 2093 1923 2134 110-

182 2193 335 2273 Interim,
360 2214 452 2255 anno
479 2199 557 2273 1837
580 2166 728 2256 1110115111.
746 2195 840 2277 Aug.
858 2206 893 2257 et
910 2193 1010 2276 Sept.
1091 2211 1196 2272 gare:
1222 2202 1278 2254 ast
1300 2212 1405 2273 quem
1429 2204 1535 2255 antea
1551 2193 1671 2255 mobili
1688 2194 1924 2258 1111015511ηᾶ-

183 2314 217 2375 in
235 2315 373 2376 ltaliam
391 2316 458 2377 iter
474 2317 635 2398 instituit,
652 2317 814 2379 Venetiis
830 2337 915 2379 vero
932 2318 1011 2379 ulti·
1093 2333 1214 2393 quene
1225 2314 1338 2376 dicam
1349 2316 1537 2397 nugatoria
1546 2316 1664 2378 indole
1672 2315 1783 2378 fuisse
1793 2335 1924 2399 cogno·

181 2456 274 2497 mum
291 2434 371 2498 viae
387 2438 588 2499 milliarium
611 2439 716 2519 legit:
740 2439 861 2519 ibique
877 2439 1012 2520 aliquot
1092 2435 1216 2517 vimuS,
1231 2437 1310 2517 iam,
1323 2438 1505 2499 laboribus
1519 2458 1692 2519 pressum,
1709 2438 1923 2501 severiorem

183 2559 259 2620 dies
291 2569 542 2640 commoratus,
574 2579 639 2621 sex
670 2560 827 2641 pretiosa
858 2561 1012 2623 carmina
1093 2556 1220 2618 faciem
1237 2558 1394 2620 induisse
1408 2559 1583 2640 miramur,
1601 2560 1870 2623 edisserentem:
1888 2563 1923 2623 in

181 2681 293 2762 lyrica
310 2682 510 2754 exornavit;
533 2683 674 2744 domum
691 2684 804 2744 redux
820 2703 950 2745 novum
966 2703 1012 2744 ex
1094 2679 1222 2758 quibus
1238 2699 1323 2740 vera
1341 2680 1447 2741 animi
1464 2681 1702 2761 tranquillitas
1723 2683 1769 2744 sit
1790 2683 1924 2745 inveni-

181 2803 247 2862 hoc
261 2801 386 2863 itinere
399 2803 550 2883 poeseos
563 2802 829 2866 incitamentum
843 2805 1011 2886 sentienS,
1094 2802 1201 2873 cnda;
1227 2802 1286 2862 ubi
1309 2811 1480 2864 terrarum
1498 2803 1630 2885 optime
1646 2804 1714 2864 sibi
1731 2815 1767 2865 et
1783 2804 1832 2866 ita
1849 2806 1924 2886 qui·

181 2923 300 2985 iocosa
312 2924 544 3006 potissimum,
562 2927 625 2987 sed
639 2946 730 3006 quae
743 2927 896 2988 animum
910 2926 1011 2988 simul
1094 2924 1173 2984 dem
1187 2924 1340 3004 placeat,
1354 2933 1393 2987 ut
1403 2926 1525 2986 mortis
1538 2925 1585 2987 ibi
1599 2945 1759 2987 somnum
1773 2927 1923 2989 dormire

182 3055 374 3126 moverent,
391 3065 602 3126 componere
619 3049 777 3127 perrexit
790 3059 825 3111 et
838 3070 950 3130 usque
967 3051 1013 3110 ad
1093 3045 1189 3124 velit,
1207 3053 1242 3105 et
1259 3045 1418 3106 eiusdem
1429 3046 1562 3108 tenoris
1578 3046 1657 3108 alia.
1683 3045 1755 3110 Sed
1772 3059 1855 3128 post
1871 3069 1923 3110 re·

182 3186 311 3228 annum
332 3172 410 3244 1842
430 3187 611 3229 numerum
633 3170 1013 3249 114podmatumcom-
1093 3164 1245 3227 formata
1280 3185 1344 3246 per
1381 3176 1491 3228 totam
1522 3167 1706 3230 Austriam
1736 3170 1923 3251 gymnasia

182 3289 302 3368 plevit.
320 3327 363 3334 —
379 3289 453 3350 [sto
468 3298 585 3351 autem
598 3309 691 3351 anno
707 3290 924 3352 archivarius
940 3311 1013 3353 mo·
1094 3289 1203 3368 11850)
1221 3288 1256 3348 in
1273 3288 1357 3349 solis
1378 3308 1518 3369 semper
1538 3289 1668 3371 linguis
1686 3289 1864 3353 Germana
1888 3304 1923 3354 et

183 1606 274 1666 quae
292 1586 321 1646 si
339 1588 481 1666 quando
498 1585 565 1666 ipsi
583 1588 745 1668 deerant,
770 1587 890 1648 iocosa
914 1588 1013 1648 dere·
1094 1583 1256 1663 quamvis
1274 1604 1343 1645 non
1360 1585 1497 1666 ederet,
1523 1595 1642 1647 tamen
1663 1596 1784 1666 aptam
1806 1586 1840 1647 in
1863 1587 1923 1646 do-

182 3410 327 3472 nasterii
353 3423 388 3471 et
411 3411 517 3490 paulo
541 3421 623 3491 post
647 3411 861 3473 secretarius
882 3432 907 3473 r.
929 3433 955 3473 r.
980 3414 1011 3474 d.
1093 3408 1220 3469 Latina
1243 3409 1310 3470 sibi
1327 3418 1399 3471 tam
1415 3409 1647 3471 familiaribus
1664 3410 1856 3492 discipulos
1873 3413 1924 3475 in-

183 3532 325 3593 abbatis
341 3532 560 3613 designatus
575 3532 720 3613 insuper
733 3552 853 3594 mense
865 3532 1013 3596 Octobri
1094 3532 1266 3607 struebat,
1283 3531 1386 3610 unde,
1409 3531 1627 3612 aliquantulo
1648 3532 1793 3595 liberius
1814 3534 1924 3597 otium

184 3673 229 3714 cx
246 3654 572 3734 grammaticalibus
589 3654 762 3716 classibus
784 3657 830 3716 ad
852 3656 1014 3718 docenda
1053 3674 1056 3745 1
1094 3662 1229 3733 nactuS,
1253 3652 1416 3713 hilariore
1441 3653 1566 3714 iterum
1587 3653 1703 3716 animo
1725 3654 1844 3717 iocosa
1861 3677 1924 3718 sua

183 3775 389 3835 humaniora
414 3786 621 3857 provectus,
645 3777 716 3837 late
740 3776 806 3837 sibi
831 3785 1013 3858 patentem
1053 3752 1056 3869 1
1094 3773 1250 3834 carmina
1274 3792 1402 3834 canere
1428 3773 1555 3855 coepit,
1580 3775 1615 3835 in
1640 3776 1768 3855 quibus
1792 3778 1924 3838 rustica

184 3895 378 3957 officiorum
403 3896 564 3976 campum
589 3897 736 3959 invenit:
761 3897 941 3959 archivum
968 3919 1014 3960 ex
1054 3874 1057 3981 1
1094 3895 1153 3956 illa
1169 3895 1483 3976 apophthegmata,
1500 3896 1669 3958 brevibus
1683 3907 1835 3977 quatuor
1847 3918 1924 3960 ver·

183 4018 375 4079 miserabili
399 4029 496 4080 strue
523 4019 558 4080 in
586 4019 745 4081 ordinem
768 4020 1013 4102 redigendum,
1054 3988 1057 4099 1
1095 4017 1192 4077 sibus
1205 4017 1558 4099 absoluta,singulari
1572 4019 1677 4079 laude
1690 4018 1922 4094 nominentur.

186 4140 326 4220 singula
354 4141 566 4201 documenta
590 4141 763 4221 notanda,
790 4152 839 4220 et,
864 4162 955 4222 quae
979 4142 1014 4203 in
1054 4132 1057 4216 1
1095 4140 1165 4200 Ast
1181 4139 1447 4200 1011111111101851
1465 4140 1567 4220 gravi
1581 4140 1858 4220 tussilaboranS,
1873 4141 1923 4202 111-

184 4261 271 4341 ipsis
285 4262 540 4341 contineantur,
554 4263 600 4322 ad
614 4281 758 4324 succum
771 4264 895 4325 saltem
910 4264 945 4325 in
958 4284 1015 4326 ca·
1054 4227 1057 4365 1
1095 4262 1298 4322 valescente
1315 4263 1438 4323 morbo
1455 4280 1575 4322 mense
1588 4261 1718 4322 Martio
1737 4266 1826 4342 1852,
1844 4282 1924 4343 pro-

186 4384 343 4464 talogum
361 4383 562 4454 referenda;
584 4384 618 4445 in
635 4384 756 4445 schola
773 4404 902 4446 novum
919 4385 1014 4447 ideo·
1053 4376 1056 4441 l
1094 4381 1232 4443 sessura
1249 4402 1314 4463 pro
1330 4382 1550 4444 restituenda
1571 4382 1724 4444 sanitate
1741 4383 1922 4465 derelicta,

185 4524 254 4585 que
267 4504 448 4566 sinistrum
461 4503 576 4565 adhuc
589 4523 739 4586 pensum
749 4508 1013 4587 praestandum,
1094 4504 1277 4564 Badenam
1302 4523 1339 4563 se
1361 4503 1519 4582 contulit,
1544 4503 1572 4563 si
1597 4501 1689 4564 forte
1714 4504 1924 4584 campestris

185 4627 279 4706 quod
297 4636 396 4688 tanto
413 4625 591 4687 difficilius
606 4625 683 4706 fuit,
710 4645 779 4706 quo
800 4627 914 4688 minus
934 4627 1013 4689 libri
1053 4578 1055 4697 1
1094 4625 1154 4687 aiir
1174 4627 1219 4685 ad
1237 4625 1410 4686 medelam
1431 4624 1697 4706 percipiendam
1718 4626 1924 4707 profuturus

184 4758 268 4809 tunc
285 4749 455 4830 temporis
478 4747 730 4828 discipulorum
755 4748 916 4809 manibus
940 4749 1012 4810 triti
1053 4722 1055 4848 1
1094 4758 1203 4821 05501;
1221 4746 1444 4809 nihilominus
1461 4750 1585 4809 eodem
1599 4768 1691 4810 anno
1705 4749 1923 4811 dissertatio·

184 4868 243 4931 fini
258 4870 608 4950 suorespondebant.
622 4869 770 4932 Talibus
780 4870 1013 4933 curisdisten-
1052 4854 1056 4953 1
1094 4890 1173 4931 nem
1201 4871 1245 4931 de
1273 4869 1426 4931 dialecto
1450 4870 1641 4931 Austriaca
1669 4871 1924 4953 programmati

184 5004 241 5054 tus
264 5013 389 5074 parum
417 4992 544 5055 abhinc
567 4992 718 5071 poeseos
743 4991 860 5053 studio
884 5012 1013 5054 vacare
1053 4962 1056 5079 1
1094 4990 1306 5073 gymnasiali
1328 4995 1405 5052 1852
1425 4991 1649 5053 inserendam
1666 4992 1764 5073 typis
1780 4994 1924 5054 manda-

185 5114 310 5196 potuit.
335 5115 519 5176 lnsudavit
543 5115 688 5175 sedulus
712 5113 930 5175 archivarius
954 5133 1014 5175 an·
1093 5115 1156 5196 vit,
1181 5151 1222 5159 —
1247 5115 1331 5195 quin
1358 5133 1448 5194 opus
1472 5113 1595 5175 videre
1622 5113 1820 5195 perfectum
1848 5115 1924 5177 dira

185 5238 324 5298 nalibus
337 5236 540 5298 monasterii
558 5235 796 5316 elaborandis,
813 5244 920 5316 prout
936 5234 1014 5315 ipse
1094 5256 1188 5299 mors
1212 5236 1280 5316 ipsi
1304 5238 1525 5299 concederet.
1554 5236 1692 5298 Phthisi
1719 5238 1924 5316 pulmonum

185 5358 223 5421 E.
241 5356 446 5419 Hauswirth
471 5357 505 5419 in
531 5377 639 5438 opere
661 5377 724 5420 suo
753 5356 901 5441 ,Abriss
919 5356 1015 5419 einer
1054 5360 1057 5431 1
1095 5357 1278 5420 confectus
1295 5359 1444 5420 Badena
1460 5358 1607 5420 revertit
1624 5367 1670 5439 et,
1687 5378 1779 5420 anno
1795 5358 1924 5421 aetatis

1666 5462 1699 5524 56
