4178 6196
988 421 1269 487 -116-

258 622 470 694 clesiastico;
495 621 650 702 itemque
672 621 716 682 de
736 621 899 704 Liturgia
919 621 1086 683 Aleman-

255 745 344 808 nica.
362 745 561 825 Utrumque
575 763 665 825 opus
679 744 724 806 ad
737 764 801 806 sua
818 753 854 806 et
870 744 1086 806 eruditorum

255 877 341 929 vota
371 875 495 928 exacte
526 864 733 948 perficiendi
764 886 888 948 causa,
920 887 1087 952 magnam

256 989 479 1069 Germaniae,
496 988 620 1051 Italiae
634 999 670 1051 et
683 987 822 1051 Galliae
833 1000 972 1070 partem
985 1009 1087 1070 pera-

255 1111 384 1193 gravit,
405 1120 541 1172 sumtus
562 1110 608 1172 ad
624 1129 667 1171 ea
683 1109 810 1172 itinera
832 1109 985 1172 libenter
1005 1108 1092 1172 sub-¹

255 1232 476 1295 ministrante
493 1233 625 1294 abbate
637 1231 834 1314 Meinrado,
852 1232 912 1313 qui
929 1252 1008 1294 eum
1025 1253 1087 1314 po-

257 1354 429 1417 tissimum
438 1353 474 1416 in
483 1353 588 1416 finem
597 1354 871 1437 typographiam
880 1354 1086 1417 interaedes

256 1486 452 1539 conventus
465 1474 715 1539 San-Blasiani
728 1477 877 1559 induxit,
896 1486 934 1539 ut
946 1477 1087 1559 religio-

256 1599 305 1661 sis
327 1599 400 1661 suis
424 1599 469 1661 ad
492 1599 699 1661 scribendos
725 1598 834 1661 libros
857 1599 1012 1662 animum
1034 1600 1086 1662 fa-

257 1731 364 1785 ceret.
399 1721 459 1783 Ad
491 1722 671 1802 praelatos
703 1720 914 1784 Germaniae
949 1723 1086 1785 litteras

255 1843 562 1906 commendatitias
596 1845 642 1905 ab
668 1844 945 1907 eminentissimo
974 1846 1087 1930 cardi-

1167 621 1326 683 corrasis.
1344 619 1588 681 Bibliothecae
1601 640 1731 703 curam,
1746 621 1922 702 quamdiu
1935 622 1999 683 ab·

1166 763 1258 825 sens,
1279 742 1381 805 alteri
1402 742 1542 804 interim
1562 743 1763 824 reliquerat,
1787 743 1914 806 iterum
1935 744 1999 805 ad-

1166 864 1300 946 sumsit,
1325 864 1481 946 nihilque
1503 865 1616 927 minus
1638 867 1797 947 optabat,
1822 886 1929 948 quam
1950 866 1997 927 ad

1166 985 1358 1050 honorifica
1374 985 1501 1067 officia,
1518 1006 1609 1068 quae
1621 990 1667 1049 ab
1680 988 1757 1050 aliis
1770 1007 1879 1070 saepe
1892 987 1998 1050 avide

1167 1117 1393 1190 expetuntur,
1410 1109 1620 1188 promoveri.
1644 1108 1723 1190 Quo
1739 1129 1826 1171 vero
1842 1129 1997 1172 commo-

1166 1232 1261 1293 tione
1270 1230 1390 1312 aliqua
1399 1231 1556 1311 corporis
1569 1231 1712 1293 sanitati
1723 1233 1906 1294 consulere
1915 1252 1998 1313 pos-

1166 1363 1237 1435 set,
1270 1374 1354 1416 cura
1380 1353 1575 1415 animarum
1602 1354 1638 1415 in
1665 1353 1997 1435 Menzenschwand,

1167 1496 1271 1557 quam
1288 1495 1307 1537 e
1323 1475 1537 1537 monasterio
1554 1475 1745 1538 sustineret
1762 1478 1997 1558 excurrendo,

1165 1598 1213 1660 illi
1230 1599 1416 1660 commissa
1432 1598 1509 1679 fuit,
1533 1599 1747 1680 peroptanti,
1771 1609 1811 1661 ut
1832 1600 1997 1662 omnibus

1165 1720 1262 1782 vitae
1278 1739 1364 1781 suae
1381 1719 1482 1806 annis
1498 1720 1624 1782 studiis
1644 1720 1839 1783 litterarum
1855 1740 1997 1802 vacare,

1166 1854 1202 1905 et
1219 1862 1309 1924 quae
1322 1843 1439 1905 animo
1452 1853 1676 1925 conceperat,
1692 1843 1864 1906 litteraria
1876 1863 1997 1926 opera,

255 1967 335 2028 nale
348 1967 392 2027 de
405 1967 507 2028 Rodt
522 1967 699 2028 ordinario
716 1987 780 2029 suo
797 1968 933 2050 detulit,
951 1969 1009 2050 qui
1027 1990 1087 2032 an·
1125 1982 1127 2105 p
1165 1967 1264 2048 prelo
1277 1965 1496 2028 committere
1508 1974 1640 2047 posset,
1658 1967 1721 2027 sed
1738 1965 1842 2028 aliter
1857 1966 1999 2047 superis

256 2098 315 2149 tea
330 2086 370 2148 P.
387 2087 579 2149 Martinum
595 2087 788 2151 honorifico
804 2089 908 2152 titulo
927 2091 1087 2172 theologi
1166 2088 1282 2150 visum
1298 2096 1362 2150 est.

256 2211 361 2273 aulici
377 2220 577 2274 ornaverat.
601 2211 661 2272 Ad
677 2211 899 2274 invisendam
914 2233 1000 2275 vero
1016 2213 1087 2275 Ita-

255 2333 339 2394 liam
366 2334 411 2394 ab
439 2333 675 2395 illustrissimo
707 2334 835 2397 comite
861 2334 1014 2416 Iosepho
1042 2337 1086 2398 de

257 2454 438 2536 Garampi,
455 2455 684 2518 secretiorum
705 2457 928 2519 archivorum
946 2457 1086 2520 Romae

256 2578 449 2660 praefecto,
473 2587 599 2660 postea
620 2579 742 2641 nuntio
765 2580 962 2660 apostolico
978 2580 1087 2643 Vien-

256 2719 323 2761 nae
340 2709 416 2762 etr.
435 2720 464 2762 e.
481 2700 651 2762 cardinali
668 2700 734 2762 fuit
750 2701 925 2784 inductus,
943 2703 999 2764 cui
1015 2703 1087 2765 Iter

256 2840 358 2884 suum
393 2822 554 2884 Italicum
589 2822 779 2904 inscripsit.
816 2823 903 2887 Cum
939 2825 1087 2887 eruditis

256 2944 501 3007 Benedictinis
532 2947 822 3028 congregationis
852 2967 880 3011 s.
907 2947 1024 3009 Mauri
1050 2947 1087 3009 in

141 3077 147 3093 '
257 3065 373 3129 Gallia
390 3067 449 3129 diu
470 3067 539 3129 iam
559 3079 665 3130 antea
685 3069 931 3131 commercium
953 3069 1087 3131 littera-

256 3209 332 3251 rum
355 3190 493 3272 habuit,
522 3202 629 3271 atque
654 3210 673 3252 e
697 3189 813 3253 Gallia
836 3192 951 3253 redux
973 3192 1087 3253 abbas

257 3310 364 3373 etiam
388 3311 617 3375 continuavit.
647 3311 706 3375 Sic
730 3312 873 3394 factum,
898 3324 936 3376 ut
961 3324 1087 3395 poten-

256 3441 330 3494 tum
343 3431 521 3515 suffragiis
538 3435 825 3515 eruditorumque
842 3435 971 3498 mutuis
987 3437 1088 3499 auxi-

258 3553 313 3616 liis
330 3554 464 3616 munito
484 3555 721 3618 bibliothecae
743 3568 779 3618 et
794 3558 940 3620 archiva
956 3559 1087 3640 ubique

256 3686 432 3757 paterent,
450 3678 578 3740 eruditi
590 3699 684 3759 vero,
698 3679 861 3760 aquibus
877 3679 912 3743 in
925 3682 1087 3762 publicas

258 3798 448 3860 societates
457 3799 648 3862 litterarias
657 3801 769 3863 amice
779 3802 1000 3865 introductus
1010 3803 1086 3885 fuit,

258 3919 417 3982 eiusdem
427 3920 617 3984 amicitiam
631 3931 666 3984 et
675 3924 870 3985 studiorum
880 3925 1087 3988 societatem

258 4041 326 4103 sibi
342 4054 563 4124 expeterent.
580 4043 758 4107 Monachii
772 4056 808 4108 et
819 4046 995 4110 Roboreti
1008 4068 1088 4110 aca-

259 4165 397 4227 demiae
427 4166 619 4228 litterariae
655 4168 786 4230 sodalis
817 4170 979 4232 adlectus
1009 4170 1087 4252 fuit,

259 4306 363 4367 quem
372 4290 522 4370 gradum
534 4291 677 4352 honoris
685 4292 856 4371 posthaec
866 4293 984 4374 plures
997 4293 1087 4355 aliae

258 4409 294 4471 in
307 4407 499 4472 Germania
511 4420 547 4472 et
559 4411 662 4474 Italia
675 4413 878 4475 academiae
894 4434 963 4476 non
981 4435 1088 4496 quae-

258 4532 350 4594 renti
366 4533 457 4595 ultro
478 4533 689 4597 detulerunt.
715 4535 785 4597 Tot
806 4535 842 4598 in
864 4536 1088 4599 bibliothecis

259 4662 296 4715 et
318 4654 470 4716 archivis
491 4656 641 4736 publicis
665 4666 701 4719 et
724 4657 873 4738 privatis
892 4679 961 4721 non
983 4661 1087 4722 modo

259 4775 418 4858 plurima,
438 4797 529 4858 quae
551 4779 597 4840 ad
618 4799 720 4842 usum
737 4799 815 4842 esse
832 4791 1008 4864 poterant,
1026 4802 1087 4845 ex-

260 4897 391 4978 cerpsit
412 4918 453 4960 ac
475 4899 678 4982 descripsit,
702 4904 766 4963 sed
789 4912 825 4965 et
847 4903 1006 4986 integros
1030 4924 1087 4967 co·

260 5018 358 5081 dices
374 5031 496 5084 mutuo
516 5034 577 5086 aut
594 5025 686 5086 dono
702 5025 851 5107 accepit,
873 5027 1012 5108 aliaque
1032 5048 1087 5089 ra-

260 5139 355 5203 tione
379 5154 547 5225 acceptos
573 5148 713 5209 domum
735 5149 855 5211 retulit
877 5170 969 5212 anno
997 5154 1087 5232 1762,

261 5271 368 5342 atque
388 5264 423 5325 in
444 5266 601 5329 ordinem
622 5269 786 5352 redigere
802 5272 952 5353 paravit,
974 5273 1089 5335 laetus

261 5390 297 5444 et
308 5383 466 5466 locuples
478 5389 653 5452 thesauris
664 5392 844 5455 litterariis
854 5398 1090 5477 undequaque

1253 2211 1342 2273 Post
1358 2210 1493 2273 obitum
1510 2210 1642 2303 quippe
1659 2210 1800 2273 abbatis
1816 2219 1853 2272 et
1868 2210 1999 2291 princi-

1167 2334 1222 2415 pis
1245 2333 1430 2405 Meinradi‚
1455 2332 1514 2413 qui
1539 2332 1596 2394 die
1624 2353 1671 2394 12.
1695 2331 1774 2395 Oct.
1800 2337 1880 2410 1764
1906 2332 2000 2394 obti-

1167 2466 1279 2541 gerat,
1302 2456 1358 2518 die
1384 2461 1430 2518 15.
1456 2456 1615 2517 eiusdem
1632 2454 1797 2517 Octobris
1818 2455 1858 2519 P.
1875 2455 2000 2518 Marti-

1167 2599 1232 2642 nus
1249 2599 1313 2660 per
1322 2588 1408 2641 vota
1421 2578 1616 2639 eminenter
1631 2577 1765 2638 maiora
1781 2577 1998 2641 confratrum

1167 2721 1309 2763 suorum
1325 2701 1438 2761 abbas
1460 2709 1495 2761 et
1516 2700 1683 2780 princeps
1703 2701 1846 2781 electus,
1872 2700 1929 2762 die
1950 2721 1998 2763 11.

1166 2824 1255 2886 Nov.
1269 2833 1388 2885 autem
1406 2842 1471 2903 per
1484 2822 1697 2884 cardinalem
1716 2825 1759 2884 de
1770 2823 1871 2884 Rodt
1888 2824 1998 2884 abba-

1166 2945 1287 3008 tialem
1314 2943 1599 3006 benedictionem
1624 2944 1773 3025 accepit.
1805 2942 1998 3026 Sequentis

1166 3066 1376 3131 Decembris
1393 3066 1450 3128 die
1463 3071 1491 3128 3.
1509 3066 1545 3128 in
1558 3066 1647 3128 atrio
1660 3066 1751 3128 arcis
1764 3067 1799 3128 in
1814 3067 2002 3129 Bonndorf

1167 3192 1299 3255 subditi
1331 3189 1574 3272 dynastiarum
1600 3189 1798 3270 Bonndorf,
1822 3189 1997 3273 Blusneg-

1167 3335 1247 3397 gen,
1257 3312 1479 3393 Gatterburg
1494 3332 1645 3374 unacum
1658 3321 1776 3373 monte
1789 3312 1998 3374 Beroviensi

1165 3436 1368 3518 homagium
1385 3443 1421 3496 et
1433 3435 1666 3496 iuramentum
1678 3433 1870 3515 fidelitatis,
1887 3445 1924 3498 et
1940 3434 1998 3496 die

1168 3566 1196 3622 6.
1217 3559 1304 3623 Dec.
1325 3557 1496 3620 moniales
1517 3576 1548 3620 0.
1569 3577 1595 3619 s.
1613 3557 1653 3618 B.
1676 3556 1850 3618 Beroviae
1872 3557 1909 3618 in
1933 3577 1998 3618 sua

1167 3680 1318 3744 ecclesia
1344 3680 1554 3741 neo-electo
1582 3680 1703 3740 abbati
1731 3679 1936 3761 homagium
1963 3687 1998 3740 et

1167 3803 1391 3867 obedientiae
1401 3801 1657 3882 professionem
1668 3802 1932 3883 praestiterunt.
1942 3801 1998 3864 In-

1166 3926 1375 3990 vestituram
1394 3934 1512 3987 autem
1529 3924 1564 3986 in
1577 3925 1712 4006 regalia
1725 3925 1759 3986 in
1773 3943 1881 4005 supra
1893 3924 1998 3986 dictis

1168 4047 1344 4132 dynastiis
1364 4067 1457 4110 anno
1478 4050 1558 4126 1766
1579 4067 1644 4127 per
1665 4047 1868 4128 delegatum
1887 4047 1998 4127 impe-

1166 4171 1295 4233 ratoris
1311 4169 1454 4249 Iosephi
1471 4168 1515 4230 II.
1533 4168 1693 4230 obtinuit.
1718 4153 1922 4247 Stupebant
1938 4188 1998 4230 ex-

1159 4294 1280 4363 tranei
1294 4295 1338 4355 de
1353 4292 1525 4354 electione
1534 4290 1688 4371 Martini,
1701 4290 1859 4371 expertis
1871 4292 1997 4353 hucus-

1168 4437 1237 4497 que
1252 4426 1288 4479 et
1300 4415 1454 4497 imperiti
1466 4435 1582 4477 rerum
1594 4413 1838 4494 temporalium
1849 4413 1997 4476 admini-

1168 4538 1359 4621 strationis,
1373 4559 1479 4620 quam
1488 4557 1572 4599 vero
1587 4557 1666 4598 cum
1682 4548 1827 4618 stupore
1842 4537 1996 4599 omnium

1166 4662 1368 4725 felicissime
1385 4661 1507 4743 gessit,
1526 4670 1562 4723 et
1577 4659 1652 4722 fere
1669 4679 1776 4740 supra
1792 4678 1904 4740 spem.
1922 4661 1996 4722 Ab·

1166 4787 1232 4846 bas
1259 4785 1408 4865 primam
1432 4804 1549 4846 curam
1575 4784 1694 4864 posuit
1717 4782 1752 4844 in
1776 4782 1996 4845 restituenda

1167 4909 1264 4970 avita
1281 4907 1468 4988 disciplina
1481 4907 1676 4969 monastica
1689 4904 1949 4970 San-Blasiana
1961 4914 1996 4969 et

1168 5030 1363 5092 condendis
1379 5029 1481 5091 novis
1497 5029 1807 5091 constitutionibus
1829 5029 1995 5092 monasti-

1169 5151 1419 5234 co-religiosis,
1451 5151 1579 5232 quibus
1607 5151 1732 5232 pietati
1759 5160 1795 5213 et
1821 5152 1995 5233 profectui

1169 5274 1291 5338 morali
1312 5274 1544 5357 singulorum,
1565 5274 1665 5356 pacis
1690 5274 1937 5354 tranquillitati
1960 5282 1994 5337 et

1170 5396 1276 5459 saluti
1314 5397 1422 5461 totius
1461 5395 1747 5479 congregationis
1786 5398 1993 5460 consuleret.
