4178 6196
897 465 1177 536 -371-

170 673 197 715 s.
222 652 418 732 Benedicti,
447 651 647 713 omnimode
674 654 846 733 probatus
870 665 934 736 est,
963 664 998 716 et

170 785 254 837 tunc
281 776 421 836 demum
446 775 493 835 ad
516 773 700 835 sollemnia
723 774 899 838 admissus
914 786 999 839 vota

175 903 222 960 13.
233 895 311 961 Oct.
326 901 406 959 1816
416 906 513 958 totus
521 895 599 957 Deo
609 915 648 958 se
658 895 883 977 mancipavit.
900 897 1000 959 Tunc

170 1018 392 1083 Olomucium
415 1018 575 1100 mittitur,
596 1028 635 1081 ut
658 1019 861 1101 theologica
883 1019 1001 1082 studia

169 1140 296 1222 finiret,
321 1143 417 1222 quod
440 1160 510 1203 non
534 1140 646 1203 solum
669 1140 832 1218 examine
857 1141 1001 1221 publico

170 1263 308 1325 cunctis
317 1262 907 1345 adprobantibuspraestitit,immo
916 1282 1001 1326 vero

171 1385 365 1448 tentamine
385 1405 431 1447 ex
452 1385 623 1467 religione
648 1396 684 1449 et
707 1385 932 1466 philosophia
954 1387 1000 1448 ad

171 1507 321 1570 docendi
334 1527 460 1569 munus
471 1507 695 1570 habilitatem
708 1517 763 1570 est
774 1518 910 1571 nactus.
926 1508 1002 1571 Re·

171 1629 310 1693 siduum
329 1629 499 1710 temporis
515 1631 561 1692 ad
574 1631 859 1712 perlustrandam
874 1630 1000 1692 biblio·

171 1754 310 1816 thecam
331 1752 471 1834 sibique
492 1753 528 1814 in
548 1753 653 1814 huius
675 1753 818 1834 generis
841 1753 1002 1815 laborum

171 1876 445 1939 nanciscendam
472 1875 657 1939 scientiam
681 1875 882 1959 dedicabat,
906 1877 1002 1957 quod

171 2007 436 2080 peropportune
464 1997 661 2061 Benedicto
692 2008 814 2061 nostro
843 2007 1000 2060 venerat.

172 2119 367 2184 Ordinatus
384 2120 476 2183 enim
491 2124 520 2183 5.
532 2120 610 2185 Oct.
625 2125 702 2199 1817
717 2140 782 2201 per
794 2120 1000 2202 episcopum

171 2243 391 2305 Brunensem
404 2245 594 2325 presbyter
607 2252 643 2305 et
654 2242 818 2325 primitiis
838 2264 885 2320 19.
899 2243 1001 2305 huius

171 2365 206 2427 in
238 2365 325 2427 solio
357 2365 474 2447 patrio
505 2365 711 2447 celebratis,
742 2364 1001 2428 bibliothecarii

171 2507 317 2550 munere
333 2489 532 2569 decoratur,
549 2487 650 2550 cuius
665 2497 787 2569 partes
803 2487 1001 2550 omnimode

172 2610 322 2691 explens
346 2630 410 2691 per
433 2609 622 2673 triennium
649 2610 851 2693 catalogum
876 2608 1002 2671 funda·

171 2733 361 2797 mentalem
389 2744 425 2795 et
452 2733 640 2795 litteralem
667 2733 821 2795 omnium
849 2743 933 2795 tunc
956 2731 1002 2793 ad

173 2875 280 2918 aoooo
299 2864 582 2935 computatorum
603 2855 772 2917 librorum
793 2851 946 2916 confecit
966 2862 1003 2915 et

172 2977 241 3040 iam
251 2977 319 3039 iam
328 2978 375 3039 ad
384 2976 650 3059 systematicum
660 2976 952 3039 conscribendum
963 2995 1002 3037 se

171 3099 337 3181 accinxit,
348 3120 454 3181 quum
468 3119 514 3161 ex
526 3101 694 3162 mandato
707 3099 850 3162 abbatis
865 3098 928 3179 sui,
942 3098 1002 3180 qui

171 3223 380 3306 obligationi
410 3223 515 3285 trium
542 3222 835 3285 monasteriorum
861 3243 888 3287 s.
910 3223 1002 3285 Tho·

172 3346 312 3426 mensis,
329 3346 613 3409 Neo·rischensis
630 3356 666 3409 et
682 3345 793 3408 nostri
810 3356 850 3409 ut
865 3345 1002 3427 profes·

171 3487 289 3531 sorum
306 3468 495 3530 cathedras
514 3469 550 3530 in
571 3467 733 3531 instituto
753 3468 1000 3550 philosophico
1033 3460 1036 3466 Δ

171 3589 347 3652 Brunensi
378 3588 451 3651 suis
482 3589 679 3672 deferrent,
711 3589 1001 3652 satisfaciendum

173 3731 311 3793 curans,
328 3712 562 3775 Benedictum
578 3723 735 3776 nostrum
749 3713 794 3775 ad
806 3715 874 3775 hoc
886 3732 1001 3795 genus

169 3836 330 3898 laborum
347 3835 549 3900 destinavit.
573 3836 678 3899 Votis
700 3837 843 3899 abbatis
864 3835 917 3898 sui
939 3838 1001 3899 ob-

170 3960 367 4021 secundare
410 3958 541 4019 nullam
583 3958 702 4021 attulit
744 3957 1000 4026 difficultatem.

171 4080 389 4143 Benedictus
413 4081 506 4143 enim
530 4101 595 4162 per
618 4082 805 4144 decursum
830 4101 1001 4144 annorum

171 4203 419 4285 philosophiae
432 4213 467 4265 et
476 4203 658 4285 religionis
667 4203 837 4267 scientiae
846 4205 1001 4267 studium

172 4345 312 4408 semper
324 4326 493 4407 coluerat,
506 4346 654 4408 quarum
671 4326 778 4388 etiam
795 4327 999 4389 cathedram

172 4449 373 4532 eligendam
384 4449 603 4512 decreverat.
618 4448 791 4511 Examine
803 4469 890 4533 ergo
898 4468 1001 4531 prae·

172 4572 268 4634 claro
285 4591 332 4633 ex
347 4571 513 4634 universa
533 4571 759 4654 philosophia
778 4572 814 4635 in
830 4572 1001 4635 universi·

173 4702 247 4756 tate
258 4691 490 4756 -Olomucensi
508 4698 559 4756 25.
576 4693 666 4758 Nov.
687 4697 768 4774 1819
792 4704 829 4757 et
853 4715 899 4757 ex
921 4695 1001 4758 reli-

172 4815 288 4898 gionis
301 4816 449 4879 scientia
460 4835 488 4896 7.
499 4816 585 4881 Dec.
596 4786 755 4880 eiusdem
768 4816 851 4879 anni
859 4817 1005 4885 Brunae

172 4947 334 5021 peracto,
358 4939 458 5002 initio
485 4939 567 5002 anni
592 4939 795 5003 scholastici
818 4939 999 5021 sequentis

172 5059 385 5141 professoris
397 5081 523 5124 munus
535 5061 570 5124 in
583 5061 745 5125 instituto
755 5061 1009 5143 philosophico-

172 5182 350 5245 Brunensi
366 5194 421 5246 est
436 5185 640 5267 adgressus,
656 5203 772 5266 neque
787 5183 842 5247 his
858 5194 1001 5247 conten-

171 5291 367 5387 tus,etia1i1
389 5307 640 5389 paedagogiae
660 5308 865 5370 cathedram
891 5307 1001 5369 ambi·

172 5428 245 5508 bat,
262 5438 345 5507 post
361 5427 556 5491 discessum
568 5427 753 5491 directoris
766 5429 909 5492 scholae
921 5448 1001 5491 nora
1039 5484 1042 5494 .

1079 653 1181 716 malis
1208 652 1348 715 nomine
1374 652 1535 717 Schiiller
1561 664 1759 719 vacantem.
1792 653 1912 736 Quare

1079 777 1125 838 ad
1141 796 1271 838 novum
1285 796 1331 838 ex
1343 775 1528 858 praedicta
1543 777 1692 839 materia
1708 796 1858 863 examen
1871 798 1911 840 se

1080 897 1249 979 accinxit,
1282 908 1318 961 et
1348 897 1545 961 tentatione
1576 898 1802 961 scientiarum
1833 900 1911 963 eius

1081 1017 1256 1082 Olomucii
1277 1025 1313 1085 o.
1336 1021 1400 1085 Iul.
1431 1024 1510 1083 1826
1537 1031 1700 1102 peracta,
1727 1022 1908 1104 professor

1080 1142 1204 1204 harum
1217 1142 1442 1206 materiarum
1450 1142 1567 1206 factus
1576 1154 1641 1207 est.
1654 1144 1775 1206 Trium
1783 1146 1912 1208 lustro·

1081 1283 1158 1325 rum
1180 1264 1344 1345 spatium,
1368 1265 1463 1345 quod
1478 1264 1630 1328 Richter
1650 1264 1832 1347 professor
1847 1287 1909 1349 pu-

1081 1385 1195 1448 blicus
1218 1386 1253 1448 in
1277 1376 1440 1449 instituto
1463 1388 1709 1470 philosophico
1733 1389 1910 1453 Brunensi

1080 1507 1269 1589 transegit,
1295 1507 1386 1570 inter
1407 1508 1678 1572 iucundissimos
1704 1531 1790 1574 suae
1813 1514 1911 1577 vitae

1081 1649 1193 1692 annos
1220 1650 1361 1712 semper
1387 1633 1575 1695 recensuit.
1607 1633 1653 1695 Et
1675 1633 1760 1700 iure.
1788 1635 1911 1698 Verbo

1082 1751 1174 1814 enim
1192 1762 1227 1815 et
1243 1755 1409 1833 exemplo
1426 1755 1533 1817 corda
1545 1756 1763 1819 audientium
1780 1768 1816 1821 et
1832 1777 1912 1820 sen·

1082 1894 1142 1937 sus
1158 1875 1225 1938 sibi
1239 1875 1462 1939 devinciendi
1474 1879 1673 1961 peroptime
1685 1900 1828 1963 gnaruS,
1844 1901 1910 1944 nec

1081 2016 1151 2059 non
1169 1998 1322 2060 omnium
1339 1999 1475 2063 illorum
1496 2000 1702 2083 indigentiis
1722 2005 1911 2066 consulens

1080 2120 1176 2182 haud
1192 2141 1326 2202 paucos
1342 2121 1489 2185 iuvenes
1504 2122 1588 2186 forti
1603 2144 1708 2187 manu
1728 2125 1763 2188 in
1780 2126 1839 2188 via
1856 2144 1913 2189 sa-

1082 2241 1164 2304 lutis
1186 2253 1260 2305 tum
1284 2245 1442 2326 corporis
1465 2256 1539 2308 tum
1560 2248 1699 2310 animae
1722 2248 1911 2331 dirigebat.

1081 2363 1137 2426 Ex
1154 2366 1362 2430 collectione
1378 2387 1443 2430 sua
1458 2369 1632 2434 industria
1644 2370 1741 2434 facta
1752 2371 1913 2435 subsidia

1081 2487 1258 2571 fundavit,
1283 2491 1328 2552 de
1351 2490 1477 2571 quibus
1498 2493 1714 2556 bibliotheca
1737 2496 1784 2556 ad
1809 2514 1911 2558 usum

1081 2612 1298 2674 studentium
1315 2612 1520 2695 erigeretur,
1538 2623 1574 2676 et
1590 2615 1729 2697 aegroti
1742 2616 1834 2679 lecto
1851 2618 1911 2679 de·

1081 2736 1289 2798 cumbentes
1313 2746 1606 2800 sustentarentur.
1635 2737 1717 2804 Non
1738 2738 1908 2801 minorem

1082 2857 1149 2919 sibi
1164 2859 1305 2920 laudem
1322 2859 1510 2941 acquisivit
1525 2880 1591 2923 sua
1611 2859 1783 2924 industria
1799 2861 1834 2923 in
1852 2880 1909 2924 co·

1081 2980 1187 3043 lenda
1207 2980 1329 3063 lingua
1345 2984 1536 3045 vernacula
1553 2982 1710 3065 Slavica,
1731 3003 1802 3064 quo
1818 2993 1906 3046 tem-

1081 3122 1168 3185 pore
1200 3103 1354 3165 studium
1380 3104 1483 3167 huius
1510 3106 1625 3167 adhuc
1656 3104 1691 3167 in
1723 3106 1909 3168 cunabulis

1082 3235 1168 3288 erat.
1192 3226 1350 3307 Ipsemet
1366 3227 1508 3309 proprio
1520 3227 1637 3290 Marte
1652 3226 1911 3310 praelectiones

1080 3346 1184 3409 huius
1207 3347 1384 3410 idiomatis
1406 3350 1563 3411 habebat
1586 3360 1639 3431 et,
1664 3350 1760 3431 quod
1782 3351 1910 3411 hucus-

1082 3489 1152 3551 que
1167 3469 1365 3532 inauditum
1381 3480 1467 3551 erat,
1490 3471 1546 3533 die
1571 3470 1806 3552 depositionis
1830 3490 1911 3534 cae·

1082 3610 1206 3653 saraae
1226 3590 1423 3654 maiestatis
1439 3592 1619 3670 Franci-sci
1636 3594 1662 3656 I.
1685 3593 1910 3675 imperatoris
1947 3572 1953 3580 ’

1081 3713 1117 3775 in
1141 3712 1293 3776 ecclesia
1317 3732 1344 3777 s,
1368 3714 1466 3777 Petri
1489 3714 1524 3778 in
1548 3717 1674 3778 eadem
1696 3715 1820 3801 lingua
1846 3737 1912 3798 pro

1081 3835 1251 3898 concione
1271 3835 1377 3917 dixit,
1401 3837 1437 3899 id
1461 3839 1557 3919 quod
1581 3837 1687 3900 etiam
1711 3839 1809 3921 typis
1832 3858 1913 3920 pro·

1080 3958 1264 4041 mulgavit.
1289 3959 1397 4021 Anno
1419 3980 1469 4038 24.
1485 3960 1591 4024 Mart.
1612 3965 1691 4040 1834
1713 3961 1821 4025 subiit
1844 3962 1914 4024 Be·

1080 4081 1244 4143 nedictus
1267 4080 1419 4145 Richter
1441 4091 1621 4146 tentamen
1644 4082 1842 4166 rigorosum
1865 4102 1911 4146 ex

1080 4204 1228 4268 historia
1236 4204 1436 4287 universali,
1449 4209 1498 4269 26.
1507 4204 1611 4268 Mart.
1626 4225 1671 4268 ex
1684 4205 1912 4285 philosophia

1082 4327 1279 4390 theoretica
1295 4337 1332 4390 et
1346 4328 1516 4410 practica,
1536 4334 1588 4391 30.
1605 4328 1668 4391 Iul.
1690 4345 1735 4389 ex
1751 4325 1911 4408 physica,

1082 4471 1111 4512 2.
1128 4450 1222 4533 Aug.
1246 4471 1292 4513 ex
1308 4451 1458 4513 mathesi
1478 4449 1514 4512 in
1535 4449 1628 4514 univ.
1646 4448 1912 4512 Carmo-Fordi-

1080 4574 1221 4635 nandea
1237 4573 1377 4655 Pragae
1395 4582 1430 4635 et
1447 4577 1475 4635 8.
1492 4572 1586 4654 Aug.
1604 4592 1675 4653 qua
1691 4573 1816 4635 doctor
1831 4573 1909 4653 phi·¹

1079 4694 1263 4775 losophiae
1276 4704 1312 4757 et
1323 4694 1452 4756 artium
1467 4693 1664 4756 liberalium
1679 4693 1811 4758 ibidem
1824 4714 1906 4776 pro·

1080 4826 1197 4879 motus
1213 4827 1322 4879 est-
1337 4815 1475 4878 cunctis
1491 4816 1807 4898 applaudentibus;
1824 4817 1909 4880 scri·

1080 4938 1133 5001 bit
1153 4939 1310 5001 decanus
1330 4937 1526 5001 facultatis:
1555 4975 1596 4985 -
1623 4938 1756 5020 primus
1784 4941 1909 5002 doctor

1081 5059 1327 5141 philosophiae
1349 5061 1493 5142 publice
1512 5071 1695 5143 promotus
1716 5060 1808 5125 inter
1823 5062 1912 5126 Rai-

1081 5184 1305 5266 gradiensesl
1331 5184 1439 5246 Brevi
1454 5195 1537 5266 post
1553 5186 1688 5247 electus
1704 5196 1760 5248 est
1776 5185 1910 5248 sodalis

1081 5327 1102 5369 a
1118 5326 1210 5371 caes.
1220 5326 1294 5390 reg.
1304 5304 1487 5371 Moravica
1499 5327 1541 5370 ac
1554 5305 1727 5372 Silesiaca
1739 5308 1911 5373 societate

1080 5430 1126 5491 ad
1144 5431 1421 5511 promovendam
1439 5449 1513 5493 rem
1529 5429 1717 5513 agrariam,
1729 5429 1913 5494 scientiam

1285 5534 1289 5541 ¹
1652 5539 1705 5597 47·
