4178 6196
902 453 1182 520 -22,..

172 640 262 699 1855.
288 635 417 701 Statim
439 637 567 700 deinde
589 657 694 700 curae
718 637 912 699 animarum
939 637 1000 699 ad-

168 770 300 841 motuS,
329 780 408 822 cum
431 759 538 823 Ienoe
563 760 597 821 in
620 760 806 843 Hungaria
831 778 1000 840 coopera-

168 892 281 945 torem
306 881 442 965 egisset
462 902 528 964 per
550 887 567 945 8
590 902 711 963 annos,
740 886 816 944 1861
842 882 1000 965 eiusdem

170 1016 292 1086 partes
319 1004 433 1088 gessit
464 1006 510 1066 ad
537 1025 563 1067 s.
593 1003 799 1067 Udalricum
826 1005 999 1085 Viennae,

173 1132 253 1206 1869
276 1127 310 1189 in
330 1127 583 1190 monasterium
604 1127 728 1210 redux,
750 1127 863 1190 curati
884 1136 920 1190 et
943 1147 1000 1188 ca·

168 1250 333 1311 techetae
361 1268 488 1311 munus
516 1248 690 1331 suscepit,
720 1250 815 1331 quod
843 1249 999 1311 iniuncto

174 1375 249 1450 1871
271 1370 455 1433 sacristiae
471 1370 657 1433 directoris
678 1370 795 1434 officio
816 1373 999 1453 hucusque

169 1493 360 1576 diligenter
379 1493 482 1575 gerit.
508 1492 715 1575 Complures
736 1504 923 1576 praeterea
944 1514 999 1556 οο-

167 1614 328 1697 01010100,
341 1615 391 1677 uti
401 1615 555 1678 societas
564 1635 585 1676 a
594 1615 747 1696 Iosepho
758 1615 999 1699 Arimathaea,

168 1737 406 1799 Katholisehe
418 1736 634 1818 Ressource,
643 1737 917 1819 Kiinstlerhaus,
927 1739 998 1800 Do·
1013 1733 1017 1742 ’

168 1860 362 1922 nauverein
379 1880 458 1922 eum
475 1860 634 1922 sodalem
652 1859 719 1922 sibi
736 1859 917 1922 addidere.

255 2000 368 2081 Typis
386 2001 511 2063 edidit:

257 2144 279 2200 I.
302 2145 407 2212 Maria,
429 2144 477 2201 die
493 2144 605 2202 Mutter
624 2145 678 2202 der
699 2147 859 2204 Unschuld.
885 2146 999 2204 Gebet·

168 2247 247 2305 buch
276 2248 323 2304 fur
352 2249 399 2304 die
428 2250 712 2307 christkatholische
735 2250 862 2327 Jugend.
894 2247 1000 2329 (Liber

167 2350 313 2432 precum.)
335 2369 345 2409 1
367 2354 426 2410 voi.
445 2355 567 2421 Pestini,
589 2355 678 2429 1857.

256 2476 293 2533 ΙΙ.
312 2476 374 2532 1)οε
388 2474 605 2533 Himmelsbrot
618 2477 691 2534 oder
704 2478 823 2534 11010111-
837 2478 896 2535 11οἀ
909 2480 999 2536 Com·

168 2580 444 2637 munion·Andacht
460 2580 507 2637 fiir
523 2581 716 2638 Katholiken.
734 2580 762 2661 (i.
781 2601 807 2638 e.
825 2584 936 2640 Preces
952 2603 999 2639 ar-

167 2685 274 2741 dentes
291 2704 346 2760 pro
363 2704 387 2740 s.
406 2658 598 2742 confessidne
615 2699 645 2742 et
661 2687 890 2766 communione.)
912 2689 997 2745 1vol.

173 2803 198 2845 1.
212 2789 282 2846 edit.
299 2789 423 2855 Pestini,
444 2789 534 2862 1857,
552 2793 632 2866 typis
648 2792 751 2848 Ioann.
765 2792 855 2849 Hera.
882 2808 909 2849 2.
927 2793 997 2850 edit.

167 2895 312 2960 Viennae,
333 2893 423 2962 1866,
441 2897 521 2971 typis
538 2913 684 2970 congreg.
702 2897 842 2954 Mechith.

259 3016 312 3072 III.
350 3017 593 3091 Descriptionem
631 3021 883 3093 peregrinationis
919 3038 998 3077 anno

172 3119 251 3194 1858
276 3123 340 3176 voti
363 3123 404 3197 pii
428 3121 565 3177 solvendi
587 3140 679 3178 causa
701 3125 730 3179 in
751 3136 859 3180 terram
881 3142 997 3181 sacram

151 3239 329 3302 ·-susceptae
355 3227 438 3300 typis
461 3225 555 3282 edidit
577 3225 634 3283 sub
659 3227 758 3283 titulo:
784 3229 873 3284 Reise
894 3231 923 3284 in
944 3228 998 3285 das

167 3331 277 3404 heilige
293 3328 390 3385 Land.
413 3344 424 3385 1
444 3330 504 3385 vol.
522 3328 564 3386 8⁰.
583 3332 704 3398 Pestini,
725 3330 815 3399 1861,
838 3335 917 3408 typis
934 3333 997 3390 Gu-

166 3437 244 3490 stavi
262 3433 377 3501 Emich,
399 3433 496 3490 dedic.
513 3434 609 3491 rvdss.
627 3434 697 3492 abb.
718 3435 755 3491 ad
772 3435 884 3492 8001οο
900 3436 997 3512 Sigis-

167 3538 286 3595 mundo.

254 3661 304 3717 IV.
326 3661 451 3736 Predigt
467 3659 599 3741 (concio)
616 3681 662 3719 am
680 3664 922 3740 Palmsonntage,
940 3666 998 3723 den

170 3781 220 3823 20.
237 3766 319 3822 Marz
340 3764 421 3839 1864
442 3765 491 3848 bei
514 3766 715 3841 Gelegenheit
737 3768 790 3825 der
805 3769 998 3845 Aufstellung

167 3871 221 3928 des
237 3890 334 3928 neuen
350 3870 536 3928 Altarbildes
553 3868 621 3950 (den
638 3874 790 3931 Kreuztod
802 3874 873 3950 Jesu
886 3875 997 3931 Christi

167 3972 361 4054 darstellend)
383 3979 412 4032 in
428 3976 481 4032 der
498 3976 690 4034 Pfarrkirche
711 3998 746 4034 zu
763 3977 808 4034 St.
825 3979 926 4036 Ulrich
944 3999 997 4054 ge·

169 4080 278 4137 halten.
295 4081 440 4148 Viennae,
461 4073 551 4153 1864,
570 4083 649 4157 typis
667 4101 772 4156 congr.
790 4082 930 4140 Mechith.

254 4211 290 4268 V.
308 4211 371 4267 Das
384 4211 622 4268 Rosenwunder.
636 4213 931 4288 FrommeLegende
943 4233 997 4271 aus

166 4315 235 4372 dem
252 4314 357 4372 Leben
366 4315 427 4382 der
443 4315 572 4389 heiligen
590 4315 756 4374 Elisabeth.
768 4315 807 4393 (i.
825 4336 851 4374 e.
868 4318 997 4375 Miracu·

167 4420 234 4476 losa
246 4419 296 4475 illa
311 4418 503 4477 Elisabethae
516 4438 626 4496 panum
639 4423 667 4477 in
681 4439 767 4478 rosas
781 4422 998 4501 commutatio)

172 4539 183 4580 1
205 4523 265 4580 vol.
289 4521 331 4580 8⁰.
353 4524 497 4591 Viennae,
520 4522 609 4597 1865,
633 4527 713 4601 typis
733 4545 838 4601 congr.
856 4527 997 4583 Mechith.

254 4655 304 4711 Vl.
319 4651 506 4710 Bethlehem!
525 4655 582 4711 Die
591 4656 895 4715 Weihnachtssreude
906 4656 998 4715 110111-

167 4777 232 4815 mer
248 4757 366 4815 Seelen.
392 4756 421 4834 (i.
439 4777 465 4815 e.
487 4757 621 4816 Libellus
642 4760 679 4817 ad
701 4763 887 4820 excitandam
905 4763 998 4818 devo·

167 4866 280 4921 tionem
306 4883 361 4939 pro
388 4877 524 4941 tempore
546 4867 710 4922 nativitatis
734 4867 866 4946 Christi.)
896 4884 920 4925 1.
937 4867 997 4923 vol.

167 4968 211 5025 8⁰.
229 4968 372 5036 Viennae,
394 4967 484 5040 1865,
508 4971 589 5044 typis
606 4983 635 5024 et
650 4984 760 5046 sumpt.
779 4990 883 5046 congr.
900 4972 997 5029 Mech.

254 5091 320 5148 Vll.
346 5090 540 5168 Ephemeridi
561 5092 722 5148 Viennensi
748 5092 829 5148 dicto
857 5095 1000 5164 „Wiener

166 5193 366 5272 Abendpost“
394 5197 531 5252 inseruit:
556 5196 614 5252 Die
638 5197 767 5253 Certosa
789 5196 837 5253 bei
862 5198 998 5254 Florenz.

167 5297 244 5376 (1.0.
270 5299 443 5376 Descriptio
466 5301 611 5357 Certosae
636 5303 809 5358 monasterii
827 5301 1001 5358 Carthusia·

167 5422 274 5459 norum
298 5422 397 5480 prope
422 5401 626 5483 Florentiam.)
654 5404 711 5461 Die
736 5421 765 5478 9.
792 5418 822 5461 et
851 5420 897 5461 10.
921 5405 999 5482 Aug.

1081 660 1160 699 anno
1177 641 1268 715 1878,
1285 662 1312 699 n.
1331 641 1387 700 182
1403 642 1514 715 et183.
1540 677 1572 686 -
1589 645 1692 700 Monte
1702 644 1822 700 Casino,
1840 641 1869 722 (i.
1884 663 1909 701 0.

1082 747 1255 823 Descriptio
1272 750 1445 804 monasterii
1463 750 1490 803 in
1507 762 1608 805 monte
1625 745 1757 827 Casino.)
1775 749 1831 806 Die
1852 765 1909 819 10.,

1086 867 1131 907 11.
1150 865 1179 908 01
1200 867 1246 908 12.
1261 854 1348 909 Mart.
1367 852 1457 926 1879,
1475 872 1502 909 n.
1517 866 1568 926 57,
1582 851 1633 925 58,
1648 868 1699 927 59.
1716 888 1759 896 -
1774 855 1910 912 Censura

1081 974 1205 1031 operum
1228 976 1245 1012 a
1269 956 1321 1013 Dr.
1339 957 1513 1013 Hermanno
1530 957 1691 1014 Zschokke
1712 961 1792 1034 typis
1814 959 1909 1016 edito·

1080 1079 1155 1127 rum,
1180 1061 1512 1135 „Reiseerinncrungen
1533 1080 1587 1117 aus
1604 1060 1860 1118 Siidirankreich“
1880 1077 1910 1120 et

1083 1164 1416 1239 „Reiseerinnerungen
1439 1184 1493 1221 aus
1518 1164 1670 1241 Spanien“
1699 1166 1746 1222 die
1775 1181 1821 1239 19.
1845 1168 1908 1224 lun.

1085 1267 1175 1341 1879,
1193 1288 1220 1323 n.
1243 1283 1311 1341 139.

1166 1373 1247 1430 VIII.
1269 1371 1394 1430 Libellis
1415 1372 1503 1429 dictis
1527 1374 1613 1445 „Alte
1636 1375 1696 1431 und
1712 1394 1788 1431 neue
1806 1376 1906 1461 Welt“

1080 1478 1109 1532 111
1127 1476 1301 1533 Einsiedeln
1318 1480 1398 1553 typis
1415 1477 1562 1534 edendum
1585 1479 1706 1536 tradidit
1723 1483 1908 1556 manuscrip-

1080 1596 1156 1637 tum:
1171 1580 1276 1638 Leben
1285 1582 1343 1637 und
1354 1582 1508 1638 Traumen
1518 1585 1546 1638 in
1555 1583 1633 1639 Pisa.
1648 1580 1677 1662 (i.
1688 1602 1713 1641 0.
1725 1584 1811 1654 Quae
1822 1585 1909 1641 Pisae

1080 1689 1109 1742 in
1126 1685 1201 1743 urbe
1218 1701 1371 1763 expertus,
1394 1705 1534 1762 quaeque
1555 1688 1625 1743 mihi
1645 1690 1811 1745 somniatus
1832 1687 1909 1768 sim.)

1167 1809 1218 1866 IX.
1243 1808 1370 1866 Libellis
1394 1828 1487 1885 porro
1508 1809 1699 1885 theologicis,
1725 1814 1775 1886 qui
1797 1812 1909 1869 Pestini

1080 1915 1159 1988 typis
1187 1911 1368 1980 edebantur,
1400 1913 1571 1988 complures
1603 1914 1688 1971 locos
1719 1916 1908 1974 homileticos

1084 2015 1246 2089 1853—61
1273 2031 1302 2072 01
1325 2018 1390 2073 01110
1406 2020 1630 2074 commentariis
1647 2018 1760 2076 diurnis
1777 2024 1909 2077 carmina

1079 2121 1173 2196 lyrica
1189 2123 1321 2178 inseruit.

1166 2269 1457 2342 Kerschbaum
1474 2282 1789 2348 Maximilianus
1806 2285 1909 2368 (Cre-

1079 2395 1337 2478 mifanensis)
1347 2447 1355 2478 ,
1377 2408 1484 2461 antea
1496 2400 1661 2483 Thomas,
1678 2403 1713 2465 in
1729 2422 1826 2487 pago
1839 2403 1909 2467 Ge·

1079 2526 1197 2580 rotten
1215 2519 1382 2581 Austriae
1405 2519 1580 2584 inferioris
1603 2524 1659 2585 die
1680 2529 1709 2588 3.
1728 2524 1806 2589 Oct.
1829 2532 1907 2591 1805

1079 2650 1184 2702 natus
1201 2642 1374 2704 absolutis
1391 2642 1424 2704 in
1441 2645 1570 2707 scholis
1583 2644 1909 2712 Cremifanensibus

1079 2773 1152 2826 tam
1162 2763 1392 2827 humanitatis
1406 2783 1511 2845 quam
1524 2766 1769 2848 philosophiae
1781 2771 1908 2832 studiis

1079 2908 1105 2948 0.
1123 2888 1283 2949 1101111100
1304 2887 1428 2950 sumsit
1450 2898 1485 2949 et
1505 2889 1714 2952 curriculum
1735 2893 1908 2974 theologi·

1080 3028 1158 3071 cum
1175 3007 1287 3070 Lincii
1304 3028 1468 3071 emensus
1489 3010 1546 3072 die
1564 3032 1614 3090 24.
1632 3010 1731 3092 Sept.
1754 3017 1832 3076 1833
1855 3034 1908 3076 re·
1957 3077 1960 3084 ,

1079 3132 1238 3213 gularem
1252 3131 1360 3194 vitam
1374 3131 1557 3213 professus
1570 3143 1606 3196 et
1619 3135 1676 3196 die
1691 3135 1808 3200 15.1u1.
1827 3141 1906 3200 1835

1079 3255 1290 3317 sacerdotali
1307 3255 1482 3338 dignitate
1496 3266 1641 3319 ornatus
1655 3267 1719 3322 est.
1740 3263 1907 3339 1834-39

1078 3377 1113 3438 10
1130 3375 1336 3457 Κ1101111001,
1364 3382 1528 3458 1839-47
1554 3379 1588 3440 10
1605 3379 1810 3443 Vorchdorf
1826 3401 1907 3444 coo·

1078 3507 1232 3580 perator,
1249 3501 1295 3560 ab
1309 3519 1402 3561 anno
1420 3505 1498 3580 1847
1513 3501 1688 3563 rationum
1703 3502 1907 3583 praefectus

1078 3631 1113 3683 et
1141 3621 1295 3684 director
1323 3622 1420 3684 chori
1447 3623 1581 3693 musici,
1612 3628 1778 3705 1865-69
1806 3625 1909 3688 simul

1036 3758 1039 3789 ³
1078 3743 1253 3825 subprior,
1272 3745 1318 3804 ab
1335 3763 1428 3805 anno
1450 3748 1529 3822 1869
1553 3744 1657 3807 simul
1680 3747 1790 3827 pri0r;
1816 3767 1908 3810 anno

1083 3870 1161 3943 1869
1179 3885 1208 3929 c.
1225 3886 1251 3929 r.
1269 3886 1376 3928 aurea
1393 3887 1472 3929 cum
1489 3886 1620 3930 corona
1638 3888 1741 3931 eruce
1754 3890 1819 3951 pro
1836 3870 1908 3931 suis

1078 3989 1112 4050 in
1122 4008 1195 4051 rem
1204 3988 1373 4051 musicam
1386 3989 1521 4053 meritis
1533 3991 1722 4053 decoratus
1735 4001 1771 4053 et
1783 3994 1908 4054 eodem

1078 4131 1171 4173 anno
1184 4113 1229 4172 ab
1243 4110 1413 4193 episcopo
1423 4111 1601 4174 Linciensi
1614 4112 1834 4175 consiliarius
1849 4115 1907 4175 de-

1078 4234 1243 4315 claratus,
1261 4233 1349 4296 obiit
1365 4238 1394 4297 5.
1411 4234 1498 4298 Dec.
1520 4239 1610 4314 1874.

1166 4375 1303 4437 Excudi
1319 4374 1488 4438 fecithoc
1505 4394 1609 4456 opus:

1164 4519 1257 4574 Missa
1283 4516 1320 4574 de
1348 4521 1482 4593 requiem
1510 4515 1550 4596 (10
1578 4516 1711 4595 D·moll)
1739 4521 1908 4594 composita

1079 4627 1135 4699 piis
1157 4622 1293 4680 manibus
1309 4621 1499 4679 fundatorum
1516 4626 1688 4680 monasterii
1705 4623 1908 4680 010011100οι1-

1079 4729 1120 4783 010
1142 4727 1288 4783 dedicata.
1315 4727 1466 4802 Timpani,
1489 4727 1610 4793 Clarini,
1634 4728 1737 4794 Corni,
1761 4742 1778 4799 3
1798 4727 1908 4785 Trom-

1079 4830 1166 4898 boni,
1190 4828 1286 4900 Oboi,
1311 4832 1481 4898 Clarinetti,
1506 4833 1641 4906 Fagotti,
1665 4832 1785 4900 Violini‚
1810 4832 1907 4900 Viola,

1079 4935 1174 5002 Ceno,
1201 4936 1312 5002 Basso,
1339 4935 1476 5008 Organo.
1504 4936 1645 5012 Leipzig,
1670 4936 1831 5013 Breitkopf
1851 4937 1908 4993 und

1080 5039 1175 5096 Hartl.
1198 5038 1287 5112 1874.
1310 5054 1368 5096 100
1385 5040 1576 5116 exemplaria.
1601 5041 1752 5099 Partitura
1776 5045 1909 5100 continet

1085 5160 1118 5217 13
1123 5160 1139 5217 5
1159 5145 1296 5220 paginas.

1167 5281 1360 5344 Praeterea
1390 5289 1536 5344 exstant
1559 5283 1800 5366 manuscripta
1823 5306 1909 5367 opu-

1082 5405 1195 5466 scula:

1649 5511 1700 5572 29*
