4178 6196
916 463 964 473 —
1026 425 1095 491 106
1152 463 1201 471 --

185 624 462 707 Mitterndorfer,
485 626 531 687 ab
551 644 644 688 anno
665 628 744 688 1855
769 627 876 688 rebus
896 645 1017 688 mona-

184 748 282 812 sterii
298 747 534 810 oeconomicis
549 756 704 829 praeest.

269 870 386 954 Typis
403 869 534 932 excudi
549 868 650 932 fecit:

273 998 295 1052 Ι.
321 995 481 1072 Gesprach
509 996 659 1052 zwischen
687 997 784 1051 einem
808 994 929 1050 Plarrer
957 994 1015 1050 und

184 1097 282 1159 Bauer
306 1099 381 1157 iiber
404 1100 452 1157 die
476 1101 545 1157 heil.
570 1100 832 1176 Kirchenpatrone
862 1099 921 1156 und
947 1118 1016 1155 ver·

184 1205 347 1265 schicdene
363 1205 537 1262 christliche
552 1204 759 1261 Wahrheiten.
776 1200 846 1282 (1.1.
864 1201 1016 1260 Consabu-

185 1312 257 1368 latio
274 1310 439 1387 parochum
463 1310 541 1366 inter
561 1323 592 1366 et
612 1311 756 1365 rusticum
780 1308 817 1365 de
839 1328 863 1365 s.
880 1310 1016 1385 patronis

186 1415 382 1473 ecclesiarum
407 1428 437 1469 et
461 1413 498 1469 de
523 1413 652 1470 diversis
677 1412 823 1470 doctrinis
844 1412 913 1469 fidei
938 1412 1016 1468 chri·

184 1515 324 1597 stianae.)
346 1519 431 1586 Lina,
457 1517 562 1575 Druck
584 1518 879 1599 vooneichtingers
902 1515 1015 1574 Erben.

189 1625 279 1698 1851.
302 1631 361 1680 12⁰.
381 1621 419 1697 76
436 1642 466 1698 p.

271 1730 309 1785 Il.
342 1726 466 1801 Predigt
492 1746 539 1782 am
568 1727 658 1782 Feste
688 1725 742 1782 des
773 1725 841 1782 heil.
869 1725 1014 1782 Pankraz.

187 1831 306 1912 (Oratio
323 1853 347 1889 3.
364 1831 467 1888 habita
489 1833 517 1886 in
541 1829 619 1887 sesto
643 1850 667 1887 s.
684 1831 833 1886 Pancratii
855 1827 1016 1909 martyris.)

185 1941 269 2004 Linz,
287 1935 358 1993 ibid.
377 1936 418 1993 8⁰.
442 1950 475 1992 11
495 1955 524 2011 p.

272 2044 324 2098 lll.
341 2040 465 2114 Predigt
476 2058 529 2095 zur
542 2039 726 2095 Primizseier
737 2038 791 2095 des
803 2052 861 2095 etc.
875 2038 1016 2113 gehalten

184 2168 221 2204 zu
246 2147 335 2220 Haag
358 2148 387 2201 in
411 2143 673 2201 Unterbsterreich
698 2162 744 2198 am
770 2157 798 2216 7.
819 2143 898 2217 Aug.
925 2141 1015 2215 1853.

185 2249 215 2330 (i.
232 2272 259 2309 e.
280 2251 395 2308 Concio
417 2267 504 2305 sacra
523 2248 604 2305 dicta
624 2250 786 2305 occasione
801 2247 936 2315 sollemn.
954 2249 1016 2323 pri-

185 2352 356 2433 mitiarum.)
372 2355 456 2420 Linz,
475 2351 545 2409 ibid.
563 2353 605 2410 80.
628 2367 663 2425 14
680 2371 710 2429 p.

272 2462 434 2516 Praeterea
465 2461 493 2513 in
525 2455 768 2533 ephemeridibus
801 2456 1017 2528 „Katholische

186 2565 317 2622 Blatter“
337 2563 444 2621 multas
460 2562 689 2619 dissertationes
704 2560 840 2637 vulgavit
860 2575 890 2618 11
906 2575 1016 2618 tracta·

186 2684 234 2727 tus
249 2669 365 2744 aliquot
381 2667 418 2724 de
435 2667 526 2724 rebus
543 2668 749 2723 oeconomicis
765 2669 897 2743 scripsit.

272 2816 435 2889 Fuchsz
477 2825 721 2889 Bonifacius
764 2826 1016 2889 Franciscus

187 2946 249 3028 (de
270 2964 297 3007 s.
316 2944 459 3006 Monte
478 2944 750 3026 Pannoniae),
771 2965 797 3006 3.
815 2945 1016 3027 theologiae

186 3070 311 3130 doctor
323 3067 504 3130 facultatis
516 3068 622 3130 theol.
632 3067 668 3129 in
680 3088 706 3129 r.
717 3068 811 3131 univ.
820 3067 1016 3151 Budapest.

186 3190 406 3272 collegiatus,
423 3188 536 3252 Ginsii
550 3210 638 3254 com.
648 3190 787 3253 Castrif.
799 3190 856 3253 die
870 3211 916 3270 17.
926 3191 1016 3254 Nov.

191 3318 271 3392 1839
292 3323 407 3394 1131113,
426 3312 482 3375 die
502 3318 530 3375 8.
551 3311 651 3395 Sept.
677 3317 755 3375 1855
778 3334 805 3376 3.
821 3314 945 3377 habitu
967 3315 1018 3377 in-

187 3438 308 3516 dutuS,
341 3435 398 3496 die
426 3439 454 3498 8.
482 3435 578 3516 Aug.
611 3439 687 3496 1861
718 3444 803 3497 vota
835 3437 1018 3498 sollemnia

187 3557 313 3620 emisit.
327 3558 512 3620 Absolutis
525 3558 560 3619 in
573 3557 672 3639 regia
685 3557 910 3621 scientiarum
923 3560 1017 3621 univ.

186 3679 420 3761 Budapestin.
449 3700 475 3742 s.
501 3680 702 3761 theologiae
727 3681 853 3743 studiis
882 3682 939 3744 die
970 3703 1017 3744 11.

186 3802 260 3864 Ian.
286 3805 364 3864 1863
386 3803 575 3884 presbyter
596 3802 778 3864 ordinatus
800 3813 864 3885 est,
886 3823 932 3866 ex
948 3824 1018 3885 quo
1125 3855 1131 3867 .

188 3935 349 4004 tempore
365 3924 411 3984 ad
429 3943 559 3985 annum
581 3927 660 4002 1879
680 3924 863 4004 professor
882 3925 965 3987 iuris
982 3931 1026 3989 et'

49 4086 84 4128 1,
186 4045 356 4109 historiae
373 4045 637 4108 ecclesiasticae
658 4047 693 4107 in
714 4066 741 4109 3.
758 4057 887 4128 11101111,
909 4049 1017 4111 caeri-

186 4167 388 4250 moniarius,
411 4178 484 4230 tum
511 4169 722 4231 secretarius
744 4169 790 4232 ill.
809 4171 1018 4233 1131111131)-

186 4291 291 4372 batis,
312 4292 358 4353 ab
379 4310 471 4353 anno
492 4295 572 4370 1879
589 4290 755 4372 Sopronii
776 4291 893 4355 officio
914 4313 1018 4374 supe-

186 4383 287 4476 rioris
303 4415 429 4475 domus
446 4424 481 4476 et
498 4414 648 4477 oratoris
665 4435 691 4478 s.
708 4414 881 4479 festivalis
902 4416 1019 4498 fungi·

187 4547 253 4598 tur.
278 4535 443 4618 Scripsit:

273 4664 296 4719 1.
306 4663 430 4737 Predigt
441 4660 520 4719 belm
533 4662 956 4741 seierlichenErstlingsopfer
965 4667 1019 4723 des
1056 4696 1058 4701 ·

187 4767 327 4843 Leopold
343 4769 392 4824 Fr.
406 4765 580 4836 Bierbauer,
598 4769 807 4826 benedictiner
823 4791 851 4826 u.
861 4790 885 4826 s.
896 4791 932 4827 w.
947 4767 976 4849 (i.
991 4791 1017 4829 e.

188 4871 295 4928 Oratio
318 4891 415 4939 sacra,
434 4891 500 4928 curn
519 4873 555 4929 L.
572 4871 736 4929 Bierbauer
752 4893 780 4930 o.
798 4894 822 4930 s.
839 4875 871 4930 B.
894 4878 1017 4950 primam

187 4975 254 5031 Deo
267 4975 389 5032 offerret
401 4973 550 5055 hostiam.)
564 4975 713 5033 Gehalten
727 4980 755 5035 in
768 4977 863 5045 Gfins,
879 4977 928 5036 26.
943 4981 1016 5038 Dec.

192 5078 281 5151 1864.
300 5080 392 5137 Gedr.
411 5080 505 5137 Guns.
522 5081 703 5156 Bertalanfly
724 5080 815 5154 1865.
832 5082 875 5139 8⁰.
893 5099 926 5157 15
946 5104 975 5161 p.

275 5185 312 5240 ll.
336 5185 472 5258 Egyha'tzi
496 5185 616 5253 beszfd,
641 5186 751 5261 melyet
771 5200 813 5243 nt.
837 5188 1018 5265 Bertalantly

187 5287 335 5345 Theoddz
351 5288 604 5365 Szombathelyen
624 5289 713 5363 1865.
732 5291 804 5348 Okt.
828 5293 897 5348 1·e'n
913 5306 1019 5352 tartott

1097 631 1181 686 sione
1202 632 1399 706 primitiarum
1417 629 1585 687 Theodosii
1606 630 1788 706 Bertalanffy
1809 650 1839 687 0.
1856 651 1881 688 s.
1899 633 1932 687 B.

1097 730 1219 812 habita.)
1236 732 1459 809 Szombathely.
1474 733 1665 809 Bertalanffy.
1687 732 1777 807 1865.
1794 751 1830 808 14
1843 754 1873 811 p.
1889 732 1931 792 8⁰.

1183 856 1235 912 111.
1269 855 1405 931 Egyhazi
1437 855 1566 923 beszed,
1600 857 1711 932 melyet
1738 857 1770 913 lt.
1799 856 1933 914 Szkalka

1097 958 1214 1014 Kandid
1240 959 1437 1034 aranymiseje
1464 960 1644 1017 alkalmrival
1671 961 1809 1019 mondott
1840 960 1931 1034 1873.

1096 1075 1191 1139 szept.
1209 1061 1259 1120 28.
1284 1059 1313 1141 (i.
1331 1083 1357 1120 e.
1380 1063 1487 1121 Oratio
1510 1085 1534 1121 s.
1558 1067 1721 1124 occasione
1743 1066 1932 1122 sollemnium

1097 1167 1370 1224 semisaecularium
1387 1168 1512 1225 Candidi
1529 1168 1663 1226 Szkalka
1679 1189 1707 1226 0.
1726 1190 1750 1226 s.
1767 1166 1812 1248 Β.)
1834 1166 1931 1246 Gydr.

1096 1271 1186 1328 Czeh.
1209 1270 1298 1344 1873.
1316 1271 1359 1329 8⁰.
1382 1287 1416 1346 15
1435 1292 1464 1348 p.

1182 1394 1233 1451 IV.
1258 1395 1305 1450 De
1324 1394 1530 1452 declaratione
1550 1397 1630 1453 Cleri
1654 1397 1803 1454 Gallicani
1824 1397 1862 1455 de
1883 1413 1930 1471 19.

1096 1500 1183 1555 Μ311.
1205 1497 1295 1555 1683.
1320 1499 1503 1557 Dissertatio
1519 1519 1576 1576 pro
1594 1499 1764 1558 obtinendis
1786 1500 1932 1576 gradibus

1097 1603 1287 1697 theologicis,
1305 1623 1332 1660 a.
1354 1602 1443 1677 1865.
1462 1607 1518 1663 Ms.
1537 1612 1578 1662 2⁰.
1601 1606 1658 1679 158
1676 1626 1705 1683 p.

1182 1726 1218 1783 V.
1230 1724 1360 1802 Scripsit
1372 1728 1410 1784 de
1422 1731 1513 1786 variis
1526 1729 1617 1786 rebus
1630 1727 1719 1809 (num.
1732 1727 1785 1808 81)
1798 1732 1827 1786 in
1839 1749 1931 1805 ency-

1096 1830 1254 1906 clopaedia
1270 1833 1425 1888 societatis
1441 1853 1465 1889 s.
1483 1831 1639 1910 Stephani.
1656 1835 1820 1910 Budapest.
1838 1843 1880 1908 4⁰.

1182 1954 1234 2010 VI.
1262 1953 1290 2009 A
1313 1956 1524 2029 pannonhalmi
1550 1953 1711 2033 sdapatsag
1738 1957 1931 2014 elklildnitett

1096 2057 1379 2132 egyhaz·teriilcte.
1412 2056 1441 2138 (1.
1470 2080 1496 2116 e.
1530 2061 1576 2117 De
1604 2075 1746 2138 separato
1775 2064 1930 2118 territorio

1096 2160 1321 2219 archiabbatiae
1334 2163 1407 2220 des.
1421 2165 1461 2220 M.
1475 2163 1669 2245 Pannoniae).
1686 2168 1740 2223 Et:
1754 2166 1780 2222 Α
1793 2185 1931 2243 pannon·

1097 2267 1185 2323 halmi
1201 2267 1426 2343 szekesegyhaz
1443 2270 1476 2325 13
1489 2266 1687 2328 ldmonostor.
1705 2268 1735 2349 (i.
1749 2292 1775 2328 e.
1790 2272 1930 2329 Ecclesia

1097 2373 1178 2429 cath.
1198 2386 1229 2429 et
1248 2376 1461 2430 monasterium
1481 2374 1519 2431 de
1540 2395 1563 2431 s.
1581 2377 1621 2432 M.
1639 2374 1742 2454 Pann.)
1766 2379 1799 2433 ln
1820 2396 1928 2454 opere:

1097 2474 1184 2552 Gydr
1211 2496 1319 2552 megye
1346 2478 1379 2534 es
1405 2478 1516 2536 varosa
1541 2495 1598 2537 cet.
1630 2477 1677 2558 (V.
1701 2482 1800 2538 Feher
1824 2478 1930 2559 Hipp.)

1096 2601 1126 2657 p.
1145 2579 1270 2638 zos-8
1288 2596 1318 2637 et
1334 2582 1494 2657 439-46.

1184 2746 1322 2820 Fuchs
1345 2758 1574 2841 Gregorius
1593 2761 1929 2844 (Admontensis),

1097 2874 1132 2936 in
1148 2895 1245 2957 pago
1260 2876 1403 2937 Kloech
1418 2874 1548 2939 Stiriae
1564 2877 1739 2941 inferioris
1756 2889 1860 2942 natus
1879 2901 1929 2943 20.

1098 2996 1177 3060 Oct.
1190 3002 1245 3059 182
1255 3007 1371 3079 1,vota
1379 2998 1561 3060 sollemnia
1574 3000 1690 3062 emisit
1707 3002 1824 3066 11.Iul.
1837 3007 1929 3083 1846,

1097 3129 1134 3181 et
1148 3124 1199 3182 23.
1209 3120 1304 3202 Aug.
1319 3119 1476 3182 eiusdem
1490 3121 1572 3183 anni
1586 3122 1760 3202 primitias
1773 3093 1930 3187 celebra·

1097 3242 1158 3305 vit.
1172 3241 1243 3303 Per
1255 3250 1366 3303 totam
1379 3242 1453 3304 fere
1462 3243 1572 3305 vitam
1582 3246 1840 3308 sacerdotalem
1853 3266 1931 3310 eru-

1099 3363 1248 3425 diendae
1265 3363 1440 3426 iuventuti
1456 3365 1630 3447 addictuS,
1653 3386 1731 3428 cum
1752 3367 1788 3429 in
1808 3387 1929 3450 gymn.

1099 3486 1292 3548 domestico
1320 3496 1394 3548 tum
1417 3487 1701 3570 Iudenburgensi
1724 3490 1931 3553 Leobiensi-

1100 3627 1168 3689 que
1191 3607 1428 3690 professorem
1455 3619 1490 3672 et
1517 3611 1727 3673 directorem
1752 3612 1835 3694 egit.
1860 3612 1932 3675 Per

1099 3731 1234 3812 aliquot
1257 3751 1368 3794 annos
1393 3733 1536 3815 insuper
1563 3735 1794 3797 cancellariae
1820 3746 1856 3797 et
1879 3704 1938 3798 rei¹

1086 3854 1256 3916 ,vinariae
1278 3854 1482 3936 praefectus
1504 3857 1609 3918 etiam
1633 3856 1761 3938 prioris
1785 3877 1930 3920 munere

1098 3977 1240 4040 functus
1257 3987 1312 4039 est
1329 3982 1506 4042 1863-66.
1528 3977 1718 4042 Studiosae
1735 3981 1930 4043 iuventutis

1099 4108 1201 4181 pater
1217 4108 1253 4163 et
1268 4099 1395 4183 fautor,
1412 4101 1580 4164 historiae
1593 4112 1764 4184 paternae
1781 4096 1928 4186 amator,

1098 4222 1186 4284 obiit
1205 4222 1259 4283 vir
1279 4224 1384 4285 valde
1410 4225 1636 4286 honorandus
1659 4224 1852 4305 apoplexia
1873 4245 1930 4288 ce·

1098 4345 1192 4406 rebri
1212 4355 1328 4407 tactus
1344 4347 1468 4408 Leobii
1494 4368 1543 4425 24.
1564 4347 1667 4409 Febr.
1693 4352 1783 4429 1878,
1805 4350 1930 4411 doctor

1098 4469 1352 4551 philosophiae,
1365 4446 1649 4532 reverendissimi
1665 4471 1837 4552 principis
1856 4472 1930 4553 epi-

1098 4591 1197 4671 scopi
1207 4589 1354 4653 Seccov.
1368 4591 1586 4654 consiliarius
1600 4602 1636 4654 et
1644 4593 1804 4675 pluribus
1817 4593 1928 4656 socie-

1077 4740 1081 4748 ·
1099 4714 1232 4776 tatibus
1249 4734 1319 4795 qua
1336 4716 1531 4777 membrum
1547 4715 1700 4777 activum
1715 4715 1928 4797 adscriptus.

1184 4835 1349 4919 Scripsit:

1185 4964 1207 5020 I.
1229 4963 1415 5038 Errichtung
1436 4964 1490 5020 der
1510 4963 1729 5039 Silbergruben
1751 4967 1779 5020 in
1796 4966 1927 5040 Zeirnig.

1098 5065 1164 5146 (1.1.
1178 5069 1225 5124 1)1
1241 5069 1368 5125 metallis
1384 5071 1501 5144 argenti
1519 5072 1548 5125 in
1564 5067 1707 5148 Zeirnig.)
1724 5070 1815 5137 Graz,
1837 5069 1927 5143 1855.

1185 5192 1222 5247 Il.
1245 5192 1302 5247 Die
1319 5191 1487 5267 Griindung
1503 5193 1556 5249 des
1572 5193 1749 5268 Hospitales
1770 5196 1799 5250 in
1815 5192 1928 5251 Sauer-

1097 5294 1204 5353 brunn.
1229 5291 1302 5373 (1.1.
1325 5297 1372 5353 De
1388 5296 1561 5354 [undatione
1582 5301 1750 5354 nosocomii
1769 5301 1796 5354 in
1814 5297 1927 5356 Sauer-

189 5392 321 5468 ujrniseje
333 5393 509 5450 alkalmrlval
524 5395 669 5451 mondott.
687 5391 716 5473 (i.
730 5415 756 5452 e.
771 5395 878 5453 Oratio
891 5418 914 5454 s.
929 5418 1018 5456 occa·
1055 5382 1059 5454 l
1098 5397 1216 5479 brunn.)
1237 5400 1327 5474 1855.
