4178 6196
899 430 1154 502 „37-

153 617 328 680 lemnibus
356 636 397 679 se
424 615 616 679 obstrinxit
643 626 680 679 et
705 621 755 681 28.
780 615 859 682 Oct.
882 617 986 680 huius

154 760 219 822 per
245 738 553 820 archiepiscopum
577 737 848 802 Olomucensem
872 740 985 802 Anto·

155 863 250 925 nium
278 861 443 924 comitem
468 860 847 925 Colloredo-Waldsee
871 861 906 924 in
929 881 984 924 sa-

154 986 244 1048 cello
277 984 393 1047 aulico
428 982 605 1046 Cremsirii
636 984 682 1045 ad
713 986 984 1067 presbyteratus

154 1107 314 1170 ordinem
334 1117 528 1189 promotus,
557 1110 604 1168 16.
625 1105 716 1170 Nov.
736 1106 886 1187 primam
905 1105 984 1168 Deo

153 1230 283 1294 obtulit
312 1229 465 1292 hostiam
495 1218 768 1293 immaculatam.
800 1229 889 1291 Tum
920 1247 985 1309 per

155 1351 335 1416 biennium
359 1350 506 1414 clericos
526 1349 811 1433 Raigradienses
830 1349 985 1431 philoso-

154 1474 275 1556 phiam
287 1473 430 1536 edocuit
439 1483 475 1535 et
486 1473 531 1535 ad
540 1491 666 1553 preces
675 1471 818 1534 abbatis
827 1471 985 1535 Bievno·

154 1597 288 1659 viensis
304 1596 482 1659 Braunam
507 1594 542 1657 in
558 1593 741 1657 Bodmiam
762 1593 922 1676 mittitur,
946 1604 985 1657 ut

155 1719 191 1781 in
212 1717 399 1801 gymnasio
419 1716 552 1779 ibidem
571 1714 814 1778 Benedictinis
835 1715 985 1779 ducibus

155 1840 326 1904 existenti
336 1838 547 1902 rhetoricam
560 1839 726 1919 traderet,
744 1836 864 1919 ibique
877 1837 984 1900 etiam

154 1966 300 2026 decreto
316 1959 568 2024 iurisdictionis
580 1962 627 2022 ab
640 1959 811 2040 episcopo
823 1959 984 2042 Regino-

154 2085 365 2148 hradecensi
381 2083 547 2165 munitus,
571 2080 607 2144 in
624 2081 907 2145 confessionibus
923 2102 984 2144 au-

156 2208 296 2271 diendis
313 2205 503 2270 insudavit.
528 2205 598 2268 Ast
614 2204 781 2268 continua
800 2204 984 2269 infirmitas

153 2332 303 2394 Paulum
316 2331 364 2392 ad
376 2329 626 2410 deponendum
641 2329 750 2390 hocce
763 2348 889 2390 munus
905 2328 984 2390 coi}-

154 2454 223 2537 git;
255 2470 366 2534 quare
387 2452 528 2514 domum
549 2450 596 2512 ad
615 2447 722 2512 finem
743 2450 825 2513 anni
848 2451 984 2513 schola-

154 2574 234 2638 stici
255 2551 335 2637 1803
352 2593 516 2636 reversus
540 2591 652 2653 penes
674 2572 880 2654 parochiam
895 2573 984 2636 Rai-

153 2697 391 2781 gradiensem,
408 2695 612 2758 valetudine
624 2694 817 2777 meliorata,
831 2696 983 2777 capella-

154 2841 236 2883 num
253 2819 330 2903 egit
345 2838 457 2900 usque
474 2820 520 2881 ad
539 2822 629 2900 1805,
647 2839 716 2900 quo
733 2839 797 2899 per
812 2817 982 2881 vicarium

153 2942 389 3024 apostolicum
417 2949 635 3004 castrensem
662 2940 805 3004 licentia
833 2959 983 3022 praepo·

154 3065 213 3127 siti
243 3065 340 3126 haud
378 3082 486 3146 aegre
526 3066 690 3143 obtenta,
726 3064 772 3126 ad
805 3063 982 3146 legionem

156 3189 201 3250 de
225 3184 375 3251 Stuardt
394 3185 460 3250 No.
487 3188 524 3248 18
546 3185 750 3267 capellanus
772 3186 982 3266 campestris

153 3321 319 3392 vocatus,
343 3320 380 3372 et
406 3308 570 3391 sequenti
597 3309 643 3371 ad
669 3307 845 3391 legionem
874 3310 982 3388 pede·

155 3444 264 3495 strem
290 3430 612 3495 Manfredinianam
640 3431 832 3494 translatus
863 3441 918 3492 est
947 3440 983 3493 et

155 3574 220 3637 per
244 3557 333 3616 duos
357 3573 469 3616 annos
491 3552 600 3615 variis
624 3552 659 3613 in
682 3551 770 3615 locis
797 3563 833 3614 et
857 3551 983 3614 castris

155 3675 381 3741 Boleslaviae
398 3675 432 3737 in
449 3674 607 3756 Boemia,
629 3673 803 3737 Olomucii
820 3684 886 3737 etc.
903 3694 983 3755 par-

156 3810 211 3861 tes
243 3797 346 3861 huius
382 3796 437 3859 sui
469 3795 577 3859 officii
608 3796 732 3858 sedulo
766 3795 983 3876 adimplevit.

155 3920 258 3983 Nova
271 3917 474 3981 infirmitate
489 3917 639 4000 ,typho“
655 3917 783 3980 iterato
800 3928 983 3997 correptus

153 4062 269 4125 eoque
285 4041 389 4104 nimis
405 4039 612 4103 debilitatus
629 4039 808 4122 cingulum
829 4041 983 4120 depone-

154 4185 193 4228 re
215 4175 361 4228 coactus
388 4175 443 4226 est
470 4173 506 4226 et
533 4181 625 4225 anno
654 4166 733 4224 1808
761 4163 807 4224 ad
834 4172 983 4243 penates

154 4306 333 4369 reversus,
356 4285 547 4369 Raigradii
571 4285 697 4347 iterum
719 4284 897 4347 convaluit
921 4285 982 4365 sic,

155 4421 194 4472 ut
213 4429 333 4472 curam
353 4408 547 4471 animarum
571 4406 763 4489 suscipere,
785 4426 878 4470 anno
897 4426 983 4469 vero

159 4536 240 4594 1810
271 4532 318 4592 ad
348 4529 553 4612 parochiam
581 4527 899 4592 Domasoviensem
929 4548 982 4591 re-

154 4655 310 4735 gendam
326 4662 545 4715 transmeare
561 4661 694 4734 posset.
717 4651 816 4733 Quae
833 4672 982 4734 exspec-

156 4778 257 4839 tabat
278 4777 324 4838 ab
342 4776 424 4838 aere
446 4775 589 4856 salubri,
613 4774 648 4836 in
668 4775 843 4837 montanis
860 4796 982 4839 conse-

155 4907 259 4962 cutus
280 4909 336 4961 est
355 4899 488 4961 Paulus
509 4910 544 4960 et
566 4896 684 4959 nervis
707 4897 906 4960 omnimode
925 4897 981 4960 fir·
1020 4968 1022 4980 Ι

155 5023 260 5084 matis
283 5042 349 5104 per
368 5020 556 5084 triennium
577 5017 695 5082 officio
715 5020 827 5083 curati
848 5020 981 5102 optime
1020 5012 1023 5077 1

155 5144 298 5208 functus
314 5154 380 5226 est,
404 5145 517 5206 donec
543 5147 622 5205 1813
645 5143 690 5204 ad
710 5141 815 5205 finem
830 5143 982 5206 Decem·

156 5266 227 5330 bris
243 5266 290 5329 ad
305 5265 485 5347 prioratus
500 5283 627 5327 munus
639 5263 830 5346 Raigradii
842 5285 981 5346 promo-

155 5398 222 5473 tus,
234 5383 397 5450 laborum
413 5394 531 5449 autem
547 5385 771 5448 multitudine
787 5406 981 5467 oppressus

1065 618 1159 680 vires
1175 637 1258 680 suas
1275 619 1391 682 denuo
1404 619 1582 684 debilitari
1595 630 1763 703 expertus
1778 619 1894 702 preci-

1064 741 1132 802 bus
1155 740 1270 803 enixis
1295 741 1461 825 obtinuit,
1483 753 1522 806 ut
1547 743 1711 825 deposito
1734 743 1893 826 prioratu

1068 866 1147 941 1814
1164 864 1210 925 ad
1230 865 1450 927 commodam
1475 874 1581 947 atque
1605 865 1768 929 idoneam
1789 884 1894 947 paro·

1064 983 1177 1046 chiam
1205 984 1500 1068 Nigrofanensem
1532 1006 1595 1049 seu
1621 985 1893 1051 Ostrovacicen·

1063 1125 1137 1167 sem
1146 1155 1155 1188 ,
1186 1108 1335 1170 transire
1363 1118 1502 1190 posset,
1535 1109 1596 1171 ubi
1626 1132 1656 1188 4.
1687 1110 1774 1173 Dec.
1811 1114 1889 1190 1817

1063 1223 1172 1309 phtisi
1189 1228 1247 1309 pie
1264 1229 1298 1290 in
1311 1230 1463 1293 Domino
1475 1230 1563 1294 obiit
1580 1240 1617 1293 et
1630 1231 1664 1293 in
1677 1231 1892 1295 coemeterio

1064 1352 1257 1432 parochiali
1273 1353 1433 1433 sepultus
1449 1354 1640 1435 requiescit
1656 1354 1689 1416 in
1707 1374 1807 1437 pace.

1151 1492 1365 1574 Casparides
1393 1505 1514 1557 noster
1539 1495 1594 1558 vir
1619 1494 1686 1558 fuit
1713 1495 1893 1558 scribendi

1064 1616 1182 1679 studio
1198 1615 1365 1700 flagrans,
1383 1619 1478 1699 quod
1494 1628 1568 1681 tum
1580 1638 1712 1702 magna
1724 1618 1892 1700 epistola-

1064 1759 1141 1801 rum
1164 1738 1240 1802 eius
1262 1739 1433 1822 collectio,
1459 1740 1494 1802 in
1518 1741 1663 1804 archivo
1683 1750 1804 1803 nostro
1825 1742 1892 1803 sub

1065 1862 1101 1926 C.
1118 1884 1151 1925 n.
1170 1886 1188 1942 9
1205 1862 1379 1944 deposita,
1397 1873 1472 1925 tum
1494 1874 1614 1926 cetera
1630 1863 1705 1927 eius
1721 1864 1894 1944 opuscula

1063 1994 1249 2067 testantur,
1267 2004 1413 2067 quorum
1430 1986 1589 2068 syllabus
1603 1986 1660 2049 hic
1677 1996 1745 2048 est:

1149 2132 1171 2187 1.
1193 2129 1417 2205 Archaeologia
1438 2128 1558 2187 biblica.
1583 2128 1602 2186 8
1624 2131 1777 2185 terniones
1800 2131 1829 2184 in
1848 2134 1892 2202 4⁰,

1063 2236 1100 2292 de
1112 2254 1190 2291 anno
1208 2249 1298 2308 1797.
1314 2237 1370 2292 Ms.
1384 2255 1454 2312 pap.
1467 2234 1524 2292 sub
1536 2235 1613 2291 Msn.
1627 2250 1666 2308 45
1671 2249 1700 2306 5.
1715 2232 1799 2308 Sign.
1814 2231 1892 2312 FsK.

1064 2340 1101 2396 11.
1117 2359 1144 2396 a.
1167 2354 1201 2413 17
1220 2339 1292 2396 bibl.

1149 2463 1187 2519 11.
1204 2464 1314 2518 Notata
1330 2462 1367 2518 ad
1381 2462 1604 2518 translationem
1621 2459 1769 2536 epistolae
1785 2477 1892 2516 secun·

1063 2567 1119 2623 dae
1142 2586 1166 2623 s.
1183 2566 1266 2622 Pauli
1287 2566 1325 2622 ad
1346 2566 1519 2623 Corinthios
1541 2567 1569 2620 in
1587 2565 1718 2638 linguam
1735 2563 1892 2620 Germani·

1063 2691 1128 2728 cam
1150 2690 1216 2727 cum
1238 2672 1370 2744 exegesi.
1394 2671 1450 2728 Ms.
1474 2689 1544 2747 pap.
1569 2670 1607 2726 de
1630 2688 1708 2726 anno
1733 2666 1823 2743 1798.
1848 2674 1892 2741 4⁰.

1063 2778 1127 2832 sine
1143 2795 1213 2853 pag.
1230 2774 1286 2832 sub
1300 2777 1375 2831 Msn.
1390 2789 1463 2847 451.
1479 2772 1563 2849 Sign.
1577 2773 1656 2850 FJK.
1674 2774 1710 2830 11.
1724 2792 1751 2830 a.
1769 2788 1803 2846 15
1819 2771 1891 2829 bibl.

1149 2899 1201 2954 111.
1229 2898 1279 2953 Ius
1303 2897 1539 2953 ecclesiasticum
1555 2893 1715 2972 ¹publicum
1738 2908 1768 2950 et
1792 2895 1893 2969 priva·

1063 3016 1133 3058 tum.
1150 3003 1258 3058 Descr.
1274 3020 1353 3058 anno
1374 3000 1464 3075 1798.
1488 3000 1578 3057 Tomi
1595 3014 1666 3057 tres.
1683 2999 1825 3055 Tom.1.:
1841 2999 1892 3054 Ius

1063 3105 1214 3183 publicum
1226 3108 1256 3162 in
1269 3121 1305 3178 14
1319 3120 1405 3170 tera..
1418 3105 1489 3162 tomi
1502 3106 1540 3160 11.
1555 3119 1585 3161 et
1596 3105 1663 3160 111.:
1681 3105 1731 3160 lus
1743 3104 1892 3179 privatum

1062 3214 1092 3268 in
1120 3227 1155 3268 12
1179 3226 1254 3268 tern.
1278 3210 1354 3267 Cod.
1375 3228 1446 3286 pap.
1469 3211 1533 3266 sine
1554 3228 1623 3286 pag.
1649 3215 1693 3281 4⁰.
1716 3209 1793 3264 Msn.
1816 3219 1891 3280 445.

1063 3314 1147 3390 Sign.
1165 3318 1189 3372 F
1189 3318 1242 3394 JK.
1260 3316 1297 3372 11.
1314 3333 1342 3372 a.
1359 3315 1387 3372 8.
1405 3330 1434 3388 9.
1451 3312 1524 3371 bibl.

1149 3440 1199 3496 IV.
1216 3439 1449 3494 Hermeneutica
1464 3438 1534 3493 novi
1551 3436 1730 3492 testamenti.
1745 3434 1802 3490 Ms.
1820 3450 1890 3508 pap.

1062 3544 1091 3598 in
1112 3557 1146 3598 12
1165 3556 1240 3598 tern.
1262 3542 1280 3597 a
1301 3557 1320 3614 4
1337 3541 1417 3617 plag.
1438 3543 1503 3597 sine
1523 3559 1595 3616 pag.
1614 3540 1691 3595 Msn.
1712 3552 1784 3611 452.
1806 3533 1890 3612 Sign.

1063 3647 1086 3702 F
1087 3648 1140 3723 JK.
1158 3647 1194 3702 11.
1212 3665 1238 3702 a.
1260 3643 1307 3701 16.
1325 3644 1362 3701 dc
1378 3663 1456 3701 anno
1477 3643 1567 3718 1798.
1585 3641 1657 3700 bibl.

1151 3768 1187 3824 V.
1209 3767 1388 3824 Christliche
1409 3765 1601 3823 Sittenlehre.
1627 3763 1656 3843 (i.
1673 3783 1698 3821 e.
1720 3764 1893 3838 Theologia

1064 3874 1198 3940 moralis,
1222 3872 1260 3928 de
1283 3891 1362 3928 anno
1391 3869 1493 3949 1799.)
1519 3872 1575 3927 Ms.
1591 3889 1661 3947 pap.
1683 3871 1712 3924 in
1735 3887 1795 3925 uno
1816 3868 1891 3925 fasc.

1064 3993 1104 4035 20
1121 3993 1195 4035 tem.
1213 3979 1276 4033 sine
1293 3995 1363 4052 pag.
1386 3983 1429 4049 4⁰.
1453 3977 1529 4032 Msn.
1551 3973 1625 4048 526.
1646 3972 1729 4047 Sign.
1751 3973 1829 4050 FsK.
1854 3973 1892 4028 II.

1063 4084 1092 4141 b.
1110 4081 1161 4139 26.
1178 4080 1250 4139 bibl.

1149 4206 1199 4263 Vl.
1208 4202 1589 4261 RhetoriseheElaborate.
1599 4198 1629 4280 (i.
1640 4220 1666 4259 e.
1675 4201 1780 4278 Opera
1790 4201 1892 4257 rheto-

1062 4314 1140 4380 rica;
1154 4309 1366 4367 translationes
1379 4327 1416 4364 ex
1429 4308 1544 4374 Flavio,
1554 4308 1692 4382 Vegeti0,
1706 4306 1779 4361 Tito
1792 4305 1891 4370 Livio,

1064 4416 1166 4481 Tatio,
1190 4415 1292 4470 variae
1317 4414 1472 4469 orationes
1498 4413 1592 4486 ipsius
1612 4409 1796 4485 Casparides
1822 4409 1890 4464 Lat.

1063 4520 1218 4587 idiomate,
1243 4519 1441 4574 concinnatae
1466 4536 1532 4574 cum
1557 4517 1694 4572 Braunae
1718 4510 1797 4590 pros.
1823 4513 1892 4568 rhe-

1063 4626 1178 4681 toricae
1193 4635 1308 4697 ageret,
1325 4640 1404 4680 anno
1425 4616 1594 4699 1802—3.)
1616 4620 1672 4675 Ms.
1688 4636 1760 4694 pap.
1781 4619 1811 4673 in
1830 4635 1891 4673 uno

1062 4728 1136 4785 fasc.
1154 4729 1184 4783 in
1201 4727 1280 4802 plag.
1299 4731 1343 4798 4⁰.
1361 4727 1426 4782 sine
1444 4743 1514 4801 pag.
1533 4724 1610 4779 Msn.
1624 4735 1696 4796 507.
1714 4719 1798 4795 Sign.
1811 4722 1836 4777 F
1836 4718 1890 4800 [K.

1062 4834 1099 4889 11.
1116 4851 1143 4889 a.
1165 4847 1211 4888 12.
1228 4830 1301 4887 bibl.

1147 4946 1891 5027 Vll.Theologiapastoralis,idiomateGermani·

1061 5077 1098 5114 co
1112 5055 1282 5114 etSlavicO.
1297 5055 1413 5112 Ternio
1430 5055 1582 5111 unicaMs.
1593 5072 1662 5130 pap.
1680 5058 1724 5126 4⁰.
1741 5054 1806 5131 sine
1819 5072 1890 5129 pag.

1060 5164 1137 5220 Msn.
1147 5175 1220 5236 470.
1234 5159 1403 5239 SignFsK.
1418 5161 1455 5217 11.
1464 5175 1549 5233 a.35.
1566 5159 1603 5215 de
1616 5134 1699 5215 anno·
1715 5171 1805 5232 1799.
1817 5157 1890 5217 bibl.

1147 5284 1227 5341 VllI.
1245 5283 1480 5358 Anmerkungen
1496 5301 1550 5338 aus
1563 5282 1617 5338 der
1628 5282 1817 5338 mahtischen
1829 5280 1891 5338 Ge·

1061 5389 1205 5447 schichte.
1225 5385 1255 5466 (i.
1273 5407 1299 5446 e.
1320 5389 1431 5445 Notata
1450 5388 1488 5444 ad
1504 5387 1660 5444 historiam
1677 5388 1832 5444 Moraviae
1853 5385 1892 5442 de
