<?xml version="1.0" encoding="UTF-8"?>
<!DOCTYPE html PUBLIC "-//W3C//DTD XHTML 1.0 Transitional//EN"
    "http://www.w3.org/TR/xhtml1/DTD/xhtml1-transitional.dtd">
<html xmlns="http://www.w3.org/1999/xhtml" xml:lang="en" lang="en">
 <head>
  <title>
</title>
<meta http-equiv="Content-Type" content="text/html;charset=utf-8" />
  <meta name='ocr-system' content='tesseract 3.04.00' />
  <meta name='ocr-capabilities' content='ocr_page ocr_carea ocr_par ocr_line ocrx_word'/>
</head>
<body>
  <div class='ocr_page' id='page_1' title='image "./scriptoresordin00austgoog_0095.png"; bbox 0 0 4178 6196; ppageno 0'>
   <div class='ocr_carea' id='block_1_1' title="bbox 901 456 1276 520">
    <p class='ocr_par' dir='ltr' id='par_1_1' title="bbox 901 456 1276 520">
     <span class='ocr_line' id='line_1_1' title="bbox 901 456 1276 520; baseline 0 -1"><span class='ocrx_word' id='word_1_1' title='bbox 901 493 943 503; x_wconf 91' lang='lat'>—</span> <span class='ocrx_word' id='word_1_2' title='bbox 987 456 1191 520; x_wconf 87' lang='lat' dir='ltr'>LXXXVI</span> <span class='ocrx_word' id='word_1_3' title='bbox 1236 494 1276 503; x_wconf 95' lang='lat'>—-</span> 
     </span>
    </p>
   </div>
   <div class='ocr_carea' id='block_1_2' title="bbox 219 682 1954 2573">
    <p class='ocr_par' dir='ltr' id='par_1_2' title="bbox 220 682 1954 1602">
     <span class='ocr_line' id='line_1_2' title="bbox 223 682 1954 766; baseline -0.001 -20"><span class='ocrx_word' id='word_1_4' title='bbox 223 685 267 747; x_wconf 87' lang='lat' dir='ltr'>de</span> <span class='ocrx_word' id='word_1_5' title='bbox 283 684 357 746; x_wconf 88' lang='lat' dir='ltr'>vita</span> <span class='ocrx_word' id='word_1_6' title='bbox 375 684 450 747; x_wconf 88' lang='lat' dir='ltr'>eius</span> <span class='ocrx_word' id='word_1_7' title='bbox 466 684 617 764; x_wconf 81' lang='lat' dir='ltr'>edidit1).</span> <span class='ocrx_word' id='word_1_8' title='bbox 647 684 688 747; x_wconf 91' lang='lat' dir='ltr'>In</span> <span class='ocrx_word' id='word_1_9' title='bbox 704 692 781 746; x_wconf 89' lang='lat' dir='ltr'>arte</span> <span class='ocrx_word' id='word_1_10' title='bbox 802 693 939 746; x_wconf 88' lang='lat' dir='ltr'>statuas</span> <span class='ocrx_word' id='word_1_11' title='bbox 959 682 1118 766; x_wconf 89' lang='lat' dir='ltr'>fingendi</span> <span class='ocrx_word' id='word_1_12' title='bbox 1140 682 1282 745; x_wconf 87' lang='lat' dir='ltr'>saeculo</span> <span class='ocrx_word' id='word_1_13' title='bbox 1303 683 1426 764; x_wconf 90' lang='lat' dir='ltr'>quinto</span> <span class='ocrx_word' id='word_1_14' title='bbox 1451 683 1589 746; x_wconf 92' lang='lat' dir='ltr'>decimo</span> <span class='ocrx_word' id='word_1_15' title='bbox 1612 703 1691 746; x_wconf 91' lang='lat' dir='ltr'>cum</span> <span class='ocrx_word' id='word_1_16' title='bbox 1715 683 1821 746; x_wconf 88' lang='lat' dir='ltr'>laude</span> <span class='ocrx_word' id='word_1_17' title='bbox 1844 683 1954 746; x_wconf 91' lang='lat' dir='ltr'>nomi·</span> 
     </span>
     <span class='ocr_line' id='line_1_3' title="bbox 223 819 1954 902; baseline -0.001 -16"><span class='ocrx_word' id='word_1_18' title='bbox 223 834 326 886; x_wconf 89' lang='lat' dir='ltr'>natur</span> <span class='ocrx_word' id='word_1_19' title='bbox 352 822 462 885; x_wconf 90' lang='lat' dir='ltr'>frater</span> <span class='ocrx_word' id='word_1_20' title='bbox 489 842 682 886; x_wconf 90' lang='lat' dir='ltr'>conversus</span> <span class='ocrx_word' id='word_1_21' title='bbox 704 822 855 885; x_wconf 87' lang='lat' dir='ltr'>Ioannes</span> <span class='ocrx_word' id='word_1_22' title='bbox 878 822 1034 885; x_wconf 87' lang='lat' dir='ltr'>Lentner</span> <span class='ocrx_word' id='word_1_23' title='bbox 1060 822 1096 885; x_wconf 93' lang='lat' dir='ltr'>in</span> <span class='ocrx_word' id='word_1_24' title='bbox 1123 821 1336 885; x_wconf 90' lang='lat' dir='ltr'>monasterio</span> <span class='ocrx_word' id='word_1_25' title='bbox 1363 823 1410 884; x_wconf 95' lang='lat' dir='ltr'>ad</span> <span class='ocrx_word' id='word_1_26' title='bbox 1433 819 1561 885; x_wconf 90' lang='lat' dir='ltr'>Scotos</span> <span class='ocrx_word' id='word_1_27' title='bbox 1577 820 1862 902; x_wconf 92' lang='lat' dir='ltr'>Vindobonensi,</span> <span class='ocrx_word' id='word_1_28' title='bbox 1893 822 1954 902; x_wconf 95' lang='lat' dir='ltr'>qui</span> 
     </span>
     <span class='ocr_line' id='line_1_4' title="bbox 222 960 1954 1043; baseline -0.002 -18"><span class='ocrx_word' id='word_1_29' title='bbox 222 982 301 1025; x_wconf 92' lang='lat' dir='ltr'>cum</span> <span class='ocrx_word' id='word_1_30' title='bbox 317 963 505 1025; x_wconf 90' lang='lat' dir='ltr'>nonnullos</span> <span class='ocrx_word' id='word_1_31' title='bbox 520 980 632 1024; x_wconf 88' lang='lat' dir='ltr'>annos</span> <span class='ocrx_word' id='word_1_32' title='bbox 646 962 884 1043; x_wconf 78' lang='lat'>(1436—1439)</span> <span class='ocrx_word' id='word_1_33' title='bbox 899 969 1001 1024; x_wconf 84' lang='lat' dir='ltr'>extra</span> <span class='ocrx_word' id='word_1_34' title='bbox 1018 960 1226 1024; x_wconf 88' lang='lat' dir='ltr'>coenobium</span> <span class='ocrx_word' id='word_1_35' title='bbox 1241 960 1352 1023; x_wconf 89' lang='lat' dir='ltr'>vitam</span> <span class='ocrx_word' id='word_1_36' title='bbox 1369 960 1514 1043; x_wconf 83' lang='lat' dir='ltr'>egisset,</span> <span class='ocrx_word' id='word_1_37' title='bbox 1531 960 1751 1042; x_wconf 88' lang='lat' dir='ltr'>poenitentia</span> <span class='ocrx_word' id='word_1_38' title='bbox 1768 961 1954 1042; x_wconf 88' lang='lat' dir='ltr'>perculsus</span> 
     </span>
     <span class='ocr_line' id='line_1_5' title="bbox 222 1098 1952 1182; baseline 0 -19"><span class='ocrx_word' id='word_1_39' title='bbox 222 1100 327 1164; x_wconf 91' lang='lat' dir='ltr'>rediit</span> <span class='ocrx_word' id='word_1_40' title='bbox 351 1111 387 1163; x_wconf 88' lang='lat' dir='ltr'>et</span> <span class='ocrx_word' id='word_1_41' title='bbox 409 1111 485 1164; x_wconf 88' lang='lat' dir='ltr'>arte</span> <span class='ocrx_word' id='word_1_42' title='bbox 509 1120 573 1163; x_wconf 89' lang='lat' dir='ltr'>sua</span> <span class='ocrx_word' id='word_1_43' title='bbox 596 1101 701 1163; x_wconf 88' lang='lat' dir='ltr'>deum</span> <span class='ocrx_word' id='word_1_44' title='bbox 725 1099 832 1163; x_wconf 92' lang='lat' dir='ltr'>coluit</span> <span class='ocrx_word' id='word_1_45' title='bbox 855 1109 891 1162; x_wconf 92' lang='lat' dir='ltr'>et</span> <span class='ocrx_word' id='word_1_46' title='bbox 914 1099 1108 1162; x_wconf 88' lang='lat' dir='ltr'>celebravit</span> <span class='ocrx_word' id='word_1_47' title='bbox 1123 1100 1157 1180; x_wconf 77' lang='grc'>2).</span> <span class='ocrx_word' id='word_1_48' title='bbox 1202 1099 1261 1162; x_wconf 88' lang='lat' dir='ltr'>Ab</span> <span class='ocrx_word' id='word_1_49' title='bbox 1277 1098 1485 1182; x_wconf 88' lang='lat' dir='ltr'>Hertweigo</span> <span class='ocrx_word' id='word_1_50' title='bbox 1501 1098 1611 1162; x_wconf 87' lang='lat' dir='ltr'>fratre</span> <span class='ocrx_word' id='word_1_51' title='bbox 1635 1118 1807 1163; x_wconf 87' lang='lat' dir='ltr'>converso</span> <span class='ocrx_word' id='word_1_52' title='bbox 1831 1121 1952 1163; x_wconf 91' lang='lat' dir='ltr'>mona·</span> 
     </span>
     <span class='ocr_line' id='line_1_6' title="bbox 221 1237 1951 1323; baseline 0.001 -21"><span class='ocrx_word' id='word_1_53' title='bbox 221 1240 320 1303; x_wconf 88' lang='lat' dir='ltr'>sterii</span> <span class='ocrx_word' id='word_1_54' title='bbox 344 1238 618 1302; x_wconf 88' lang='lat' dir='ltr'>Cremifanensis</span> <span class='ocrx_word' id='word_1_55' title='bbox 641 1248 777 1321; x_wconf 89' lang='lat' dir='ltr'>narrat,</span> <span class='ocrx_word' id='word_1_56' title='bbox 805 1239 866 1321; x_wconf 92' lang='lat' dir='ltr'>qui</span> <span class='ocrx_word' id='word_1_57' title='bbox 888 1238 1031 1321; x_wconf 83' lang='lat' dir='ltr'><strong>scripsit</strong></span> <span class='ocrx_word' id='word_1_58' title='bbox 1054 1239 1210 1320; x_wconf 88' lang='lat' dir='ltr'>annales,</span> <span class='ocrx_word' id='word_1_59' title='bbox 1242 1258 1385 1323; x_wconf 83' lang='lat' dir='ltr'>„omnes</span> <span class='ocrx_word' id='word_1_60' title='bbox 1413 1237 1591 1302; x_wconf 84' lang='lat' dir='ltr'>fenestras</span> <span class='ocrx_word' id='word_1_61' title='bbox 1617 1241 1821 1303; x_wconf 88' lang='lat' dir='ltr'>monasterii</span> <span class='ocrx_word' id='word_1_62' title='bbox 1849 1241 1951 1304; x_wconf 88' lang='lat' dir='ltr'>vitris</span> 
     </span>
     <span class='ocr_line' id='line_1_7' title="bbox 220 1376 1953 1463; baseline 0 -21"><span class='ocrx_word' id='word_1_63' title='bbox 220 1380 401 1463; x_wconf 89' lang='lat' dir='ltr'>pulchrius</span> <span class='ocrx_word' id='word_1_64' title='bbox 424 1378 630 1442; x_wconf 82' lang='lat' dir='ltr'>decoratas“</span> <span class='ocrx_word' id='word_1_65' title='bbox 645 1380 669 1460; x_wconf 81' lang='lat'>³)</span> <span class='ocrx_word' id='word_1_66' title='bbox 701 1389 737 1442; x_wconf 91' lang='lat' dir='ltr'>et</span> <span class='ocrx_word' id='word_1_67' title='bbox 768 1380 813 1441; x_wconf 88' lang='lat' dir='ltr'>de</span> <span class='ocrx_word' id='word_1_68' title='bbox 835 1378 1071 1461; x_wconf 87' lang='lat' dir='ltr'>Reginhardo</span> <span class='ocrx_word' id='word_1_69' title='bbox 1099 1380 1230 1442; x_wconf 85' lang='lat' dir='ltr'>abbate</span> <span class='ocrx_word' id='word_1_70' title='bbox 1254 1376 1460 1443; x_wconf 76' lang='lat' dir='ltr'>sazaviensi</span> <span class='ocrx_word' id='word_1_71' title='bbox 1483 1388 1759 1441; x_wconf 90' lang='lat' dir='ltr'>commemorant</span> <span class='ocrx_word' id='word_1_72' title='bbox 1781 1379 1862 1442; x_wconf 87' lang='lat' dir='ltr'><strong>libri</strong></span> <span class='ocrx_word' id='word_1_73' title='bbox 1891 1400 1953 1442; x_wconf 89' lang='lat' dir='ltr'>an·</span> 
     </span>
     <span class='ocr_line' id='line_1_8' title="bbox 221 1516 1952 1602; baseline 0 -21"><span class='ocrx_word' id='word_1_74' title='bbox 221 1519 336 1581; x_wconf 87' lang='lat' dir='ltr'>nales:</span> <span class='ocrx_word' id='word_1_75' title='bbox 371 1518 456 1602; x_wconf 85' lang='lat' dir='ltr'>,fuit</span> <span class='ocrx_word' id='word_1_76' title='bbox 479 1538 548 1581; x_wconf 93' lang='lat' dir='ltr'>non</span> <span class='ocrx_word' id='word_1_77' title='bbox 572 1517 718 1601; x_wconf 90' lang='lat' dir='ltr'>ignarus</span> <span class='ocrx_word' id='word_1_78' title='bbox 741 1517 827 1581; x_wconf 86' lang='lat' dir='ltr'>artis</span> <span class='ocrx_word' id='word_1_79' title='bbox 850 1528 887 1581; x_wconf 91' lang='lat' dir='ltr'>et</span> <span class='ocrx_word' id='word_1_80' title='bbox 909 1517 1032 1600; x_wconf 77' lang='lat' dir='ltr'>omniS,</span> <span class='ocrx_word' id='word_1_81' title='bbox 1065 1537 1157 1599; x_wconf 90' lang='lat' dir='ltr'>quae</span> <span class='ocrx_word' id='word_1_82' title='bbox 1181 1537 1227 1580; x_wconf 84' lang='lat' dir='ltr'>ex</span> <span class='ocrx_word' id='word_1_83' title='bbox 1250 1518 1343 1581; x_wconf 89' lang='lat' dir='ltr'>vitro</span> <span class='ocrx_word' id='word_1_84' title='bbox 1371 1516 1447 1580; x_wconf 88' lang='lat' dir='ltr'>fieri</span> <span class='ocrx_word' id='word_1_85' title='bbox 1476 1518 1582 1600; x_wconf 88' lang='lat' dir='ltr'>solet,</span> <span class='ocrx_word' id='word_1_86' title='bbox 1614 1518 1902 1599; x_wconf 81' lang='lat' dir='ltr'>compositionis“</span> <span class='ocrx_word' id='word_1_87' title='bbox 1918 1521 1952 1600; x_wconf 75' lang='grc'>4).</span> 
     </span>
    </p>

    <p class='ocr_par' dir='ltr' id='par_1_3' title="bbox 220 1655 1952 1877">
     <span class='ocr_line' id='line_1_9' title="bbox 350 1655 1952 1738; baseline 0.001 -19"><span class='ocrx_word' id='word_1_88' title='bbox 350 1657 476 1720; x_wconf 88' lang='lat' dir='ltr'>Fuisse</span> <span class='ocrx_word' id='word_1_89' title='bbox 493 1657 609 1738; x_wconf 89' lang='lat' dir='ltr'>etiam,</span> <span class='ocrx_word' id='word_1_90' title='bbox 627 1656 687 1738; x_wconf 93' lang='lat' dir='ltr'>qui</span> <span class='ocrx_word' id='word_1_91' title='bbox 702 1655 960 1719; x_wconf 88' lang='lat' dir='ltr'>architecturae</span> <span class='ocrx_word' id='word_1_92' title='bbox 976 1655 1181 1738; x_wconf 87' lang='lat' dir='ltr'>peritissimi</span> <span class='ocrx_word' id='word_1_93' title='bbox 1198 1666 1328 1738; x_wconf 87' lang='lat' dir='ltr'>essent,</span> <span class='ocrx_word' id='word_1_94' title='bbox 1349 1655 1438 1718; x_wconf 91' lang='lat' dir='ltr'>satis</span> <span class='ocrx_word' id='word_1_95' title='bbox 1454 1658 1688 1738; x_wconf 90' lang='lat' dir='ltr'>comprobant</span> <span class='ocrx_word' id='word_1_96' title='bbox 1708 1657 1788 1719; x_wconf 91' lang='lat' dir='ltr'>libri</span> <span class='ocrx_word' id='word_1_97' title='bbox 1804 1658 1952 1720; x_wconf 90' lang='lat' dir='ltr'>annales</span> 
     </span>
     <span class='ocr_line' id='line_1_10' title="bbox 220 1793 1585 1877; baseline -0.001 -19"><span class='ocrx_word' id='word_1_98' title='bbox 220 1795 512 1859; x_wconf 83' lang='lat' dir='ltr'>monasteriorum</span> <span class='ocrx_word' id='word_1_99' title='bbox 537 1804 572 1857; x_wconf 92' lang='lat' dir='ltr'>et</span> <span class='ocrx_word' id='word_1_100' title='bbox 595 1793 805 1877; x_wconf 88' lang='lat' dir='ltr'>magnificae</span> <span class='ocrx_word' id='word_1_101' title='bbox 830 1793 1003 1857; x_wconf 87' lang='lat' dir='ltr'>ecclesiae</span> <span class='ocrx_word' id='word_1_102' title='bbox 1025 1802 1080 1857; x_wconf 92' lang='lat' dir='ltr'>tot</span> <span class='ocrx_word' id='word_1_103' title='bbox 1103 1793 1255 1856; x_wconf 88' lang='lat' dir='ltr'>saeculis</span> <span class='ocrx_word' id='word_1_104' title='bbox 1278 1813 1347 1856; x_wconf 95' lang='lat' dir='ltr'>non</span> <span class='ocrx_word' id='word_1_105' title='bbox 1372 1795 1585 1858; x_wconf 85' lang='lat' dir='ltr'>destructae.</span> 
     </span>
    </p>

    <p class='ocr_par' dir='ltr' id='par_1_4' title="bbox 219 1933 1954 2573">
     <span class='ocr_line' id='line_1_11' title="bbox 353 1933 1954 2016; baseline 0 -19"><span class='ocrx_word' id='word_1_106' title='bbox 353 1936 428 1998; x_wconf 90' lang='lat' dir='ltr'>Iam</span> <span class='ocrx_word' id='word_1_107' title='bbox 452 1937 498 1997; x_wconf 87' lang='lat' dir='ltr'>ab</span> <span class='ocrx_word' id='word_1_108' title='bbox 521 1935 676 2016; x_wconf 92' lang='lat' dir='ltr'>antiquis</span> <span class='ocrx_word' id='word_1_109' title='bbox 699 1933 919 2016; x_wconf 84' lang='lat' dir='ltr'>temporibus</span> <span class='ocrx_word' id='word_1_110' title='bbox 943 1933 1049 1997; x_wconf 88' lang='lat' dir='ltr'>etiam</span> <span class='ocrx_word' id='word_1_111' title='bbox 1066 1934 1134 1996; x_wconf 89' lang='lat' dir='ltr'>arti</span> <span class='ocrx_word' id='word_1_112' title='bbox 1150 1933 1306 1997; x_wconf 90' lang='lat' dir='ltr'>musicae</span> <span class='ocrx_word' id='word_1_113' title='bbox 1323 1933 1595 2016; x_wconf 86' lang='lat' dir='ltr'>diligentissima</span> <span class='ocrx_word' id='word_1_114' title='bbox 1612 1953 1696 1997; x_wconf 90' lang='lat' dir='ltr'>cura</span> <span class='ocrx_word' id='word_1_115' title='bbox 1713 1934 1873 1998; x_wconf 90' lang='lat' dir='ltr'>adhibita</span> <span class='ocrx_word' id='word_1_116' title='bbox 1898 1946 1954 1998; x_wconf 89' lang='lat' dir='ltr'>est</span> 
     </span>
     <span class='ocr_line' id='line_1_12' title="bbox 220 2071 1952 2156; baseline 0 -20"><span class='ocrx_word' id='word_1_117' title='bbox 220 2075 255 2137; x_wconf 91' lang='lat' dir='ltr'>in</span> <span class='ocrx_word' id='word_1_118' title='bbox 279 2074 439 2138; x_wconf 90' lang='lat' dir='ltr'>ecclesiis</span> <span class='ocrx_word' id='word_1_119' title='bbox 463 2073 595 2135; x_wconf 88' lang='lat' dir='ltr'>ordinis</span> <span class='ocrx_word' id='word_1_120' title='bbox 618 2073 739 2135; x_wconf 90' lang='lat' dir='ltr'>nostri.</span> <span class='ocrx_word' id='word_1_121' title='bbox 771 2073 863 2153; x_wconf 82' lang='lat' dir='ltr'>Quin</span> <span class='ocrx_word' id='word_1_122' title='bbox 888 2072 994 2135; x_wconf 88' lang='lat' dir='ltr'>etiam</span> <span class='ocrx_word' id='word_1_123' title='bbox 1017 2079 1143 2134; x_wconf 90' lang='lat' dir='ltr'>cantus</span> <span class='ocrx_word' id='word_1_124' title='bbox 1164 2071 1316 2135; x_wconf 87' lang='lat' dir='ltr'>choralis</span> <span class='ocrx_word' id='word_1_125' title='bbox 1331 2073 1485 2135; x_wconf 85' lang='lat' dir='ltr'>maxima</span> <span class='ocrx_word' id='word_1_126' title='bbox 1500 2092 1585 2154; x_wconf 88' lang='lat' dir='ltr'>pars</span> <span class='ocrx_word' id='word_1_127' title='bbox 1606 2083 1683 2136; x_wconf 88' lang='lat' dir='ltr'>erat</span> <span class='ocrx_word' id='word_1_128' title='bbox 1699 2075 1814 2136; x_wconf 91' lang='lat' dir='ltr'>cultus</span> <span class='ocrx_word' id='word_1_129' title='bbox 1830 2074 1952 2156; x_wconf 90' lang='lat' dir='ltr'>divini,</span> 
     </span>
     <span class='ocr_line' id='line_1_13' title="bbox 221 2211 1952 2296; baseline -0.002 -19"><span class='ocrx_word' id='word_1_130' title='bbox 221 2216 359 2296; x_wconf 90' lang='lat' dir='ltr'>qualem</span> <span class='ocrx_word' id='word_1_131' title='bbox 392 2234 419 2276; x_wconf 88' lang='lat' dir='ltr'>s.</span> <span class='ocrx_word' id='word_1_132' title='bbox 446 2213 633 2276; x_wconf 87' lang='lat' dir='ltr'>Benedicti</span> <span class='ocrx_word' id='word_1_133' title='bbox 663 2212 725 2276; x_wconf 88' lang='lat' dir='ltr'>filii</span> <span class='ocrx_word' id='word_1_134' title='bbox 752 2214 919 2295; x_wconf 88' lang='lat' dir='ltr'>agebant.</span> <span class='ocrx_word' id='word_1_135' title='bbox 940 2213 1072 2294; x_wconf 90' lang='lat' dir='ltr'>&#39;Apud</span> <span class='ocrx_word' id='word_1_136' title='bbox 1100 2232 1221 2274; x_wconf 92' lang='lat' dir='ltr'>omnes</span> <span class='ocrx_word' id='word_1_137' title='bbox 1249 2211 1392 2293; x_wconf 92' lang='lat' dir='ltr'>quidem</span> <span class='ocrx_word' id='word_1_138' title='bbox 1419 2221 1615 2294; x_wconf 88' lang='lat' dir='ltr'>praecepta</span> <span class='ocrx_word' id='word_1_139' title='bbox 1646 2212 1831 2295; x_wconf 90' lang='lat' dir='ltr'>primaria,</span> <span class='ocrx_word' id='word_1_140' title='bbox 1860 2233 1952 2294; x_wconf 90' lang='lat' dir='ltr'>quae</span> 
     </span>
     <span class='ocr_line' id='line_1_14' title="bbox 219 2351 1951 2457; baseline -0.001 -42"><span class='ocrx_word' id='word_1_141' title='bbox 219 2373 369 2435; x_wconf 89' lang='lat' dir='ltr'>magnus</span> <span class='ocrx_word' id='word_1_142' title='bbox 385 2354 486 2434; x_wconf 90' lang='lat' dir='ltr'>Papa</span> <span class='ocrx_word' id='word_1_143' title='bbox 507 2351 703 2434; x_wconf 85' lang='lat' dir='ltr'>Gregorius</span> <span class='ocrx_word' id='word_1_144' title='bbox 726 2353 751 2415; x_wconf 93' lang='grc' dir='ltr'>Ι.</span> <span class='ocrx_word' id='word_1_145' title='bbox 778 2354 972 2457; x_wconf 67' lang='lat' dir='ltr'>(Suo-604)</span> <span class='ocrx_word' id='word_1_146' title='bbox 998 2352 1209 2434; x_wconf 85' lang='lat' dir='ltr'>instituerat,</span> <span class='ocrx_word' id='word_1_147' title='bbox 1233 2353 1416 2433; x_wconf 88' lang='lat' dir='ltr'>valebant,</span> <span class='ocrx_word' id='word_1_148' title='bbox 1448 2351 1539 2414; x_wconf 91' lang='lat' dir='ltr'>inter</span> <span class='ocrx_word' id='word_1_149' title='bbox 1562 2352 1721 2434; x_wconf 91' lang='lat' dir='ltr'>singulos</span> <span class='ocrx_word' id='word_1_150' title='bbox 1745 2371 1830 2414; x_wconf 88' lang='lat' dir='ltr'>vero</span> <span class='ocrx_word' id='word_1_151' title='bbox 1853 2354 1951 2415; x_wconf 91' lang='lat' dir='ltr'>haud</span> 
     </span>
     <span class='ocr_line' id='line_1_15' title="bbox 220 2489 1952 2573; baseline 0 -20"><span class='ocrx_word' id='word_1_152' title='bbox 220 2510 299 2554; x_wconf 91' lang='lat' dir='ltr'>raro</span> <span class='ocrx_word' id='word_1_153' title='bbox 323 2510 453 2573; x_wconf 87' lang='lat' dir='ltr'>magna</span> <span class='ocrx_word' id='word_1_154' title='bbox 477 2490 651 2553; x_wconf 89' lang='lat' dir='ltr'>dissensio</span> <span class='ocrx_word' id='word_1_155' title='bbox 674 2490 934 2572; x_wconf 84' lang='lat' dir='ltr'>intercedebat,</span> <span class='ocrx_word' id='word_1_156' title='bbox 958 2489 996 2552; x_wconf 93' lang='lat' dir='ltr'>id</span> <span class='ocrx_word' id='word_1_157' title='bbox 1020 2491 1115 2571; x_wconf 94' lang='lat' dir='ltr'>quod</span> <span class='ocrx_word' id='word_1_158' title='bbox 1138 2489 1271 2552; x_wconf 89' lang='lat' dir='ltr'>factum</span> <span class='ocrx_word' id='word_1_159' title='bbox 1295 2497 1372 2552; x_wconf 89' lang='lat' dir='ltr'>erat</span> <span class='ocrx_word' id='word_1_160' title='bbox 1394 2489 1430 2552; x_wconf 93' lang='lat' dir='ltr'>in</span> <span class='ocrx_word' id='word_1_161' title='bbox 1454 2491 1678 2554; x_wconf 88' lang='lat' dir='ltr'>monasteriis</span> <span class='ocrx_word' id='word_1_162' title='bbox 1694 2489 1952 2553; x_wconf 88' lang='lat' dir='ltr'>Cremifanensi</span> 
     </span>
    </p>
   </div>
   <div class='ocr_carea' id='block_1_3' title="bbox 221 2627 1952 2695">
    <p class='ocr_par' dir='ltr' id='par_1_5' title="bbox 221 2627 1952 2695">
     <span class='ocr_line' id='line_1_16' title="bbox 221 2627 1952 2695; baseline 0.001 -3"><span class='ocrx_word' id='word_1_163' title='bbox 221 2640 257 2692; x_wconf 93' lang='lat' dir='ltr'>et</span> <span class='ocrx_word' id='word_1_164' title='bbox 290 2630 536 2692; x_wconf 88' lang='lat' dir='ltr'>Admontensi.</span> <span class='ocrx_word' id='word_1_165' title='bbox 583 2627 734 2693; x_wconf 89' lang='lat' dir='ltr'>Saeculo</span> <span class='ocrx_word' id='word_1_166' title='bbox 768 2630 881 2695; x_wconf 88' lang='lat' dir='ltr'>tertio</span> <span class='ocrx_word' id='word_1_167' title='bbox 908 2629 1046 2692; x_wconf 87' lang='lat' dir='ltr'>decimo</span> <span class='ocrx_word' id='word_1_168' title='bbox 1080 2632 1220 2693; x_wconf 92' lang='lat' dir='ltr'>demum</span> <span class='ocrx_word' id='word_1_169' title='bbox 1255 2640 1381 2692; x_wconf 89' lang='lat' dir='ltr'>cantus</span> <span class='ocrx_word' id='word_1_170' title='bbox 1417 2629 1568 2692; x_wconf 91' lang='lat' dir='ltr'>choralis</span> <span class='ocrx_word' id='word_1_171' title='bbox 1598 2630 1634 2692; x_wconf 92' lang='lat' dir='ltr'>in</span> <span class='ocrx_word' id='word_1_172' title='bbox 1666 2629 1886 2693; x_wconf 87' lang='lat' dir='ltr'>Germanicis</span> <span class='ocrx_word' id='word_1_173' title='bbox 1917 2641 1952 2694; x_wconf 91' lang='lat' dir='ltr'>et</span> 
     </span>
    </p>
   </div>
   <div class='ocr_carea' id='block_1_4' title="bbox 222 2768 1952 2853">
    <p class='ocr_par' dir='ltr' id='par_1_6' title="bbox 222 2768 1952 2853">
     <span class='ocr_line' id='line_1_17' title="bbox 222 2768 1952 2853; baseline -0.001 -21"><span class='ocrx_word' id='word_1_174' title='bbox 222 2769 422 2832; x_wconf 87' lang='lat' dir='ltr'>Austriacis</span> <span class='ocrx_word' id='word_1_175' title='bbox 445 2769 667 2832; x_wconf 89' lang='lat' dir='ltr'>monasteriis</span> <span class='ocrx_word' id='word_1_176' title='bbox 690 2771 856 2852; x_wconf 83' lang='lat' dir='ltr'>expletus</span> <span class='ocrx_word' id='word_1_177' title='bbox 878 2770 1064 2852; x_wconf 81' lang='lat' dir='ltr'>magisque</span> <span class='ocrx_word' id='word_1_178' title='bbox 1088 2778 1263 2851; x_wconf 91' lang='lat' dir='ltr'>aequatus</span> <span class='ocrx_word' id='word_1_179' title='bbox 1284 2779 1349 2851; x_wconf 90' lang='lat' dir='ltr'>est,</span> <span class='ocrx_word' id='word_1_180' title='bbox 1373 2790 1453 2833; x_wconf 91' lang='lat' dir='ltr'>cum</span> <span class='ocrx_word' id='word_1_181' title='bbox 1478 2770 1584 2832; x_wconf 91' lang='lat' dir='ltr'>iidem</span> <span class='ocrx_word' id='word_1_182' title='bbox 1611 2768 1815 2853; x_wconf 75' lang='lat' dir='ltr'>„cantores“</span> <span class='ocrx_word' id='word_1_183' title='bbox 1843 2789 1952 2850; x_wconf 89' lang='lat' dir='ltr'>saepe</span> 
     </span>
    </p>
   </div>
   <div class='ocr_carea' id='block_1_5' title="bbox 218 2908 1952 4385">
    <p class='ocr_par' dir='ltr' id='par_1_7' title="bbox 220 2908 1367 2988">
     <span class='ocr_line' id='line_1_18' title="bbox 220 2908 1367 2988; baseline 0.002 -19"><span class='ocrx_word' id='word_1_184' title='bbox 220 2908 372 2988; x_wconf 93' lang='lat' dir='ltr'>plurium</span> <span class='ocrx_word' id='word_1_185' title='bbox 395 2909 688 2971; x_wconf 87' lang='lat' dir='ltr'>monasteriorum</span> <span class='ocrx_word' id='word_1_186' title='bbox 711 2909 902 2972; x_wconf 89' lang='lat' dir='ltr'>monachos</span> <span class='ocrx_word' id='word_1_187' title='bbox 926 2909 1105 2971; x_wconf 85' lang='lat' dir='ltr'>erudirent</span> <span class='ocrx_word' id='word_1_188' title='bbox 1129 2920 1165 2972; x_wconf 90' lang='lat' dir='ltr'>et</span> <span class='ocrx_word' id='word_1_189' title='bbox 1188 2911 1367 2972; x_wconf 88' lang='lat' dir='ltr'>docerent.</span> 
     </span>
    </p>

    <p class='ocr_par' dir='ltr' id='par_1_8' title="bbox 219 3046 1952 3547">
     <span class='ocr_line' id='line_1_19' title="bbox 351 3046 1952 3130; baseline -0.001 -19"><span class='ocrx_word' id='word_1_190' title='bbox 351 3047 494 3130; x_wconf 88' lang='lat' dir='ltr'>Optime</span> <span class='ocrx_word' id='word_1_191' title='bbox 518 3048 663 3110; x_wconf 90' lang='lat' dir='ltr'>meritus</span> <span class='ocrx_word' id='word_1_192' title='bbox 687 3057 742 3110; x_wconf 91' lang='lat' dir='ltr'>est</span> <span class='ocrx_word' id='word_1_193' title='bbox 766 3049 810 3109; x_wconf 91' lang='lat' dir='ltr'>de</span> <span class='ocrx_word' id='word_1_194' title='bbox 833 3057 909 3109; x_wconf 91' lang='lat' dir='ltr'>arte</span> <span class='ocrx_word' id='word_1_195' title='bbox 933 3047 1066 3109; x_wconf 88' lang='lat' dir='ltr'>musica</span> <span class='ocrx_word' id='word_1_196' title='bbox 1089 3058 1125 3111; x_wconf 91' lang='lat' dir='ltr'>et</span> <span class='ocrx_word' id='word_1_197' title='bbox 1149 3058 1255 3110; x_wconf 89' lang='lat' dir='ltr'>cantu</span> <span class='ocrx_word' id='word_1_198' title='bbox 1276 3047 1478 3110; x_wconf 88' lang='lat' dir='ltr'>Fridericus</span> <span class='ocrx_word' id='word_1_199' title='bbox 1502 3050 1545 3110; x_wconf 88' lang='lat' dir='ltr'>de</span> <span class='ocrx_word' id='word_1_200' title='bbox 1562 3047 1665 3128; x_wconf 84' lang='lat' dir='ltr'>Aich,</span> <span class='ocrx_word' id='word_1_201' title='bbox 1689 3050 1804 3110; x_wconf 87' lang='lat' dir='ltr'>abbas</span> <span class='ocrx_word' id='word_1_202' title='bbox 1821 3046 1952 3110; x_wconf 88' lang='lat' dir='ltr'>Cremi-</span> 
     </span>
     <span class='ocr_line' id='line_1_20' title="bbox 219 3185 1950 3270; baseline 0.001 -21"><span class='ocrx_word' id='word_1_203' title='bbox 219 3187 386 3268; x_wconf 89' lang='lat' dir='ltr'>fanensis,</span> <span class='ocrx_word' id='word_1_204' title='bbox 410 3209 431 3250; x_wconf 88' lang='lat' dir='ltr'>a</span> <span class='ocrx_word' id='word_1_205' title='bbox 455 3207 525 3268; x_wconf 91' lang='lat' dir='ltr'>quo</span> <span class='ocrx_word' id='word_1_206' title='bbox 548 3188 725 3250; x_wconf 91' lang='lat' dir='ltr'>annalium</span> <span class='ocrx_word' id='word_1_207' title='bbox 748 3185 901 3266; x_wconf 88' lang='lat' dir='ltr'>scriptor</span> <span class='ocrx_word' id='word_1_208' title='bbox 916 3199 1035 3249; x_wconf 88' lang='lat' dir='ltr'>narrat</span> <span class='ocrx_word' id='word_1_209' title='bbox 1053 3187 1309 3270; x_wconf 83' lang='lat' dir='ltr'>„introductum</span> <span class='ocrx_word' id='word_1_210' title='bbox 1326 3207 1405 3249; x_wconf 89' lang='lat' dir='ltr'>esse</span> <span class='ocrx_word' id='word_1_211' title='bbox 1421 3206 1523 3250; x_wconf 92' lang='lat' dir='ltr'>usum</span> <span class='ocrx_word' id='word_1_212' title='bbox 1540 3187 1625 3250; x_wconf 90' lang='lat' dir='ltr'>artis</span> <span class='ocrx_word' id='word_1_213' title='bbox 1642 3187 1817 3250; x_wconf 75' lang='lat' dir='ltr'>musicae“</span> <span class='ocrx_word' id='word_1_214' title='bbox 1833 3190 1868 3268; x_wconf 86' lang='grc'>5).</span> <span class='ocrx_word' id='word_1_215' title='bbox 1909 3188 1950 3250; x_wconf 93' lang='lat' dir='ltr'>In</span> 
     </span>
     <span class='ocr_line' id='line_1_21' title="bbox 219 3325 1951 3409; baseline 0 -21"><span class='ocrx_word' id='word_1_216' title='bbox 219 3326 391 3389; x_wconf 90' lang='lat' dir='ltr'>Bohemia</span> <span class='ocrx_word' id='word_1_217' title='bbox 414 3347 441 3389; x_wconf 94' lang='lat' dir='ltr'>s.</span> <span class='ocrx_word' id='word_1_218' title='bbox 465 3327 686 3389; x_wconf 88' lang='lat' dir='ltr'>Adalbertus</span> <span class='ocrx_word' id='word_1_219' title='bbox 709 3325 863 3388; x_wconf 90' lang='lat' dir='ltr'>animum</span> <span class='ocrx_word' id='word_1_220' title='bbox 886 3326 1038 3388; x_wconf 91' lang='lat' dir='ltr'>intendit</span> <span class='ocrx_word' id='word_1_221' title='bbox 1060 3326 1095 3388; x_wconf 91' lang='lat' dir='ltr'>in</span> <span class='ocrx_word' id='word_1_222' title='bbox 1120 3328 1305 3390; x_wconf 91' lang='lat' dir='ltr'>colendum</span> <span class='ocrx_word' id='word_1_223' title='bbox 1337 3336 1478 3390; x_wconf 89' lang='lat' dir='ltr'>cantum</span> <span class='ocrx_word' id='word_1_224' title='bbox 1510 3339 1546 3389; x_wconf 93' lang='lat' dir='ltr'>et</span> <span class='ocrx_word' id='word_1_225' title='bbox 1582 3327 1616 3389; x_wconf 94' lang='lat' dir='ltr'>in</span> <span class='ocrx_word' id='word_1_226' title='bbox 1639 3327 1826 3409; x_wconf 88' lang='lat' dir='ltr'>Hungaria</span> <span class='ocrx_word' id='word_1_227' title='bbox 1850 3346 1951 3389; x_wconf 86' lang='lat' dir='ltr'>exer-</span> 
     </span>
     <span class='ocr_line' id='line_1_22' title="bbox 220 3465 1264 3547; baseline 0.001 -20"><span class='ocrx_word' id='word_1_228' title='bbox 220 3467 348 3528; x_wconf 90' lang='lat' dir='ltr'>cebant</span> <span class='ocrx_word' id='word_1_229' title='bbox 372 3485 450 3527; x_wconf 90' lang='lat' dir='ltr'>eum</span> <span class='ocrx_word' id='word_1_230' title='bbox 475 3465 667 3546; x_wconf 90' lang='lat' dir='ltr'>praecipue</span> <span class='ocrx_word' id='word_1_231' title='bbox 691 3465 853 3527; x_wconf 85' lang='lat' dir='ltr'>monachi</span> <span class='ocrx_word' id='word_1_232' title='bbox 876 3465 1008 3528; x_wconf 91' lang='lat' dir='ltr'>Montis</span> <span class='ocrx_word' id='word_1_233' title='bbox 1032 3465 1214 3529; x_wconf 85' lang='lat' dir='ltr'>Panoniae</span> <span class='ocrx_word' id='word_1_234' title='bbox 1229 3466 1264 3547; x_wconf 83' lang='lat'>⁶).</span> 
     </span>
    </p>

    <p class='ocr_par' dir='ltr' id='par_1_9' title="bbox 218 3605 1951 4385">
     <span class='ocr_line' id='line_1_23' title="bbox 349 3605 1951 3689; baseline 0.001 -23"><span class='ocrx_word' id='word_1_235' title='bbox 349 3605 424 3667; x_wconf 90' lang='lat' dir='ltr'>Iam</span> <span class='ocrx_word' id='word_1_236' title='bbox 454 3625 539 3667; x_wconf 90' lang='lat' dir='ltr'>vero</span> <span class='ocrx_word' id='word_1_237' title='bbox 574 3605 652 3686; x_wconf 88' lang='lat' dir='ltr'>ipsa</span> <span class='ocrx_word' id='word_1_238' title='bbox 687 3626 744 3667; x_wconf 89' lang='lat' dir='ltr'>ars</span> <span class='ocrx_word' id='word_1_239' title='bbox 779 3605 957 3668; x_wconf 90' lang='lat' dir='ltr'>scribendi</span> <span class='ocrx_word' id='word_1_240' title='bbox 986 3606 1229 3689; x_wconf 89' lang='lat' dir='ltr'>pingendique</span> <span class='ocrx_word' id='word_1_241' title='bbox 1264 3606 1399 3669; x_wconf 89' lang='lat' dir='ltr'>animos</span> <span class='ocrx_word' id='word_1_242' title='bbox 1431 3605 1603 3668; x_wconf 87' lang='lat' dir='ltr'>excitavit</span> <span class='ocrx_word' id='word_1_243' title='bbox 1635 3607 1681 3667; x_wconf 93' lang='lat' dir='ltr'>ad</span> <span class='ocrx_word' id='word_1_244' title='bbox 1712 3605 1951 3668; x_wconf 88' lang='lat' dir='ltr'>doctrinarum</span> 
     </span>
     <span class='ocr_line' id='line_1_24' title="bbox 219 3743 1951 3829; baseline 0.001 -23"><span class='ocrx_word' id='word_1_245' title='bbox 219 3745 386 3807; x_wconf 93' lang='lat' dir='ltr'>studium.</span> <span class='ocrx_word' id='word_1_246' title='bbox 432 3745 472 3807; x_wconf 93' lang='lat' dir='ltr'>In</span> <span class='ocrx_word' id='word_1_247' title='bbox 495 3745 550 3807; x_wconf 93' lang='lat' dir='ltr'>his</span> <span class='ocrx_word' id='word_1_248' title='bbox 574 3743 761 3825; x_wconf 90' lang='lat' dir='ltr'>disciplina</span> <span class='ocrx_word' id='word_1_249' title='bbox 783 3746 995 3828; x_wconf 85' lang='lat' dir='ltr'>theologica,</span> <span class='ocrx_word' id='word_1_250' title='bbox 1026 3746 1078 3808; x_wconf 93' lang='lat' dir='ltr'>uti</span> <span class='ocrx_word' id='word_1_251' title='bbox 1106 3766 1171 3828; x_wconf 88' lang='lat' dir='ltr'>par</span> <span class='ocrx_word' id='word_1_252' title='bbox 1200 3757 1264 3828; x_wconf 91' lang='lat' dir='ltr'>est,</span> <span class='ocrx_word' id='word_1_253' title='bbox 1293 3746 1489 3829; x_wconf 88' lang='lat' dir='ltr'>principem</span> <span class='ocrx_word' id='word_1_254' title='bbox 1512 3747 1629 3808; x_wconf 92' lang='lat' dir='ltr'>locum</span> <span class='ocrx_word' id='word_1_255' title='bbox 1654 3745 1800 3808; x_wconf 90' lang='lat' dir='ltr'>obtinet.</span> <span class='ocrx_word' id='word_1_256' title='bbox 1846 3745 1951 3825; x_wconf 82' lang='lat' dir='ltr'>Quod</span> 
     </span>
     <span class='ocr_line' id='line_1_25' title="bbox 218 3883 1951 3966; baseline -0.001 -19"><span class='ocrx_word' id='word_1_257' title='bbox 218 3883 400 3966; x_wconf 89' lang='lat' dir='ltr'>theologia</span> <span class='ocrx_word' id='word_1_258' title='bbox 424 3903 535 3964; x_wconf 90' lang='lat' dir='ltr'>usque</span> <span class='ocrx_word' id='word_1_259' title='bbox 559 3885 604 3946; x_wconf 89' lang='lat' dir='ltr'>ad</span> <span class='ocrx_word' id='word_1_260' title='bbox 628 3884 808 3946; x_wconf 88' lang='lat' dir='ltr'>saeculum</span> <span class='ocrx_word' id='word_1_261' title='bbox 832 3895 997 3966; x_wconf 90' lang='lat' dir='ltr'>quartum</span> <span class='ocrx_word' id='word_1_262' title='bbox 1021 3885 1195 3947; x_wconf 90' lang='lat' dir='ltr'>decimum</span> <span class='ocrx_word' id='word_1_263' title='bbox 1219 3885 1504 3966; x_wconf 88' lang='lat' dir='ltr'>comprehendit,</span> <span class='ocrx_word' id='word_1_264' title='bbox 1536 3904 1606 3947; x_wconf 90' lang='lat' dir='ltr'>non</span> <span class='ocrx_word' id='word_1_265' title='bbox 1635 3885 1781 3946; x_wconf 91' lang='lat' dir='ltr'>multum</span> <span class='ocrx_word' id='word_1_266' title='bbox 1810 3896 1886 3946; x_wconf 87' lang='lat' dir='ltr'>erat</span> <span class='ocrx_word' id='word_1_267' title='bbox 1915 3892 1951 3946; x_wconf 88' lang='lat' dir='ltr'>et</span> 
     </span>
     <span class='ocr_line' id='line_1_26' title="bbox 218 4022 1949 4106; baseline 0.001 -22"><span class='ocrx_word' id='word_1_268' title='bbox 218 4023 253 4085; x_wconf 90' lang='lat' dir='ltr'>in</span> <span class='ocrx_word' id='word_1_269' title='bbox 271 4022 529 4105; x_wconf 88' lang='lat' dir='ltr'>cognoscendis</span> <span class='ocrx_word' id='word_1_270' title='bbox 545 4041 572 4085; x_wconf 92' lang='lat' dir='ltr'>s.</span> <span class='ocrx_word' id='word_1_271' title='bbox 586 4023 771 4104; x_wconf 88' lang='lat' dir='ltr'>scripturis</span> <span class='ocrx_word' id='word_1_272' title='bbox 787 4026 1007 4104; x_wconf 89' lang='lat' dir='ltr'>versabatur,</span> <span class='ocrx_word' id='word_1_273' title='bbox 1024 4024 1192 4105; x_wconf 90' lang='lat' dir='ltr'>operibus</span> <span class='ocrx_word' id='word_1_274' title='bbox 1209 4045 1235 4086; x_wconf 84' lang='lat' dir='ltr'>S.</span> <span class='ocrx_word' id='word_1_275' title='bbox 1249 4025 1407 4105; x_wconf 92' lang='lat' dir='ltr'>Patrum,</span> <span class='ocrx_word' id='word_1_276' title='bbox 1424 4022 1565 4105; x_wconf 77' lang='lat' dir='ltr'>normiS,</span> <span class='ocrx_word' id='word_1_277' title='bbox 1582 4023 1725 4106; x_wconf 79' lang='lat' dir='ltr'>reguliS,</span> <span class='ocrx_word' id='word_1_278' title='bbox 1743 4023 1949 4104; x_wconf 90' lang='lat' dir='ltr'>canonibus,</span> 
     </span>
     <span class='ocr_line' id='line_1_27' title="bbox 218 4159 1949 4245; baseline 0.001 -22"><span class='ocrx_word' id='word_1_279' title='bbox 218 4161 337 4224; x_wconf 91' lang='lat' dir='ltr'>divino</span> <span class='ocrx_word' id='word_1_280' title='bbox 354 4159 482 4242; x_wconf 87' lang='lat' dir='ltr'>offici0,</span> <span class='ocrx_word' id='word_1_281' title='bbox 500 4161 707 4224; x_wconf 88' lang='lat' dir='ltr'>ceremoniis</span> <span class='ocrx_word' id='word_1_282' title='bbox 723 4163 769 4224; x_wconf 88' lang='lat' dir='ltr'>ad</span> <span class='ocrx_word' id='word_1_283' title='bbox 785 4163 917 4224; x_wconf 89' lang='lat' dir='ltr'>cultum</span> <span class='ocrx_word' id='word_1_284' title='bbox 934 4162 1091 4225; x_wconf 91' lang='lat' dir='ltr'>divinum</span> <span class='ocrx_word' id='word_1_285' title='bbox 1107 4163 1174 4226; x_wconf 89' lang='lat' dir='ltr'>rite</span> <span class='ocrx_word' id='word_1_286' title='bbox 1190 4163 1434 4245; x_wconf 88' lang='lat' dir='ltr'>peragendum</span> <span class='ocrx_word' id='word_1_287' title='bbox 1447 4162 1718 4244; x_wconf 90' lang='lat' dir='ltr'>pertinentibus.</span> <span class='ocrx_word' id='word_1_288' title='bbox 1749 4162 1949 4244; x_wconf 91' lang='lat' dir='ltr'>Disciplina</span> 
     </span>
     <span class='ocr_line' id='line_1_28' title="bbox 218 4299 1949 4385; baseline 0.001 -24"><span class='ocrx_word' id='word_1_289' title='bbox 218 4300 420 4382; x_wconf 87' lang='lat' dir='ltr'>dogmatica</span> <span class='ocrx_word' id='word_1_290' title='bbox 444 4311 479 4362; x_wconf 87' lang='lat' dir='ltr'>et</span> <span class='ocrx_word' id='word_1_291' title='bbox 502 4299 645 4363; x_wconf 90' lang='lat' dir='ltr'>moralis</span> <span class='ocrx_word' id='word_1_292' title='bbox 667 4300 813 4363; x_wconf 89' lang='lat' dir='ltr'>libellis:</span> <span class='ocrx_word' id='word_1_293' title='bbox 840 4303 905 4385; x_wconf 83' lang='lat' dir='ltr'>„de</span> <span class='ocrx_word' id='word_1_294' title='bbox 927 4301 1007 4384; x_wconf 87' lang='lat' dir='ltr'>fide,</span> <span class='ocrx_word' id='word_1_295' title='bbox 1032 4304 1077 4365; x_wconf 93' lang='lat' dir='ltr'>de</span> <span class='ocrx_word' id='word_1_296' title='bbox 1100 4302 1262 4385; x_wconf 91' lang='lat' dir='ltr'>symbolo</span> <span class='ocrx_word' id='word_1_297' title='bbox 1269 4351 1278 4382; x_wconf 98' lang='lat'>,</span> <span class='ocrx_word' id='word_1_298' title='bbox 1302 4304 1346 4365; x_wconf 91' lang='lat' dir='ltr'>de</span> <span class='ocrx_word' id='word_1_299' title='bbox 1370 4302 1466 4364; x_wconf 88' lang='lat' dir='ltr'>vitiis</span> <span class='ocrx_word' id='word_1_300' title='bbox 1490 4313 1526 4364; x_wconf 89' lang='lat' dir='ltr'>et</span> <span class='ocrx_word' id='word_1_301' title='bbox 1549 4303 1728 4384; x_wconf 87' lang='lat' dir='ltr'>peccatis,</span> <span class='ocrx_word' id='word_1_302' title='bbox 1757 4304 1802 4364; x_wconf 89' lang='lat' dir='ltr'>de</span> <span class='ocrx_word' id='word_1_303' title='bbox 1826 4303 1949 4364; x_wconf 87' lang='lat' dir='ltr'>decem</span> 
     </span>
    </p>
   </div>
   <div class='ocr_carea' id='block_1_6' title="bbox 216 4439 1947 4526">
    <p class='ocr_par' dir='ltr' id='par_1_10' title="bbox 216 4439 1947 4526">
     <span class='ocr_line' id='line_1_29' title="bbox 216 4439 1947 4526; baseline 0.001 -26"><span class='ocrx_word' id='word_1_304' title='bbox 216 4439 439 4520; x_wconf 82' lang='lat' dir='ltr'>praeceptis“</span> <span class='ocrx_word' id='word_1_305' title='bbox 465 4450 637 4521; x_wconf 88' lang='lat' dir='ltr'>concepta</span> <span class='ocrx_word' id='word_1_306' title='bbox 662 4451 737 4502; x_wconf 91' lang='lat' dir='ltr'>erat</span> <span class='ocrx_word' id='word_1_307' title='bbox 762 4461 804 4503; x_wconf 94' lang='lat' dir='ltr'>ac</span> <span class='ocrx_word' id='word_1_308' title='bbox 830 4440 928 4502; x_wconf 92' lang='lat' dir='ltr'>libris</span> <span class='ocrx_word' id='word_1_309' title='bbox 951 4441 1115 4504; x_wconf 90' lang='lat' dir='ltr'>asceticis</span> <span class='ocrx_word' id='word_1_310' title='bbox 1138 4443 1347 4503; x_wconf 89' lang='lat' dir='ltr'>tradebatur</span> <span class='ocrx_word' id='word_1_311' title='bbox 1369 4451 1431 4504; x_wconf 90' lang='lat' dir='ltr'>aut</span> <span class='ocrx_word' id='word_1_312' title='bbox 1457 4440 1621 4526; x_wconf 84' lang='lat' dir='ltr'>„Summa</span> <span class='ocrx_word' id='word_1_313' title='bbox 1640 4443 1684 4503; x_wconf 88' lang='lat' dir='ltr'>de</span> <span class='ocrx_word' id='word_1_314' title='bbox 1707 4440 1947 4522; x_wconf 80' lang='lat' dir='ltr'>poenitentia“</span> 
     </span>
    </p>
   </div>
   <div class='ocr_carea' id='block_1_7' title="bbox 215 4737 1948 5494">
    <p class='ocr_par' dir='ltr' id='par_1_11' title="bbox 348 4737 716 4816">
     <span class='ocr_line' id='line_1_30' title="bbox 348 4737 716 4816; baseline 0.003 -22"><span class='ocrx_word' id='word_1_315' title='bbox 348 4737 368 4816; x_wconf 92' lang='lat'>¹)</span> <span class='ocrx_word' id='word_1_316' title='bbox 393 4739 462 4795; x_wconf 89' lang='lat' dir='ltr'>Vita</span> <span class='ocrx_word' id='word_1_317' title='bbox 483 4738 512 4795; x_wconf 92' lang='lat' dir='ltr'>b.</span> <span class='ocrx_word' id='word_1_318' title='bbox 530 4739 716 4796; x_wconf 76' lang='lat' dir='ltr'>Thiemouis</span> 
     </span>
    </p>

    <p class='ocr_par' dir='ltr' id='par_1_12' title="bbox 215 4849 1948 5043">
     <span class='ocr_line' id='line_1_31' title="bbox 344 4849 1948 4930; baseline 0 -22"><span class='ocrx_word' id='word_1_319' title='bbox 344 4849 366 4930; x_wconf 82' lang='grc'>2)</span> <span class='ocrx_word' id='word_1_320' title='bbox 390 4851 553 4918; x_wconf 86' lang='lat' dir='ltr'>Hauswirt,</span> <span class='ocrx_word' id='word_1_321' title='bbox 576 4851 759 4910; x_wconf 88' lang='lat' dir='ltr'>Geschichte</span> <span class='ocrx_word' id='word_1_322' title='bbox 778 4852 831 4909; x_wconf 92' lang='lat' dir='ltr'>des</span> <span class='ocrx_word' id='word_1_323' title='bbox 848 4849 1129 4910; x_wconf 87' lang='lat' dir='ltr'>Schottenklosters</span> <span class='ocrx_word' id='word_1_324' title='bbox 1145 4857 1175 4909; x_wconf 91' lang='lat' dir='ltr'>in</span> <span class='ocrx_word' id='word_1_325' title='bbox 1191 4855 1289 4912; x_wconf 89' lang='lat' dir='ltr'>Wien.</span> <span class='ocrx_word' id='word_1_326' title='bbox 1314 4852 1362 4910; x_wconf 78' lang='lat' dir='ltr'>Ab</span> <span class='ocrx_word' id='word_1_327' title='bbox 1379 4855 1531 4911; x_wconf 88' lang='lat' dir='ltr'>Lentnero</span> <span class='ocrx_word' id='word_1_328' title='bbox 1548 4854 1597 4911; x_wconf 84' lang='lat' dir='ltr'>illa</span> <span class='ocrx_word' id='word_1_329' title='bbox 1614 4854 1772 4930; x_wconf 84' lang='lat' dir='ltr'>magnifica</span> <span class='ocrx_word' id='word_1_330' title='bbox 1789 4853 1817 4910; x_wconf 91' lang='lat' dir='ltr'>b.</span> <span class='ocrx_word' id='word_1_331' title='bbox 1834 4855 1948 4909; x_wconf 85' lang='lat' dir='ltr'>Mariae</span> 
     </span>
     <span class='ocr_line' id='line_1_32' title="bbox 215 4956 1676 5043; baseline 0.002 -22"><span class='ocrx_word' id='word_1_332' title='bbox 215 4979 315 5021; x_wconf 87' lang='lat' dir='ltr'>statua</span> <span class='ocrx_word' id='word_1_333' title='bbox 339 4956 367 5022; x_wconf 88' lang='lat' dir='ltr'>in</span> <span class='ocrx_word' id='word_1_334' title='bbox 391 4984 444 5022; x_wconf 86' lang='lat' dir='ltr'>ara</span> <span class='ocrx_word' id='word_1_335' title='bbox 467 4966 500 5022; x_wconf 91' lang='lat' dir='ltr'>B.</span> <span class='ocrx_word' id='word_1_336' title='bbox 516 4966 556 5022; x_wconf 91' lang='lat' dir='ltr'>M.</span> <span class='ocrx_word' id='word_1_337' title='bbox 573 4965 609 5023; x_wconf 96' lang='lat' dir='ltr'>V.</span> <span class='ocrx_word' id='word_1_338' title='bbox 634 4965 784 5022; x_wconf 84' lang='lat' dir='ltr'>ecclesiae</span> <span class='ocrx_word' id='word_1_339' title='bbox 807 4964 977 5023; x_wconf 87' lang='lat' dir='ltr'>claustralis</span> <span class='ocrx_word' id='word_1_340' title='bbox 1001 4966 1160 5022; x_wconf 89' lang='lat' dir='ltr'>conlocata</span> <span class='ocrx_word' id='word_1_341' title='bbox 1184 4970 1329 5042; x_wconf 87' lang='lat' dir='ltr'>originem</span> <span class='ocrx_word' id='word_1_342' title='bbox 1354 4970 1511 5043; x_wconf 85' lang='lat' dir='ltr'>accepisse</span> <span class='ocrx_word' id='word_1_343' title='bbox 1535 4967 1676 5024; x_wconf 85' lang='lat' dir='ltr'>creditur.</span> 
     </span>
    </p>

    <p class='ocr_par' dir='ltr' id='par_1_13' title="bbox 344 5075 1215 5156">
     <span class='ocr_line' id='line_1_33' title="bbox 344 5075 1215 5156; baseline 0.001 -21"><span class='ocrx_word' id='word_1_344' title='bbox 344 5075 367 5156; x_wconf 79' lang='lat'>³)</span> <span class='ocrx_word' id='word_1_345' title='bbox 391 5080 531 5148; x_wconf 87' lang='lat' dir='ltr'>Loserth‚</span> <span class='ocrx_word' id='word_1_346' title='bbox 556 5078 857 5153; x_wconf 88' lang='lat' dir='ltr'>Geschichtsquellen</span> <span class='ocrx_word' id='word_1_347' title='bbox 880 5097 940 5135; x_wconf 85' lang='lat' dir='ltr'>von</span> <span class='ocrx_word' id='word_1_348' title='bbox 963 5080 1215 5137; x_wconf 81' lang='lat' dir='ltr'>Kremsmiinster.</span> 
     </span>
    </p>

    <p class='ocr_par' dir='ltr' id='par_1_14' title="bbox 343 5188 717 5269">
     <span class='ocr_line' id='line_1_34' title="bbox 343 5188 717 5269; baseline 0.005 -23"><span class='ocrx_word' id='word_1_349' title='bbox 343 5188 365 5269; x_wconf 73' lang='lat'>⁴)</span> <span class='ocrx_word' id='word_1_350' title='bbox 389 5191 521 5248; x_wconf 82' lang='lat' dir='ltr'>Annales</span> <span class='ocrx_word' id='word_1_351' title='bbox 545 5189 717 5248; x_wconf 86' lang='lat' dir='ltr'>Sazaviens.</span> 
     </span>
    </p>

    <p class='ocr_par' dir='ltr' id='par_1_15' title="bbox 343 5301 1332 5382">
     <span class='ocr_line' id='line_1_35' title="bbox 343 5301 1332 5382; baseline 0.002 -22"><span class='ocrx_word' id='word_1_352' title='bbox 343 5301 365 5382; x_wconf 81' lang='grc'>5)</span> <span class='ocrx_word' id='word_1_353' title='bbox 389 5304 488 5377; x_wconf 86' lang='lat' dir='ltr'>Hagn,</span> <span class='ocrx_word' id='word_1_354' title='bbox 513 5303 640 5361; x_wconf 86' lang='lat' dir='ltr'>Wirken</span> <span class='ocrx_word' id='word_1_355' title='bbox 663 5304 717 5360; x_wconf 86' lang='lat' dir='ltr'>der</span> <span class='ocrx_word' id='word_1_356' title='bbox 739 5303 1055 5362; x_wconf 84' lang='lat' dir='ltr'>Benedictiner·Abtei</span> <span class='ocrx_word' id='word_1_357' title='bbox 1080 5307 1332 5362; x_wconf 80' lang='lat' dir='ltr'>Kremsmbnster.</span> 
     </span>
    </p>

    <p class='ocr_par' dir='ltr' id='par_1_16' title="bbox 344 5412 732 5494">
     <span class='ocr_line' id='line_1_36' title="bbox 344 5412 732 5494; baseline 0.003 -22"><span class='ocrx_word' id='word_1_358' title='bbox 344 5412 366 5494; x_wconf 76' lang='grc'>6)</span> <span class='ocrx_word' id='word_1_359' title='bbox 390 5414 591 5491; x_wconf 86' lang='lat' dir='ltr'>Ziegelbauer</span> <span class='ocrx_word' id='word_1_360' title='bbox 616 5417 634 5472; x_wconf 88' lang='lat' dir='ltr'>l.</span> <span class='ocrx_word' id='word_1_361' title='bbox 659 5435 685 5472; x_wconf 87' lang='lat' dir='ltr'>c.</span> <span class='ocrx_word' id='word_1_362' title='bbox 710 5419 732 5473; x_wconf 94' lang='lat' dir='ltr'>l.</span> 
     </span>
    </p>
   </div>
   <div class='ocr_carea' id='block_1_8' title="bbox 0 0 2094 6196">
    <p class='ocr_par' dir='ltr' id='par_1_17' title="bbox 0 0 2094 6196">
     <span class='ocr_line' id='line_1_37' title="bbox 0 0 2094 6196; baseline 0 2"><span class='ocrx_word' id='word_1_363' title='bbox 0 0 2094 6196; x_wconf 95' lang='lat' dir='ltr'> </span> 
     </span>
    </p>
   </div>
  </div>
 </body>
</html>
