4178 6196
947 455 1226 519 -LXX-

344 682 385 744 In
420 680 592 742 Bohemia
627 680 852 743 Benedictini
892 681 1094 744 monasterii
1135 683 1414 745 Brevnoviensis
1459 693 1495 745 et
1536 683 1833 753 Braunaviensis,
1874 705 1954 747 cum

215 822 436 904 gravissimis
460 822 721 884 calamitatibus
745 831 866 884 essent
889 821 1025 902 afflicti,
1059 824 1209 885 docendi
1241 822 1496 904 erudiendique
1529 821 1738 885 industriam
1770 843 1953 905 nunquam

215 960 487 1024 intermiserunt.
533 960 660 1023 Abbas
683 961 835 1023 Iacobus
859 961 902 1024 II.
927 960 1050 1024 Chmel
1075 963 1312 1042 (1785-1805)
1338 960 1483 1043 eiusque
1508 981 1744 1043 successores,
1769 963 1952 1044 inquibus

216 1101 367 1162 Ioannes
391 1101 523 1162 Rotter
547 1100 693 1180 (electus
722 1102 825 1181 1844),
858 1098 919 1180 qui
941 1102 1008 1163 hoc
1032 1115 1192 1182 tempore
1221 1101 1436 1163 monasterio
1460 1110 1613 1182 praeest,
1637 1102 1810 1183 singulari
1834 1102 1952 1165 studio

216 1249 252 1301 et
276 1239 448 1301 industria
472 1237 674 1312 effecerunt,
705 1249 744 1301 ut
772 1239 893 1301 schola
921 1258 1041 1300 eorum
1066 1238 1101 1300 in
1126 1239 1307 1302 Austriaci
1334 1239 1472 1321 imperii
1496 1238 1625 1302 finibus
1647 1242 1753 1303 laude
1776 1240 1953 1304 frueretur

217 1366 433 1459 amplissima
449 1381 481 1457 ι).
526 1378 661 1460 Magna
686 1377 792 1439 etiam
816 1397 880 1458 pro
896 1377 1031 1440 viribus
1049 1377 1221 1440 industria
1237 1379 1385 1461 vigebat
1402 1378 1436 1440 in
1452 1379 1667 1442 monasterio
1684 1379 1952 1462 Raigradiensi,

217 1517 315 1579 cuius
338 1517 501 1580 monachi
525 1517 560 1578 in
584 1517 767 1579 academia
791 1517 1048 1599 philosophica,
1073 1538 1164 1598 quae
1189 1526 1266 1580 erat
1281 1519 1317 1580 in
1333 1519 1452 1601 capite
1468 1518 1661 1599 Moraviae,
1687 1521 1732 1581 ab
1756 1540 1849 1582 anno
1871 1525 1952 1582 1818

217 1656 456 1737 professorum
480 1657 683 1719 muneribus
706 1657 957 1739 fungebantur.
1005 1656 1200 1740 Gregorius
1224 1659 1358 1741 Wolny
1387 1669 1423 1720 et
1445 1658 1547 1720 Beda
1569 1658 1709 1739 Dudik,
1742 1677 1889 1739 quorum
1919 1659 1954 1721 in

215 1798 322 1858 rebus
352 1795 529 1858 historicis
562 1794 689 1858 florent
723 1797 881 1878 nomina,
914 1806 950 1858 et
979 1795 1184 1859 Giintherus
1213 1797 1411 1878 Kalivoda,
1444 1798 1504 1880 qui
1536 1816 1628 1859 nunc
1661 1806 1715 1859 est
1747 1797 1953 1859 monasterii

219 1938 342 2016 abbas,
366 1935 402 1997 in
425 1943 501 1997 arte
526 1936 700 1997 educandi
724 1955 891 2017 magnam
915 1935 1063 2018 gloriam
1088 1936 1209 2017 adepti
1235 1947 1317 1998 sunt
1334 1939 1367 2017 2).

346 2076 421 2138 Nec
452 2075 567 2136 minus
597 2076 766 2138 memoria
799 2074 946 2158 dignum
978 2084 1047 2156 est,
1083 2086 1253 2156 quantum
1284 2076 1320 2138 in
1350 2075 1558 2157 Hungariae
1587 2075 1783 2158 gymnasiis
1813 2076 1954 2137 laudem

216 2214 383 2277 meruerit
401 2214 713 2276 Benedictinorum
737 2216 834 2278 ordo,
867 2214 1065 2295 Imperator
1080 2214 1292 2277 Franciscus
1308 2216 1345 2296 I.,
1370 2235 1449 2277 cum
1473 2215 1754 2278 archiabbatiam
1777 2215 1813 2277 in
1829 2216 1953 2277 Monte

217 2375 244 2416 5.
269 2353 476 2416 Pannoniae
500 2355 545 2416 de
568 2354 785 2436 Hungaricis
808 2356 854 2416 ad
872 2353 1106 2417 Christianam
1130 2354 1339 2437 religionem
1363 2354 1612 2416 convertendis
1637 2354 1769 2436 optime
1793 2353 1954 2416 meritam

218 2513 309 2556 anno
338 2497 416 2554 1802
443 2493 671 2574 restituisset,
701 2494 824 2555 decem
849 2494 880 2556 ei
904 2494 1051 2556 tradidit
1074 2494 1279 2576 gymnasia:
1311 2493 1540 2575 Posoniense,
1573 2493 1788 2573 laurinense,
1822 2491 1953 2574 Sopro-

217 2633 356 2713 mense,
381 2633 682 2714 Albaregalense,
708 2631 1109 2714 Quinqueecclesiense‚
1135 2630 1338 2712 Ginsiense,
1364 2632 1627 2714 Tyrnaviense‚
1657 2631 1953 2710 Comaromiense‚

218 2770 477 2853 Strigoniense,
501 2771 677 2853 Papense.
722 2772 763 2834 In
795 2771 873 2853 ipso
906 2771 1121 2834 monasterio
1151 2772 1270 2834 schola
1303 2772 1563 2834 monasterialis
1587 2772 1753 2834 restituta
1776 2781 1884 2851 atque
1908 2772 1953 2831 ad

217 2909 387 2992 temporis
411 2931 513 2973 usum
538 2913 770 2974 accomodata
794 2923 829 2974 et
852 2911 1098 2992 philosophica
1123 2911 1309 2993 disciplina
1333 2920 1439 2974 aucta
1463 2920 1527 2973 est.
1560 2910 1675 2971 Tanto
1692 2909 1790 2972 oneri
1806 2907 1954 2971 ferendo

218 3070 296 3112 cum
320 3048 567 3113 archiabbatia
592 3070 661 3112 non
684 3069 750 3131 par
774 3061 879 3128 esset,
905 3052 1085 3132 complura
1109 3051 1296 3133 gymnasia
1320 3050 1607 3114 Cisterciensium
1631 3060 1666 3111 ct
1687 3049 1955 3110 Praemonstra-

219 3189 370 3251 tensium
396 3208 500 3250 curae
525 3188 657 3250 tradita
681 3199 779 3262 sunt;
804 3209 825 3250 a
848 3188 1100 3268 Benedictinis,
1126 3189 1185 3270 qui
1210 3199 1291 3251 sunt
1314 3189 1349 3250 in
1366 3188 1489 3250 Monte
1505 3187 1721 3268 Pannoniae,
1745 3186 1851 3249 hodie
1868 3206 1954 3268 quo-

219 3347 287 3408 que
307 3329 396 3389 haec
419 3327 637 3389 sustinentur
657 3327 858 3409 gymnasia:
885 3325 1135 3409 Soproniense,
1160 3326 1416 3410 Strigoniense,
1438 3326 1734 3406 Comaromiense‚
1755 3324 1955 3406 Ginsiense‚

219 3465 394 3545 Papense‚
419 3465 634 3527 laurinense.
674 3465 714 3527 In
739 3465 888 3548 singulis
911 3466 1009 3547 lociS,
1038 3465 1098 3527 ubi
1122 3474 1204 3528 sunt
1226 3466 1424 3548 gymnasia,
1449 3485 1578 3548 magno
1603 3475 1747 3546 sumptu
1770 3474 1955 3527 exstructa

220 3616 301 3666 sunt
325 3605 498 3686 aedificia,
522 3616 561 3667 ut
585 3605 806 3687 professores
830 3606 925 3667 vitae
950 3605 1166 3668 monasticae
1191 3605 1442 3668 communitate
1466 3605 1666 3667 fruerentur
1680 3605 1714 3683 ³).

350 3745 453 3806 Nova
474 3764 618 3824 prorsus
635 3745 831 3808 studiorum
848 3746 938 3807 ratio
956 3756 1147 3808 consecuta
1164 3755 1218 3807 est
1235 3765 1313 3807 eam
1330 3745 1484 3808 omnium
1500 3764 1617 3807 rerum
1633 3743 1953 3823 commutationem,

222 3904 313 3966 quae
337 3904 430 3946 anno
459 3888 539 3962 1848
564 3883 660 3947 facta
684 3896 770 3947 erat.
810 3885 864 3947 Ex
889 3885 1141 3947 commentario
1167 3885 1211 3946 de
1234 3885 1501 3967 gymnasiorum
1525 3882 1722 3945 rationibus
1746 3883 1790 3943 de
1814 3881 1955 3962 integro

221 4023 426 4086 ordinandis
460 4043 552 4086 anno
588 4028 667 4102 1849
700 4024 795 4086 edito
828 4032 864 4085 et
894 4026 940 4085 ab
969 4023 1182 4104 imperatore
1207 4022 1397 4085 Francisco
1421 4023 1575 4102 Iosepho
1609 4023 1809 4103 approbato
1841 4021 1956 4101 lycea,

222 4163 256 4224 in
280 4163 409 4243 quibus
432 4162 700 4245 philosophicae
725 4162 934 4242 disciplinae
959 4172 1033 4224 tum
1057 4164 1306 4240 tradebantur,
1341 4162 1482 4222 sublata
1514 4171 1622 4242 atque
1651 4179 1730 4221 cum
1758 4157 1954 4241 gymnasiis

222 4301 411 4363 coniuncta
435 4313 526 4381 sunt,
551 4321 642 4382 quae
667 4303 712 4362 ab
737 4320 779 4362 eo
802 4309 963 4381 tempore
994 4301 1131 4363 octonis
1165 4301 1337 4364 classibus
1371 4308 1534 4363 constant
1565 4309 1672 4381 atque
1703 4298 1738 4360 in
1769 4298 1957 4381 gymnasia

222 4440 389 4503 inferiora
421 4453 456 4503 et
487 4441 672 4521 superiora
707 4440 930 4522 dividuntur,
962 4451 1213 4522 quaternarum
1245 4451 1395 4522 utraque
1426 4439 1602 4502 classium.
1647 4439 1783 4500 Rerum
1815 4455 1956 4518 quoque

223 4580 381 4642 accessio
406 4578 502 4641 facta
526 4590 591 4659 est,
615 4599 694 4641 cum
718 4578 840 4662 lingua
864 4580 1054 4641 vernacula
1078 4591 1113 4641 et
1137 4580 1308 4642 naturalis
1331 4579 1479 4642 historia
1506 4579 1540 4641 in
1565 4577 1829 4661 gymnasiorum
1854 4576 1956 4638 disci-

223 4720 339 4800 plinas
362 4730 640 4792 assumerentur;
665 4720 861 4782 doctrinam
878 4721 922 4781 de
944 4720 1203 4783 mathematicis
1221 4732 1255 4783 et
1272 4720 1430 4801 physicis
1447 4738 1563 4799 aequa
1577 4717 1714 4780 ratione
1732 4716 1957 4779 distributam

223 4858 257 4920 in
292 4859 441 4942 singulis
479 4860 654 4921 classibus
690 4860 782 4921 tradi
817 4861 961 4940 placuit.
1014 4859 1237 4922 Benedictini
1276 4858 1442 4920 continuo
1480 4877 1609 4920 novum
1647 4875 1764 4918 rerum
1798 4855 1957 4918 ordinem

316 5196 320 5203 ’
356 5190 376 5270 ¹)
401 5194 584 5251 Geschichtc
608 5194 661 5249 des
686 5192 899 5268 Gymnasiums
923 5214 957 5248 zu
982 5195 1129 5248 Braunau.

354 5304 376 5384 ²)
400 5306 512 5372 Dudik,
538 5307 670 5380 Raigern
695 5306 712 5362 1.
738 5325 764 5362 c.
789 5307 826 5362 ΙΙ.

355 5419 378 5500 3)
403 5422 509 5476 Czinar
533 5422 551 5476 Ι.
577 5441 602 5476 c.
628 5421 650 5476 1.
