4178 6196
900 497 1184 580 *2⁶7-

170 706 293 764 Aiacem
311 718 340 762 et
357 705 522 772 Electram
540 706 568 769 c)
583 715 645 759 tres
657 702 871 759 Demosthenis
887 703 1000 758 oratio-

169 830 224 867 nes
240 810 368 885 olynth.;
384 809 417 883 d)
433 810 556 865 Homeri
578 806 635 865 Od.
651 820 692 864 20
705 820 735 864 et
752 821 805 875 22;
827 808 855 880 e)
867 806 1000 864 Platonis

168 915 304 982 Critona,
321 927 352 971 et
367 914 435 971 alia.
452 914 508 970 Ms.

255 1055 306 1112 1v.
324 1052 466 1111 Erzabtei
478 1051 684 1127 Martinsberg
700 1054 729 1108 in
743 1051 865 1128 Ungarn
879 1054 930 1109 mit
942 1052 1000 1109 den

168 1159 243 1217 dazu
259 1160 429 1236 gehdrigen
440 1157 571 1215 Abteien
587 1157 773 1233 Bakonybel,
790 1156 925 1214 detilk
940 1157 1000 1214 und

169 1266 299 1340 Tihany.
313 1262 342 1341 (i.
354 1283 379 1321 e.
393 1264 498 1321 Brevis
511 1264 637 1320 historia
645 1261 872 1320 archiabbatiae
886 1281 910 1318 s.
919 1263 1000 1318 Mar·

169 1373 222 1428 tini
238 1368 275 1426 de
291 1389 315 1427 s.
333 1370 435 1425 Monte
448 1368 620 1424 Pannoniae
637 1381 668 1424 et
679 1365 869 1423 abbatiarum
883 1366 920 1423 ad
934 1384 999 1423 eam

170 1471 402 1554 pertinentium.)
428 1472 463 1528 In
486 1470 563 1529 libro
586 1473 639 1528 Dr.
665 1470 737 1529 Seb.
765 1473 918 1529 Brunner:
942 1471 1000 1528 Ein

170 1575 467 1637 Benedictinerbuch.
493 1574 675 1651 Wrirzburg.
696 1575 813 1633 Woerl.
841 1573 931 1632 1880.
957 1572 998 1632 8⁰.

168 1706 198 1763 p.
217 1684 400 1757 218-255,

75 1926 85 1944 .
142 1853 143 1856 Ἴ
256 1865 999 1962 Lathorbinianus(Admontensis),

170 1994 289 2058 efano
306 2014 332 2058 s.
349 1993 567 2078 Margaritae
583 2012 696 2076 prope
709 1992 913 2056 Pettovium
930 1991 1000 2056 Sti·

169 2118 242 2179 riae
258 2115 434 2180 inferioris
449 2114 618 2177 oriundus
636 2118 685 2178 28.
703 2113 807 2178 Febr.
830 2118 912 2192 1840
928 2123 1000 2176 stu-

168 2239 227 2301 dia
243 2239 279 2301 in
294 2237 482 2322 gymnasio
498 2236 749 2320 Marburgensi
766 2255 903 2299 summa
919 2255 999 2298 curn

168 2363 273 2425 laude
289 2361 481 2424 absolvens
494 2360 693 2422 Admontes
705 2357 815 2439 venit,
833 2368 869 2420 et
881 2356 999 2440 primi-

169 2484 227 2548 tiis
245 2506 274 2548 2.
291 2482 391 2565 Sept.
413 2486 493 2545 1866
510 2481 699 2544 celebratis
717 2482 858 2543 demum
879 2480 925 2540 ad
945 2497 999 2540 re·

167 2606 331 2689 ligiosam
344 2604 602 2687 professionem
615 2602 793 2665 admissus
806 2612 861 2665 est
878 2605 924 2664 18.
934 2601 997 2665 Iul.

173 2733 263 2808 1867.
280 2728 399 2791 Primo
415 2730 461 2790 ad
479 2727 722 2810 magisterium
740 2735 899 2809 vocatus,
912 2744 999 2808 pue·

168 2871 226 2913 ros
242 2862 406 2913 cantores
422 2848 555 2932 optime
573 2849 703 2932 docuit,
729 2848 812 2912 dein
828 2849 998 2912 curatiam

167 2972 373 3035 Hellensem
389 2973 548 3053 suscepit
563 2974 768 3055 regendam,
791 2972 896 3035 hodie
912 2991 998 3035 vero

166 3095 357 3177 parochiae
374 3115 400 3157 5.
418 3093 565 3178 Georgii
586 3098 631 3158 ad
648 3094 821 3159 Poessniz
837 3095 998 3157 laudabi-

167 3218 247 3281 liter
270 3227 424 3299 praeest.
457 3216 618 3282 Societas
644 3237 670 3280 s.
695 3218 939 3301 Hermagorae
963 3216 999 3279 in

168 3338 359 3422 Carinthia‚
379 3341 549 3404 historica
572 3341 608 3403 in
624 3340 733 3405 Stiria
752 3357 818 3403 nec
840 3359 911 3402 non
926 3360 998 3402 ma-

167 3464 239 3527 tica
265 3460 454 3526 Slovenica
477 3463 611 3527 Labaci
634 3463 883 3526 Corhinianum
907 3463 998 3526 salu·

167 3596 246 3649 tant
260 3586 418 3648 sodalem
434 3586 634 3669 respective
651 3585 886 3649 fundatorem.

255 3748 277 3804 Ι.
302 3748 340 3817 Q.
357 3749 477 3805 Horatii
498 3749 598 3805 Flacci
624 3767 674 3805 ars
695 3749 825 3825 poetica.
851 3748 998 3823 Prolego·

167 3872 263 3911 mena.
288 3854 452 3911 Metrische
477 3851 705 3928 Uebersetzung
728 3855 774 3909 ins
799 3851 997 3910 Slovenische

167 3957 256 4016 nebst
282 3961 378 4016 einem
406 3959 675 4017 Realcommentar.
705 3955 804 4036 (Zora.
836 3959 997 4033 „Morgen-

167 4065 285 4128 rdthe“.
308 4065 479 4122 Zeitschrilt
501 4063 547 4120 liir
562 4063 786 4122 Wissenschalt
804 4062 862 4119 und
878 4059 998 4140 Kunst.)

167 4167 320 4244 Marburg.
336 4169 441 4245 jahrg.
463 4166 552 4241 1872.
569 4170 626 4225 No.
648 4183 781 4242 15—21.

254 4300 290 4356 ll.
302 4299 329 4356 Ο
339 4300 413 4375 senji
426 4300 463 4356 ali
474 4300 656 4357 Lukianovo
669 4287 797 4374 iivenje!
811 4299 874 4356 Der
884 4299 998 4356 Tra'um

167 4405 243 4461 oder
259 4404 313 4461 das
330 4403 434 4462 Leben
448 4406 592 4462 Lukians.
615 4403 845 4480 Uebersetzung
860 4423 915 4461 aus
931 4404 998 4461 dem

167 4509 378 4584 griechischen
402 4510 559 4584 Originale
584 4512 612 4565 in
640 4509 695 4566 das
720 4509 920 4567 Slovenische
946 4513 999 4566 mit

167 4616 250 4671 einer
273 4614 385 4670 kurzen
412 4615 510 4671 Kritik
538 4614 740 4672 lukianischer
765 4612 996 4671 Schreibweise.

167 4715 198 4798 (i.
223 4736 249 4774 e.
273 4718 448 4775 Translatio
472 4720 598 4776 Luciani
623 4720 726 4796 operis
753 4718 790 4775 de
817 4736 924 4775 somno
948 4732 999 4775 aut

168 4825 230 4880 vita
253 4825 282 4879 in
306 4824 435 4899 linguam
459 4822 672 4903 Slovenicam.)
701 4824 839 4881 Vesmik.
867 4824 996 4881 Literar.

167 4927 377 4985 Nachrichten.
395 4926 547 5003 Marburg,
570 4926 659 5003 1873.
677 4929 700 4985 Ι.
717 4929 773 4985 Νο.
791 4930 824 4985 Β.
842 4927 901 4984 und
919 4941 946 5001 7.

256 5060 307 5116 ΙΙΙ.
330 5060 377 5116 Ι)6
397 5059 435 5116 ali
457 5056 514 5116 ka?
538 5060 613 5117 Eine
634 5059 869 5134 grammatische
890 5058 998 5116 Unter·

169 5165 305 5239 suchung
318 5163 447 5221 iiberdie
460 5163 796 5240 richtigeAnwendung
809 5163 909 5220 dieser
917 5164 997 5221 Con-

165 5269 339 5343 junctionen
360 5272 398 5326 im
414 5269 701 5326 Neuslovenischen.
725 5266 754 5347 (i.
772 5288 798 5326 e.
817 5269 997 5344 Disquisitio

167 5374 400 5448 grammaticalis
424 5373 461 5430 de
485 5393 539 5430 usu
563 5375 784 5431 coniunctionis
801 5371 997 5431 Slovenicae:

171 5478 238 5548 „Da
254 5478 292 5534 ali
308 5476 390 5557 ka.“)
406 5477 481 5536 lbid.
498 5477 652 5554 Marburg‚
674 5476 764 5552 1873.
782 5477 804 5535 1.
821 5478 877 5535 No.
899 5494 945 5536 12.

1169 687 1426 783 Lamprecht
1453 699 1736 783 Ildephonsus
1767 697 1913 781 (Muro-

1081 815 1351 899 Griesensis)‚
1377 817 1413 879 in
1438 817 1547 880 vitam
1568 816 1666 880 venit
1688 815 1746 878 die
1764 836 1814 878 22.
1832 813 1912 880 Oct.

1086 944 1164 1003 1835
1177 939 1287 1002 Tiroli
1299 958 1413 1022 prope
1424 939 1619 1022 Meranum,
1631 937 1816 1001 sollemnia
1829 937 1912 1001 emi·

1081 1062 1127 1125 sit
1147 1071 1232 1124 vota
1254 1060 1311 1123 die
1336 1065 1365 1125 8.
1386 1060 1473 1123 Dec.
1500 1065 1591 1143 1855,
1616 1070 1652 1124 61
1675 1059 1912 1124 sacerdotium

1080 1183 1182 1247 inivit
1198 1183 1255 1246 die
1272 1189 1323 1248 81.
1338 1181 1417 1248 Oct.
1436 1188 1526 1248 1858.
1551 1183 1637 1247 Erat
1650 1194 1861 1266 cooperator
1877 1194 1914 1246 et

1079 1308 1205 1388 lector,
1233 1326 1325 1369 nunc
1353 1309 1530 1390 parochus
1558 1307 1594 1370 in
1617 1306 1732 1372 Gries.
1765 1307 1912 1370 Amicus

1080 1439 1384 1492 monumentorum
1422 1431 1645 1513 antiquitatis
1676 1440 1713 1494 et
1744 1428 1912 1493 historiae

1080 1552 1251 1615 naturalis
1277 1553 1373 1617 haud
1401 1554 1638 1635 spernendam
1666 1553 1912 1615 collectionem

1081 1674 1213 1756 incepit
1234 1675 1428 1757 praecipue
1446 1676 1738 1758 coleopterorum,
1761 1675 1912 1758 conchy-

1080 1796 1206 1859 liorum
1223 1807 1258 1860 et
1274 1797 1455 1862 fossilium.
1479 1799 1520 1861 In
1545 1817 1583 1860 re
1606 1797 1765 1861 numaria
1780 1797 1913 1880 pariter

1082 1938 1120 1982 se
1136 1919 1290 2001 peritum
1303 1921 1461 1984 ostendit
1474 1931 1510 1984 et
1522 1920 1768 1983 numothecam
1783 1920 1912 1984 consti·

1079 2051 1180 2104 tuere
1197 2042 1359 2105 intendit.

1167 2210 1350 2284 Landerl
1384 2223 1644 2287 Philibertus
1680 2222 1912 2306 (cremifa-

1080 2339 1246 2421 nensis),
1262 2351 1368 2403 antea
1384 2341 1568 2424 Iosephus,
1585 2351 1689 2405 natus
1706 2342 1763 2405 die
1780 2346 1809 2406 6.
1822 2342 1912 2424 Apr.

1085 2465 1174 2540 1840,
1200 2460 1413 2525 Austriacus
1440 2460 1713 2547 Sierningensis,
1737 2461 1912 2526 absolutis

1079 2582 1115 2644 in
1131 2583 1319 2666 gymnasio
1336 2583 1593 2649 Cremifanensi
1614 2586 1741 2649 studiis
1761 2585 1911 2649 novitia·

1079 2716 1153 2768 turn
1175 2704 1232 2768 die
1257 2727 1307 2769 22.
1333 2707 1430 2791 Aug.
1464 2713 1545 2771 1860
1570 2709 1753 2793 ingressus
1781 2716 1910 2771 exacto

1080 2829 1242 2892 tirocinio
1265 2830 1435 2912 mysteria
1459 2831 1657 2909 theologiae
1685 2831 1720 2893 in
1746 2830 1910 2893 instituto

1081 2951 1275 3015 domestico
1291 2954 1337 3014 ad
1357 2971 1384 3017 s.
1401 2952 1557 3016 Floriani
1572 2953 1705 3027 hausit;
1723 2955 1811 3017 ads.
1828 2972 1908 3036 pro·

1080 3073 1271 3137 sessionem
1287 3075 1463 3138 admissus
1481 3075 1537 3138 die
1552 3096 1601 3155 ²9·
1616 3023 1716 3157 fflept
1734 3081 1814 3155 1864
1826 3075 1910 3139 anni
1928 3053 1931 3058 .

1079 3196 1300 3279 insequentis
1317 3197 1374 3260 die
1391 3203 1442 3261 ³0.
1460 3198 1524 3262 Iul.
1546 3201 1625 3261 1865
1643 3197 1775 3261 ordinis
1791 3217 1909 3261 sacra-

1079 3328 1236 3382 mentum
1267 3319 1417 3402 accepit.
1458 3324 1631 3399 1865—67
1660 3319 1695 3382 in
1723 3321 1909 3404 gymnasio

1080 3440 1262 3524 professor
1284 3443 1471 3524 supplens;
1504 3447 1671 3522 1868-76
1698 3443 1733 3506 in
1756 3444 1907 3507 univers.

1078 3563 1233 3628 Vindoh.
1255 3565 1451 3628 studiorum
1472 3565 1718 3630 historicorum
1740 3575 1776 3629 et
1795 3564 1909 3648 philo·

1079 3686 1305 3768 sophicorum
1336 3707 1445 3752 causa
1472 3697 1709 3752 commoratus
1739 3690 1785 3751 ab
1816 3708 1909 3752 anno

1083 3811 1159 3887 1871
1191 3809 1448 3892 geographiam
1475 3821 1511 3873 et
1539 3809 1722 3874 historiam
1749 3831 1909 3875 necnon

1079 3931 1254 3994 elementa
1269 3932 1517 4015 philosophiae
1538 3934 1685 3997 iuvenes
1705 3935 1740 3997 in
1760 3955 1910 4017 gymna-

1079 4052 1132 4115 sio
1155 4054 1260 4117 docet
1284 4055 1380 4135 (1874
1403 4055 1557 4119 doctoris
1580 4055 1827 4138 philosophiae
1848 4075 1908 4119 no-

1078 4174 1172 4239 mine
1189 4178 1346 4258 ornatus)
1363 4188 1399 4241 et
1416 4180 1462 4240 ab
1478 4196 1572 4241 anno
1592 4181 1671 4258 1878
1693 4178 1796 4240 simul
1812 4178 1908 4240 iuve-

1078 4298 1183 4361 nibus
1199 4299 1235 4361 in
1251 4301 1416 4363 convictu
1432 4300 1646 4384 degentibus
1661 4311 1815 4382 praeest.

1165 4421 1278 4505 Typis
1299 4422 1462 4506 vulgavit
1488 4422 1774 4486 dissertationem
1795 4422 1907 4504 philo-

1078 4544 1277 4626 sophicam:

1165 4670 1550 4728 DieWillenslreiheitvom
1558 4668 1908 4728 HerbartischenStand·

1079 4776 1193 4851 punkte
1208 4794 1273 4833 aus.
1295 4771 1324 4854 (i.
1343 4794 1369 4833 e.
1392 4776 1439 4834 De
1460 4776 1556 4834 libero
1578 4774 1705 4832 arbitrio
1725 4777 1807 4832 iuxta
1829 4776 1907 4832 Her·

1077 4879 1166 4937 bartii
1176 4879 1347 4956 philosophi
1360 4878 1545 4960 praecepta.)
1554 4879 1905 4957 Gymnasialprogramm

1082 4983 1173 5058 1874.
1198 4985 1281 5053 Lina,
1303 4985 1409 5042 Druck
1424 5003 1484 5042 von
1501 4986 1525 5041 F
1527 4986 1710 5060 eichtingers
1726 4984 1838 5042 Erben.
1862 4991 1905 5058 4⁰.

1077 5105 1117 5162 32
1136 5107 1165 5164 p.
1190 5090 1332 5147 Eiusdem
1354 5090 1577 5147 dissertationis
1596 5089 1691 5146 altera
1707 5108 1778 5166 pars
1794 5090 1906 5166 prodiit

1077 5193 1188 5252 ibidem
1205 5213 1283 5252 anno
1304 5192 1394 5269 1875.
1411 5201 1454 5268 4⁰.
1476 5193 1512 5252 18
1529 5213 1558 5271 p.

1164 5343 1438 5419 Landsmann
1461 5354 1599 5417 David
1617 5351 1906 5436 (Cremiianen

1075 5473 1161 5567 sis),
1177 5484 1281 5537 antea
1297 5471 1461 5555 Michael‚
1478 5473 1535 5536 die
1553 5473 1690 5537 21.Iun.
1702 5476 1778 5551 1781
1798 5471 1906 5535 Vien-

1645 5578 1698 5638 34*
