4178 6196
908 376 1190 462 ..384-

172 603 190 639 a
206 583 306 657 Vogul
328 582 455 658 Legend
480 583 515 640 of
535 583 584 639 the
610 584 745 640 creation
771 583 806 640 of
827 584 876 640 the
901 583 1006 639 Earth.

173 685 202 764 (i.
219 708 245 744 e.
264 689 310 744 De
326 688 471 744 affinitate
492 687 612 763 linguae
635 689 735 762 llung.
759 701 790 745 01
809 690 931 763 generis
951 688 1006 745 lin·

173 813 308 868 guarum,
332 793 413 868 quod
434 794 540 865 „altai“
565 790 694 872 dicitur.)
718 795 751 849 ln
774 793 932 850 annalibus
956 812 1006 850 so-

174 901 292 954 cietatis
312 898 440 969 „British
453 899 645 955 associatio.“
665 897 805 964 London,
823 895 913 955 1866.
937 897 1007 971 1711

173 1002 255 1059 kenti
272 1001 409 1077 barlang.
428 998 457 1079 (i.
475 1022 501 1058 e.
519 1002 565 1058 De
582 1001 726 1078 spelunca
743 1002 870 1058 ducatus
886 999 1006 1080 Cantii.)

173 1109 206 1164 ln
222 1105 379 1163 annalibus
397 1108 552 1163 societatis
570 1106 755 1163 medicorum
774 1120 804 1162 et
820 1120 945 1163 naturae
962 1108 1006 1162 in-

173 1214 392 1286 vestigaturum
409 1211 509 1285 Hung.
532 1209 621 1268 1868.
645 1213 671 1285 l)
686 1211 714 1266 A
723 1210 918 1285 jegkorszak.
936 1207 965 1289 (i.
979 1229 1005 1267 e.

174 1318 221 1373 De
237 1331 336 1372 aetate
350 1313 490 1394 glaciali.)
507 1315 582 1372 Ibid.
600 1313 690 1390 1869.
714 1312 1007 1389 m)Azdsemberel1

174 1421 325 1477 halatlasa.
355 1417 384 1498 (i.
407 1440 433 1477 0.
462 1422 508 1476 De
533 1439 700 1497 progressu
725 1423 887 1496 primorum
912 1421 1007 1475 homi-

174 1524 265 1604 num.)
302 1527 424 1594 Orati0,
453 1545 519 1582 cum
548 1527 650 1582 socius
678 1525 763 1582 acad.
786 1522 875 1582 ‘erud
905 1526 1006 1599 Hung.

175 1632 271 1689 sactus
285 1644 375 1688 esset.
394 1628 484 1688 1868.
503 1630 545 1687 8⁰.
563 1629 604 1702 46
618 1650 646 1706 p.
671 1631 704 1705 n)
716 1628 939 1706 Shakespeare.
957 1631 1006 1686 In:

178 1735 352 1807 ,Reform“.
374 1734 552 1809 1870-72.
572 1751 611 1807 24
629 1753 696 1810 cap.
720 1736 750 1809 0)
765 1734 792 1790 Α
808 1753 931 1791 01011οε
949 1734 1007 1790 elet

175 1840 318 1897 haladasa
334 1859 349 1895 s
366 1858 383 1895 a
400 1839 481 1914 fajok
502 1839 645 1897 kihaldsa.
672 1834 702 1915 (i.
724 1859 750 1895 e.
774 1840 820 1895 De
842 1857 1009 1914 progressu

175 1947 254 2001 vitae
271 1947 434 2019 organicae
448 1958 477 2001 et
489 1947 608 2001 interitu
623 1942 789 2023 generum.)
806 1944 839 1999 In
852 1940 1008 1998 annalibus

176 2050 260 2106 acad.
279 2049 361 2106 erud.
379 2050 480 2124 Hung.
503 2048 593 2122 1872.

263 2154 328 2211 Vll.
347 2152 499 2228 Hunfalvy
515 2153 584 2209 Pal:
603 2153 721 2227 Reguly
737 2152 827 2208 Antal
844 2151 1008 2227 hagyoma-

175 2261 254 2333 nyai.
287 2254 316 2336 (i.
345 2277 371 2314 e.
400 2258 487 2327 Quae
515 2257 665 2313 Antonius
694 2257 813 2331 Reguly
844 2256 1007 2331 reliquerit.

177 2362 307 2438 Scripsit
328 2363 438 2418 Paulus
455 2359 628 2440 Hunlaluy.)
655 2363 741 2417 lussu
763 2362 889 2417 Luciani
911 2362 1009 2416 Bona-

177 2482 264 2544 parte
279 2469 430 2524 convertit
447 2469 475 2522 in
492 2467 562 2541 ling.
575 2466 742 2541 Anglicam.
760 2465 900 2532 London,
918 2463 1007 2522 1866.

178 2572 220 2630 8⁰·
237 2587 299 2645 151
318 2592 346 2648 1·

264 2676 344 2733 VIII.
362 2675 389 2732 A
405 2673 577 2731 bdlcseszet
592 2675 779 2731 tiirtenelme.
798 2672 826 2753 (i.
837 2693 863 2730 e.
874 2676 1008 2731 Historia

176 2778 409 2859 philosophiae.)
426 2782 481 2836 Ms.

263 2887 314 2942 [Χ.
332 2885 571 2941 Termeszettani
589 2884 729 2940 lelelctan.
753 2881 781 2962 (i.
799 2903 825 2939 e.
844 2883 1009 2958 Psycholo·

177 2995 226 3066 gia
244 2987 391 3068 physica.)
408 2992 464 3047 Ms.

263 3098 299 3152 X.
317 3095 361 3151 ΑΖ
379 3095 438 3152 11101
455 3096 615 3152 tdrtenete.
641 3091 670 3173 (i.
695 3113 722 3150 e.
748 3094 883 3178 Historia
906 3089 1009 3171 vitae.)

176 3203 235 3258 Ms.
252 3217 271 3273 4
288 3214 308 3256 t.

262 3306 314 3361 XI.
343 3304 502 3360 Elementa
525 3303 645 3378 linguae
669 3302 820 3359 Graecae.
845 3298 873 3380 (i.
898 3322 924 3358 e.
949 3303 1009 3358 Pro

176 3410 330 3486 discipulis
346 3406 431 3486 suis.)
451 3408 591 3476 London,
614 3407 703 3481 1855.
721 3408 778 3463 Ms.
807 3458 812 3467 .

264 3515 331 3570 Xll.
363 3514 390 3569 Α
421 3532 546 3588 magyar
577 3512 805 3569 menektiltekre
836 3510 1009 3567 vonatkozo

174 3618 344 3694 jegyzetelc,
367 3617 403 3675 18
424 3619 470 3674 evi
488 3613 770 3674 szamlcivetesebdl.
787 3613 816 3695 (i.
831 3636 857 3673 e.
875 3614 1010 3672 Adnota-

177 3726 275 3779 tiones
300 3722 336 3779 dc
360 3724 513 3797 Hungaris
537 3721 670 3796 fugitivis
694 3741 748 3797 per
777 3720 812 3777 18
838 3722 933 3777 exsilii
958 3739 1010 3775 an·

177 3826 254 3907 noa.)
271 3830 327 3884 Ma.

263 3934 346 3988 Xlll.
372 3930 586 4007 Shakespeare
610 3930 759 4004 eletrajza.
785 3926 814 4008 (1.
839 3950 865 3986 0.
887 3930 957 3986 Vita
972 3931 1008 3987 V.

161 4033 416 4114 'Shakespeared
433 4037 489 4093 Ms.

264 4144 343 4200 XIV.
358 4117 446 4208 Mei„
458 4140 572 4208 sdncz·,
582 4140 670 4196 111-111
680 4139 790 4194 hidtan.
802 4136 830 4217 (i.
842 4158 867 4195 e.
878 4138 1010 4195 Geome-

179 4252 245 4315 tria,
262 4267 312 4304 ars
329 4249 520 4311 munitiones,
537 4247 612 4309 vias,
635 4258 744 4320 pontes
761 4240 911 4321 faciendi.)
936 4244 1009 4300 Cum

604 4330 617 4348 .

179 4354 292 4428 figuris
310 4354 368 4409 Ms.

265 4483 1010 4575 RostLeopoldus(Scotensis),Vien-

178 4630 245 4672 nae
261 4611 297 4672 in
310 4611 457 4673 Austria
474 4611 531 4673 die
549 4616 578 4674 8.
593 4609 694 4692 Sept.
708 4615 785 4688 1842
801 4619 916 4690 natuS,
931 4630 1011 4673 cum

178 4733 355 4816 gymnasii
367 4732 487 4795 studia
500 4734 595 4814 apud
606 4730 1011 4795 Benedictino·Scoten-

179 4875 236 4917 ses
264 4855 480 4917 absolvisset
506 4854 712 4936 ibidemque
744 4856 801 4917 die
833 4858 881 4917 15.
910 4852 1010 4935 Sept.

184 4980 259 5039 1861
281 4998 308 5041 s.
324 4976 448 5039 habitu
465 4976 609 5039 indutus
626 4988 731 5060 esset,
748 4987 833 5040 vota
850 4977 1010 5039 sollemni

178 5099 246 5161 ritu
268 5081 488 5180 nuncupavit
511 5100 568 5163 die
593 5123 619 5164 1.
636 5099 714 5164 Oct.
738 5104 828 5164 1865.
856 5099 1010 5162 Emenso

179 5221 308 5282 deinde
321 5240 347 5284 s
358 5223 561 5305 theologiae
575 5242 679 5284 cursu
693 5222 727 5284 in
740 5221 833 5284 univ.
842 5221 1009 5303 Vindob,

179 5341 236 5403 die
253 5362 280 5406 s.
297 5343 419 5405 Iacobi
439 5346 519 5406 1866
536 5343 737 5407 sacerdotio
760 5343 918 5406 initiatus
939 5343 1009 5425 pri-

1086 598 1177 641 mam
1194 578 1273 640 Deo
1290 577 1421 640 obtulit
1435 576 1588 640 hostiam
1607 575 1664 639 die
1683 598 1733 656 ²9·
1746 576 1811 640 Iul.
1828 576 1924 639 eius·

1087 703 1166 765 dem
1183 701 1276 764 anni.
1301 699 1415 763 Curae
1432 700 1560 761 deinde
1582 699 1778 762 animarum
1800 700 1923 761 admo·

1086 835 1154 906 tus,
1171 844 1250 887 cum
1267 833 1536 905 cooperatorem
1558 822 1694 905 egisset
1715 822 1752 885 in
1769 822 1922 884 Zellern-

1087 946 1170 1009 dorf
1182 957 1218 1009 et
1234 947 1374 1009 Pulkau
1391 956 1499 1027 atque
1520 945 1556 1008 in
1577 944 1747 1008 suburbio
1763 944 1921 1008 Vindob.

1086 1069 1182 1132 dicto
1191 1067 1326 1148 Campo
1338 1066 1526 1132 Scotorum
1537 1087 1602 1149 per
1617 1087 1633 1147 7
1648 1087 1771 1149 annos,
1785 1087 1818 1131 a.
1835 1070 1916 1147 1873

1086 1192 1121 1254 in
1149 1191 1401 1253 monasterium
1428 1191 1543 1253 redux
1569 1199 1757 1271 susceptas
1788 1189 1922 1253 ibidem

1087 1315 1200 1377 curati
1217 1325 1253 1376 et
1270 1313 1530 1376 concionatoris
1547 1322 1670 1394 partes
1690 1311 1833 1375 fervido
1848 1312 1923 1375 ani·

1088 1456 1145 1499 mo
1161 1437 1344 1517 hueusque
1361 1444 1488 1497 tuetur.

1175 1574 1395 1655 Conscripsit
1411 1574 1580 1657 typisque
1603 1573 1714 1636 edidit
1730 1572 1922 1636 conciones

1089 1707 1296 1778 sequentes:

1175 1842 1197 1897 Ι.
1225 1842 1286 1897 Zur
1311 1840 1494 1898 Primizleier
1517 1840 1571 1897 des
1595 1841 1627 1897 P.
1653 1838 1770 1897 Robert
1787 1840 1921 1915 Tursky,

1089 1946 1284 2023 Capitularen
1311 1945 1364 2002 des
1390 1944 1496 2002 Stistes
1519 1943 1682 2013 Schotten‚
1707 1945 1850 2019 gehalten
1875 1963 1922 2000 am

1089 2051 1113 2107 F
1115 2063 1180 2107 este
1195 2050 1250 2106 des
1266 2049 1334 2106 heil.
1351 2050 1534 2106 Laurentius
1551 2052 1581 2105 in
1598 2049 1651 2106 der
1663 2049 1858 2105 Plarrkirche
1875 2067 1923 2105 am

1089 2153 1328 2212 Schottenlelde.
1357 2151 1483 2232 (Concio
1508 2151 1629 2231 primit.)
1656 2154 1800 2221 Viennae,
1830 2152 1920 2227 1874,

1090 2262 1170 2336 typis
1187 2261 1220 2315 F.
1238 2258 1423 2335 Eipeldauer
1440 2272 1469 2314 et
1486 2277 1584 2334 comp.

1176 2382 1213 2437 ll.
1227 2380 1352 2456 Predigt
1363 2400 1410 2436 am
1426 2378 1664 2437 Patronatsleste
1678 2382 1715 2436 irn
1729 2380 1922 2455 Handlungs·

1089 2486 1351 2542 Krankeninstitut
1366 2488 1395 2542 in
1409 2486 1498 2542 Wien
1512 2505 1558 2541 am
1572 2485 1815 2559 Pfingstmo'ntag
1832 2485 1921 2559 1875.

1089 2592 1233 2659 Viennae,
1255 2591 1345 2664 1875,
1363 2593 1442 2666 typis
1460 2590 1496 2646 Α.
1515 2592 1603 2647 Reiss
1620 2603 1650 2646 et
1667 2588 1818 2651 PhLdb.

1177 2714 1228 2770 Ill.
1257 2713 1380 2787 Predigt
1408 2732 1454 2768 am
1480 2713 1571 2769 Feste
1599 2713 1652 2768 des
1678 2712 1746 2769 heil.
1772 2711 1921 2788 Leopold.

1090 2817 1240 2875 Gehalten
1257 2819 1286 2873 in
1302 2818 1356 2873 der
1370 2815 1647 2893 Stiftsplarrkirche
1670 2837 1705 2872 zu
1723 2816 1921 2872 Klosterneu-

1090 2922 1179 2997 burg.
1203 2923 1352 2986 Viennae,
1379 2921 1469 2995 1875,
1498 2933 1559 2997 typ.
1586 2933 1616 2976 et
1639 2934 1748 2996 sumpt.
1774 2920 1922 2977 Ludovici

1089 3028 1204 3102 Mayer.

1176 3130 1226 3187 lV.
1240 3130 1464 3205 Manuscriptas
1477 3147 1571 3204 porro
1585 3131 1650 3205 ipse
1663 3142 1771 3185 auctor
1780 3129 1921 3186 adservat

1090 3237 1254 3293 conciones
1271 3234 1557 3309 quadragesimales,
1580 3233 1675 3290 forma
1691 3247 1723 3289 ut
1739 3234 1852 3303 dicunt,
1870 3253 1921 3309 cy-

1091 3342 1166 3397 clica
1190 3343 1218 3397 in
1243 3340 1372 3397 ecclesia
1394 3341 1567 3395 monasterii
1589 3339 1621 3394 B.
1639 3340 1677 3394 M.
1691 3339 1726 3396 V.
1752 3339 1790 3395 ad
1807 3337 1920 3396 Scotos

1090 3444 1208 3501 habitas
1222 3446 1362 3520 typisque
1376 3461 1445 3499 mox
1458 3443 1598 3509 edendas,
1613 3462 1690 3518 quae
1704 3440 1921 3500 inscribuntur:

1090 3552 1122 3623 a)
1135 3550 1197 3605 Das
1209 3529 1324 3605 Leiden
1337 3548 1457 3605 Christi.
1476 3549 1545 3604 Wie
1558 3567 1592 3604 es
1605 3550 1688 3604 scine
1701 3549 1921 3623 Zeitgenossen

1090 3657 1149 3712 ihm
1166 3654 1308 3728 zuliigten
1326 3653 1384 3709 und
1397 3655 1454 3708 wie
1466 3654 1521 3708 wir
1534 3651 1675 3709 dasselbe
1688 3654 1748 3709 ihm
1762 3671 1920 3710 erneuern.

1094 3760 1184 3834 1874.
1209 3760 1240 3835 b)
1264 3760 1327 3815 Der
1346 3757 1448 3832 Segen
1470 3758 1523 3814 des
1540 3758 1782 3814 Christenthums
1804 3757 1852 3814 181
1867 3758 1923 3814 alle

1090 3863 1220 3921 Gebiete
1230 3864 1283 3919 des
1292 3862 1514 3918 menschlichen
1525 3861 1655 3918 Lebens.
1668 3859 1758 3935 1876.
1773 3863 1801 3935 r)
1811 3862 1923 3919 Feinde

1090 3970 1149 4026 und
1165 3966 1304 4025 Freunde
1321 3967 1442 4023 Christi.
1467 3968 1519 4022 Bei
1541 3969 1654 4023 seinem
1678 3966 1794 4023 Leiden
1820 3969 1848 4023 in
1869 3967 1922 4023 der

1091 4074 1201 4148 Folge-
1217 4072 1276 4128 und
1293 4073 1321 4126 in
1338 4070 1392 4126 der
1406 4071 1550 4146 Jetztzeit.
1574 4068 1664 4143 1878.

1177 4233 1923 4329 RodtlapilOthmaruslssievnoveno·

1092 4369 1284 4430 Braunen
1293 4365 1373 4445 sis),
1385 4385 1406 4425 a
1416 4364 1588 4426 Kostelec
1598 4365 1643 4425 ad
1653 4364 1824 4445 Aquilam
1835 4366 1921 4427 Boh.

1090 4489 1204 4551 Natus
1231 4493 1281 4550 30.
1309 4486 1386 4550 Oct.
1417 4492 1506 4567 1811,
1536 4486 1696 4549 habitum
1723 4489 1785 4551 rel.
1809 4487 1923 4550 induit

1091 4608 1284 4672 Blevnovii
1305 4612 1395 4690 1833,
1417 4608 1538 4689 ibique
1559 4608 1616 4670 die
1635 4629 1684 4687 29.
1701 4608 1765 4672 Iul.
1787 4613 1868 4672 1836
1894 4628 1921 4671 s.

1090 4732 1274 4814 professus
1303 4742 1357 4793 est
1385 4731 1554 4813 regulam.
1587 4731 1785 4813 Presbyter
1812 4731 1869 4794 die
1895 4734 1924 4794 6.

1091 4855 1186 4937 Aug.
1207 4859 1285 4933 1837
1304 4854 1487 4916 ordinatus
1504 4862 1559 4915 est
1576 4864 1612 4914 et
1628 4854 1735 4934 paulo
1748 4864 1832 4934 post
1849 4873 1923 4916 mu·

1090 4996 1175 5040 nere
1192 4976 1343 5039 docendi
1362 4976 1396 5038 in
1410 4977 1596 5059 gymnasio
1610 4975 1811 5037 Braunensi
1822 4975 1925 5058 fungi

1091 5099 1208 5161 iussus
1216 5098 1292 5160 fuit.
1309 5098 1433 5161 Multis
1442 5100 1508 5165 hoc
1522 5098 1557 5159 in
1571 5096 1688 5160 officio
1702 5097 1804 5160 annis
1817 5117 1923 5160 exac-

1090 5221 1136 5283 tis
1152 5220 1343 5301 parochiae
1356 5219 1660 5302 Rupersdorfensi
1677 5229 1801 5301 pastor
1818 5220 1923 5282 datus

1091 5363 1169 5405 eam
1193 5343 1452 5406 administravit
1476 5362 1589 5424 usque
1618 5346 1708 5423 1869,
1735 5362 1805 5423 quo
1829 5361 1923 5405 anno
