4178 6196
932 485 1165 548 ..IX-

174 713 312 774 abbate
336 731 466 774 novum
486 712 738 774 monasterium
755 711 953 792 patrocinio
970 732 997 774 s.
1014 711 1201 774 Michaelis
1217 712 1423 794 archangeli
1440 713 1665 775 commissum
1681 713 1776 776 circa
1791 734 1920 805 annum

181 855 244 928 748
269 852 508 930 possederunt
519 851 552 931 ¹).

309 1016 397 1080 Cum
422 1037 507 1080 vero
531 1017 693 1080 monachi
716 1015 1021 1099 SalisburgenseS‚
1047 1038 1195 1099 quorum
1219 1038 1385 1080 numerus
1406 1018 1649 1081 Benedictinis
1673 1038 1720 1080 ex
1744 1018 1920 1081 Brittania

176 1156 326 1217 adscitis
351 1176 480 1238 magno
504 1176 613 1238 opere
630 1166 756 1219 auctus
773 1166 860 1236 erat,
885 1166 1030 1219 auctore
1048 1178 1074 1220 s.
1087 1157 1239 1239 Virgilio
1259 1158 1430 1238 episcopo
1447 1168 1483 1219 et
1499 1160 1632 1219 abbate
1648 1157 1693 1218 ad
1709 1157 1918 1239 religionem

177 1292 416 1356 Christianam
441 1293 477 1355 in
501 1293 619 1357 Slavis
644 1292 880 1357 Carantaniae
904 1298 1174 1377 propagandam
1200 1296 1319 1358 studia
1342 1295 1544 1356 conferrent
1568 1295 1687 1377 ibique
1712 1316 1776 1377 per
1797 1296 1920 1358 Mode-

178 1442 272 1495 stum
296 1432 507 1514 episcopum
531 1433 567 1495 in
591 1433 706 1495 Maria
730 1431 824 1513 Saal,
848 1433 988 1509 Villaci,
1012 1433 1187 1495 Teumiae
1215 1433 1250 1494 in
1280 1434 1526 1514 urbevetere,
1558 1453 1649 1514 quae
1672 1444 1833 1514 tempore
1857 1432 1920 1495 im-

178 1570 269 1652 perii
291 1571 448 1633 Romani
472 1574 576 1633 sedes
601 1572 766 1652 episcopi
789 1570 920 1652 fuerat,
949 1572 1089 1653 signum
1113 1573 1238 1634 salutis
1262 1572 1520 1634 constituerent
1530 1575 1551 1652 2)
1559 1621 1568 1652 ,
1597 1573 1759 1635 monachi
1782 1572 1920 1634 Lunae·

178 1710 342 1772 lacenses
371 1710 481 1771 vitam
510 1719 622 1772 totam
649 1711 775 1772 incolis
799 1710 969 1773 Austriae
997 1711 1205 1793 superioriS,
1238 1732 1328 1792 quae
1360 1731 1452 1773 nune
1484 1720 1553 1792 est,
1586 1712 1807 1773 dediderunt.
1847 1709 1919 1774 Sed

179 1847 287 1910 etiam
304 1859 379 1910 turn
396 1868 527 1931 magna
543 1848 787 1911 Baioariorum
804 1868 887 1928 pars
903 1849 1062 1911 tenebris
1078 1850 1299 1931 paganitatis
1316 1849 1443 1913 obfusa
1460 1850 1610 1913 iacebat.
1639 1850 1739 1931 Quae
1757 1860 1796 1912 ut
1811 1849 1921 1931 pelle-

177 2000 310 2068 rentur,
336 1986 499 2050 Odilonis
522 1985 632 2068 filius,
656 1985 780 2048 infelix
804 1986 986 2068 ThassiIO,
1017 1988 1160 2050 ultimus
1184 1989 1428 2051 Baioariorum
1453 1992 1525 2051 dux
1535 2040 1544 2071 ,
1575 1989 1658 2052 filiis
1681 2010 1707 2051 a.
1732 1988 1919 2051 Benedicti
1986 2069 1987 2072 Ἴ

178 2148 292 2190 novas
315 2128 420 2189 sedes
444 2126 594 2207 aperuit.
627 2124 687 2189 Sic
711 2136 790 2189 orta
814 2136 896 2190 sunt
919 2128 1055 2208 indias)
1081 2129 1274 2210 (Innichen)
1293 2139 1329 2191 et
1344 2129 1517 2208 Matse04)
1537 2138 1573 2190 et
1591 2147 1650 2207 777
1670 2126 1918 2189 monasterium

178 2267 275 2347 quod
298 2266 463 2327 Thassilo
486 2265 640 2327 maxime
664 2265 700 2327 in
725 2265 862 2328 deliciis
885 2267 1057 2347 habebat,
1086 2269 1131 2328 ad
1159 2267 1365 2329 Kremisam
1389 2266 1494 2328 situm
1507 2267 1541 2346 ⁵).
1592 2266 1638 2327 Ut
1668 2266 1919 2327 monachorum

178 2404 302 2466 Indiae
326 2413 404 2465 erat
427 2403 462 2464 in
486 2403 626 2484 Slavos,
652 2404 712 2486 qui
736 2404 876 2485 vallem,
902 2425 993 2485 quae
1016 2425 1110 2467 nunc
1127 2406 1334 2467 Pusterthal
1351 2405 1489 2485 dicitur,
1514 2404 1719 2467 incolebant
1736 2413 1772 2466 et
1787 2404 1919 2467 Matse·

178 2544 314 2606 ensium
331 2543 366 2604 in
383 2543 482 2604 vicos
507 2544 552 2604 ad
577 2544 749 2605 Iuvavum
773 2543 861 2605 sitos
884 2544 1055 2606 vexillum
1081 2545 1194 2605 crucis
1218 2543 1358 2624 inferre,
1383 2544 1433 2605 ita
1450 2541 1775 2605 Cremifanensibus
1791 2550 1920 2624 gentes

177 2701 287 2762 supra
310 2681 482 2743 Annesim
507 2691 544 2743 et
567 2679 666 2744 Slavi
689 2702 754 2763 per
777 2681 894 2762 Alpes
917 2681 1087 2744 Austriae
1112 2683 1304 2763 superioris
1329 2681 1481 2762 dispersi
1505 2682 1739 2766 contigerant.

309 2845 442 2907 Verum
474 2846 519 2907 de
543 2845 653 2907 Tiroli
680 2856 825 2926 praeter
848 2845 986 2908 Indiam
1017 2847 1124 2909 etiam
1153 2847 1345 2910 Scarancia
1375 2845 1600 2927 (Scharnitz),
1634 2851 1694 2925 763
1727 2845 1868 2908 circiter
1898 2866 1919 2906 a

177 2985 318 3046 duobus
341 2985 522 3045 nobilibus
546 2983 696 3046 Bavaris
719 2984 946 3068 Reginberto
975 2994 1010 3046 et
1033 2985 1234 3047 Irminfrido
1267 2987 1312 3047 ad
1342 2986 1471 3066 pedem
1502 2985 1632 3046 montis
1662 2983 1795 3046 horridi
1824 2985 1919 3045 Kar·

176 3123 326 3203 wendel,
351 3122 411 3184 ubi
429 3122 504 3184 Isar
523 3121 653 3185 flumen
670 3143 734 3204 per
749 3123 946 3205 angustias,
964 3143 1055 3204 quae
1072 3122 1383 3187 Scharnitzklause
1400 3123 1575 3204 dicuntur,
1593 3124 1686 3185 viam
1708 3122 1775 3184 sibi
1792 3122 1917 3204 aperit,

176 3270 362 3322 exstructa
393 3259 518 3341 paucis
547 3280 634 3322 vero
662 3261 763 3322 annis
792 3272 875 3342 post
903 3259 1118 3324 Schlehdorf
1146 3261 1181 3323 in
1214 3261 1403 3324 Bavariam
1434 3261 1608 3324 translata
1621 3261 1645 3341 ὁ)
1676 3263 1768 3323 bene
1794 3260 1919 3321 merita

312 3625 334 3706 ι)
358 3629 530 3685 Chronicon
553 3627 782 3684 Lunaelaccnse
810 3642 841 3684 et
869 3629 995 3690 historia
1017 3631 1256 3687 Lunaelaccnsis
1279 3650 1297 3686 a
1319 3630 1485 3687 Luitholdo
1514 3630 1662 3686 monacho
1691 3629 1814 3685 saeculo
1843 3628 1918 3684 duo-

175 3742 296 3797 decimo
320 3742 493 3815 conscripta
516 3753 546 3795 et
570 3740 599 3794 in
624 3737 867 3796 Urkundenbuch
892 3740 945 3796 des
970 3742 1091 3798 Laudes
1116 3740 1156 3799 ob
1180 3743 1233 3799 der
1256 3744 1349 3799 Enns
1373 3744 1396 3799 1.
1421 3743 1510 3799 edita.

309 3874 330 3955 2)
355 3879 505 3947 Quantum
529 3878 557 3933 hi
582 3879 719 3934 monachi
744 3879 773 3933 in
797 3878 979 3935 Carantania
1002 3879 1166 3948 effecerint,
1191 3900 1228 3936 ex
1252 3879 1339 3945 libro,
1364 3883 1415 3954 qui
1442 3881 1629 3951 „Conversio
1658 3881 1864 3936 baioariorum
1889 3893 1919 3935 et

175 3992 437 4048 Carantanorum‘*
465 3990 647 4056 inscribitur,
672 3993 864 4066 perspicitur.

308 4128 330 4207 ³)
354 4129 438 4185 india
462 4129 582 4185 condita
607 4143 653 4185 est
676 4128 714 4185 ab
739 4130 852 4186 Attone
876 4130 986 4187 abbate
1010 4130 1231 4199 Scaranciensi,
1256 4134 1306 4206 qui
1330 4150 1348 4186 a
1363 4131 1546 4187 'I‘hassilone
1570 4150 1647 4186 anno
1675 4145 1736 4202 770
1760 4133 1915 4205 regionem

175 4245 259 4301 circa
281 4242 396 4298 Indiam
421 4244 507 4298 sitam
533 4244 573 4297 ita
599 4256 771 4317 acceperat,
797 4256 828 4298 ut
852 4246 1064 4299 monasterium
1089 4243 1272 4307 aedificaret,
1297 4246 1382 4300 cuius
1406 4244 1544 4300 monachi
1561 4242 1660 4300 Slavis
1678 4241 1717 4298 ibi
1735 4241 1917 4317 degentibus

175 4356 330 4411 Christum
356 4353 573 4428 praedicarent.
614 4356 701 4410 Font.
726 4373 785 4410 rer.
810 4355 961 4412 Austriae.
985 4356 1022 4412 ΙΙ.
1046 4371 1098 4427 31.

312 4489 335 4568 ⁴)
361 4491 429 4560 Quo
454 4510 533 4547 anno
558 4493 709 4548 conditum
734 4497 856 4550 sitnon
879 4498 952 4552 satis
977 4509 1105 4562 constat.
1144 4496 1218 4550 Nam
1251 4513 1317 4550 curn
1347 4497 1532 4551 vetustiores
1562 4513 1670 4550 annum
1701 4492 1762 4568 760
1794 4508 1916 4570 ponant,

175 4606 312 4662 Kaserer
335 4604 363 4660 id
387 4604 503 4673 eodem,
528 4625 589 4679 quo
613 4606 824 4671 Cremisanum
849 4626 927 4663 anno
951 4604 1036 4685 (777)
1061 4609 1255 4664 constitutum
1280 4625 1349 4663 esse
1374 4608 1538 4665 contendit.
1572 4608 1713 4673 Kaserer‚
1732 4606 1917 4663 Geschichte

172 4719 229 4775 des
253 4717 504 4792 collegiatstistes
527 4719 670 4775 Mattsee.

306 4855 328 4934 5)
346 4857 393 4912 De
410 4857 534 4913 historia
550 4856 712 4913 Cremilani
729 4861 934 4934 scripserunt:
958 4860 1058 4934 Hagn,
1076 4858 1321 4916 Urkundenbuch
1338 4859 1392 4915 der
1407 4856 1497 4914 Abtei
1515 4859 1773 4923 Kremsmdnster;
1792 4856 1916 4912 Retten·

170 4971 298 5038 bacher,
322 4970 455 5026 Annales
479 4970 740 5038 Cremisanenses;
769 4969 1062 5038 Hartenschneider;
1095 4970 1323 5038 Dannerbauer,
1356 4969 1541 5027 Geschichte
1570 4988 1630 5025 von
1655 4970 1914 5036 Kremsmiinster;

171 5083 318 5149 Loserth,
344 5081 646 5157 Geschichtsquellen
669 5102 729 5140 von
754 5085 1009 5151 Kremsmilnster‚
1035 5085 1093 5140 und
1117 5085 1217 5158 Hagn‚
1241 5083 1369 5140 Wirken
1386 5082 1440 5138 der
1457 5080 1774 5139 Benedictiner·Abtei
1791 5083 1915 5138 Krems·

171 5205 311 5254 mdnster
335 5194 383 5250 fiir
407 5195 629 5252 Wissenschalt
652 5197 710 5253 und
735 5199 842 5253 Kunst.
882 5198 971 5252 Primi
997 5197 1112 5253 incolae
1136 5196 1294 5252 duodecim
1319 5213 1443 5251 numero
1467 5213 1485 5250 a
1509 5196 1620 5250 Fatero
1643 5193 1754 5250 abbate
1775 5193 1856 5250 ducti
1878 5212 1914 5249 ex

170 5311 361 5369 monasterio
387 5306 706 5364 Altabensidnleriore
730 5323 893 5365 venerunt.

302 5444 326 5525 ⁶)
352 5446 430 5505 Vide
457 5447 583 5515 Riezler,
609 5412 797 5504 Geschichte
816 5466 875 5504 von
900 5449 1017 5513 Baiern,
1042 5448 1082 5514 I.;
1109 5447 1222 5520 Egger,
1248 5445 1431 5502 Geschichte
1454 5465 1513 5502 von
1537 5445 1637 5511 Tirol‚
1662 5446 1685 5502 1.

1672 5547 1690 5593 b
