4178 6196
879 451 1136 538 ‘⁶5-

138 654 229 736 quod
249 650 468 713 inscribitur:
499 652 650 732 „bellum
671 651 966 734 regio-suecicum

138 776 170 838 in
184 772 377 837 Germania
389 772 549 856 gestum“
567 773 713 855 invenit,
732 793 823 854 quae
836 792 893 835 res
905 792 967 855 ge-

138 909 210 961 stas
230 919 252 959 a
270 896 368 959 Maio
393 900 470 974 1641
493 897 539 958 ad
556 896 631 958 Iun.
653 900 733 974 1646
752 897 967 958 adumbrans

138 1019 403 1086 Stockholmiae
435 1038 548 1103 nuper
578 1019 757 1099 publicam
787 1019 822 1081 in
852 1020 967 1081 lucem

138 1144 277 1226 prodiit.
318 1142 471 1204 Fructus
501 1141 604 1203 huius
639 1141 775 1204 itineris
807 1141 966 1203 literarii:

140 1265 276 1348 ,studia
295 1263 456 1326 51100100α
482 1263 672 1343 inscriptos
687 1264 809 1325 Dudlk
826 1263 967 1326 Brunae

138 1408 229 1453 anno
251 1392 328 1450 1852
347 1388 471 1467 proelo
485 1385 611 1448 emisit.
636 1385 751 1466 Quum
763 1395 881 1448 autem
895 1386 968 1447 ani-

141 1496 390 1592 madverteret,
418 1519 558 1589 partem
585 1509 743 1571 thesauri
766 1508 968 1590 desiderati,

140 1655 243 1717 quem
262 1651 370 1712 supra
392 1630 660 1712 nominavimus,
683 1631 777 1692 haud
801 1631 968 1713 exiguam

139 1778 202 1840 per
234 1755 447 1818 Christinam
478 1753 638 1835 reginam
670 1753 824 1815 Romam
859 1752 968 1815 fuisse

140 1887 372 1961 asportatam,
400 1894 493 1938 anno
527 1879 604 1937 1852
630 1875 666 1937 in
687 1875 826 1938 Italiam
852 1874 969 1956 profe-

140 2014 216 2064 ctus
241 2009 277 2062 et
297 1998 430 2080 ubique
454 1999 610 2060 locorum
631 1998 806 2058 benevole
826 2007 970 2077 suscep-

140 2136 210 2206 tus,
233 2123 375 2185 Romae
404 2141 474 2183 non
505 2121 618 2182 solum
648 2119 892 2181 collectionem
920 2117 969 2180 sic

141 2248 285 2309 dictam:
312 2243 498 2326 „Reginae
511 2240 782 2304 bibliothecam“
802 2246 883 2303 2322
897 2261 970 2303 ma-

140 2367 320 2448 nuscripta
353 2365 593 2427 continentem
622 2363 870 2445 perlustravit,
905 2365 968 2424 sed

142 2491 247 2554 etiam
278 2498 499 2571 regestorum
529 2486 694 2548 Vaticani
724 2485 858 2548 archivi
888 2487 969 2566 plus

140 2619 411 2693 5010010500111
432 2615 549 2673 68000
570 2609 698 2672 11110115
721 2608 967 2691 autographis;

141 2755 231 2817 quae
258 2734 375 2797 omnia
407 2733 441 2795 in
472 2751 582 2813 opere
622 2732 721 2815 „Iter
743 2730 965 2793 Romanum“

141 2859 177 2935 (I.
197 2857 253 2938 Π.)
279 2857 461 2937 explanat.
481 2855 601 2917 Roma
624 2854 686 2915 vix
709 2872 874 2915 reversus
894 2854 968 2915 Du-

141 2981 200 3042 dlk
224 3000 245 3042 a
266 2997 431 3059 supremo
447 2976 579 3040 ordinis
596 2976 781 3039 Teutonici
797 2976 968 3059 magistro

141 3101 328 3164 archiduce
337 3099 580 3162 Maximiliano
592 3099 798 3162 honorabile
811 3099 969 3179 suscepit

1047 651 1188 733 publice
1213 652 1456 715 demonstrare
1483 654 1609 735 potuit.
1641 654 1875 717 Ministerium

1048 773 1139 834 enim
1171 774 1455 854 perlustrationis
1486 776 1686 838 tabularum
1717 777 1876 856 publica·

1046 915 1123 957 rum
1158 895 1226 957 sibi
1260 897 1569 960 subordinatarum
1601 898 1723 960 Bedae
1755 909 1877 962 nostro

1048 1018 1175 1080 detulit
1194 1016 1359 1100 officium,
1377 1029 1416 1081 ut
1431 1019 1528 1101 ipsis,
1550 1040 1643 1083 nova
1658 1021 1717 1082 illa
1739 1021 1876 1084 ratione

1048 1139 1319 1222 conformandis
1347 1142 1441 1203 viam
1467 1143 1698 1223 patefaceret.
1733 1144 1875 1207 Initium

1047 1262 1180 1325 factum
1211 1283 1291 1325 cum
1317 1264 1449 1326 tabulis
1476 1265 1627 1346 publicis
1652 1264 1810 1329 Galiciae
1841 1276 1878 1329 et

1048 1385 1294 1468 Lodomeriae,
1322 1406 1469 1466 quarum
1498 1388 1782 1468 perlustrationis
1806 1388 1877 1451 fru-

1048 1515 1143 1569 ctum
1166 1527 1259 1569 anno
1288 1512 1366 1587 1867
1389 1509 1449 1570 Dr.
1474 1510 1597 1571 Dudlk
1625 1511 1721 1592 typis
1746 1510 1876 1573 descri-

1048 1631 1204 1692 bendum
1233 1631 1383 1705 curavit;
1412 1631 1524 1693 tribus
1551 1633 1652 1694 annis
1679 1642 1761 1714 post
1790 1636 1876 1716 ,sub

1049 1752 1242 1815 ministerio
1259 1750 1409 1815 Giskra“
1427 1754 1512 1815 viris
1528 1755 1574 1816 ad
1590 1755 1769 1836 inceptum
1790 1755 1876 1818 illud

1049 1894 1139 1956 opus
1155 1878 1441 1957 prosequendum
1458 1877 1633 1959 delegatis
1648 1878 1709 1940 Dr.
1725 1878 1825 1940 Beda
1841 1879 1876 1940 in

1050 1996 1232 2059 consilium
1253 1998 1411 2061 adscitus
1433 2008 1496 2060 est.
1530 1998 1644 2079 Quam
1664 2000 1771 2082 longe
1791 2000 1877 2063 late·

1050 2138 1119 2200 que
1143 2119 1238 2181 fama
1255 2120 1330 2182 eius
1350 2121 1385 2182 in
1405 2122 1472 2182 hoc
1495 2140 1628 2203 genere
1653 2122 1878 2184 dexteritatis

1048 2241 1118 2303 10111
1139 2252 1222 2305 111110
1250 2243 1419 2324 temporis
1443 2244 1696 2326 percrebuerit,
1721 2245 1783 2307 Dr.
1800 2245 1877 2307 Ru·

1048 2363 1131 2426 land
1156 2364 1191 2427 in
1218 2366 1335 2447 ,dieta
1351 2366 1546 2429 Bavarica“
1571 2377 1732 2448 testatur,
1756 2368 1791 2429 in
1808 2387 1879 2449 qua

1048 2488 1092 2549 de
1116 2496 1212 2550 statu
1236 2488 1457 2551 archivorum
1484 2490 1660 2571 regalium
1681 2490 1877 2571 disputanS,

1047 2611 1103 2692 ad¹
1118 2609 1229 2671 nostri
1252 2610 1313 2671 Dr.
1334 2609 1457 2672 Dudlk
1481 2611 1648 2674 iudicium
1672 2612 1877 2693 adpellavit.

1048 2730 1135 2793 Cum
1167 2751 1260 2794 anno
1295 2734 1375 2810 1859
1406 2733 1468 2795 Dr.
1497 2734 1620 2795 Dudlk
1646 2754 1667 2795 a
1695 2734 1878 2796 Moraviae

1047 2853 1229 2915 ordinibus
1253 2853 1356 2916 titulo
1388 2864 1423 2915 et
1454 2853 1571 2918 officio
1601 2855 1876 2938 historiographi

1048 2975 1220 3039 Moravici
1244 2976 1433 3058 insignitus
1459 2986 1563 3058 esset,
1593 2996 1685 3059 mox,
1708 2988 1748 3039 ut
1764 2978 1878 3040 huius

1049 3098 1253 3178 provinciae
1278 3099 1460 3161 historiam
1486 3119 1505 3161 e
1529 3098 1686 3162 fontibus
1713 3100 1878 3182 genuinis

141 3226 345 3288 mandatum
369 3223 550 3285 archivum
574 3222 683 3285 totius
707 3221 840 3283 ordinis
860 3221 968 3283 Vien·
1008 3224 1011 3283 1
1043 3221 1206 3283 hauriret
1222 3230 1330 3301 atque
1355 3220 1535 3303 scriberet,
1556 3222 1714 3302 suscepit
1735 3223 1879 3283 manda-

142 3366 208 3409 nae
224 3345 394 3428 erigendi.
426 3345 512 3407 Plus
528 3364 598 3407 uno
612 3345 724 3406 lustro
740 3345 787 3405 ab
803 3344 970 3426 Augusto

147 3474 224 3532 1853
241 3469 288 3530 ad
309 3472 390 3546 1859
412 3467 525 3529 labori
540 3467 608 3527 sibi
623 3465 812 3547 adsignato
829 3465 970 3527 insuda-

144 3592 209 3671 vit,
238 3600 289 3671 et,
318 3600 357 3652 ut
379 3589 581 3671 exspectari
605 3588 731 3669 potuit,
758 3589 879 3649 labore
907 3607 970 3650 suo

143 3713 323 3776 archivum
343 3711 516 3792 fundavit,
545 3711 687 3793 optimis
706 3711 809 3772 huius
828 3712 971 3793 generis

144 3835 454 3898 adnumerandum.
476 3832 576 3913 Quae
589 3832 707 3894 studia
723 3834 768 3894 ad
782 3852 874 3895 nova
887 3853 971 3914 ope-

146 3979 182 4021 ra
199 3958 338 4020 edenda
354 3958 551 4037 praebuere
572 3955 814 4029 incitamenta;
839 3955 874 4016 in
897 3957 972 4036 qui-

146 4083 211 4143 bus
242 4082 390 4143 duorum
420 4077 627 4160 praecipue:
662 4076 903 4159 ,Waldstein“
938 4087 974 4140 et

149 4201 272 4283 ,Sueci
303 4203 337 4264 in
370 4201 550 4263 Moravia“
584 4201 804 4261 documentis
840 4201 973 4262 archivi

147 4325 262 4388 bellici
284 4323 498 4386 Viennensis
521 4323 744 4384 innitentium
767 4322 899 4384 mentio
923 4322 974 4384 fa-

147 4446 281 4508 cienda.
305 4432 456 4525 Insuper
470 4454 680 4525 conceptam
702 4445 746 4506 de
762 4445 894 4506 tabulis
910 4463 974 4524 pu-

1050 3353 1134 3424 tum,
1153 3343 1208 3406 cui
1226 3362 1290 3424 per
1305 3362 1477 3405 annorum
1493 3345 1680 3406 decursum
1697 3345 1879 3425 praeclare

1050 3464 1233 3528 satisfecit.
1261 3464 1353 3529 Octo
1369 3466 1461 3528 enim
1478 3466 1563 3528 tomi
1580 3466 1748 3528 historiae
1764 3465 1880 3527 Mora-

1050 3589 1129 3651 viae
1146 3588 1315 3670 deinceps
1332 3589 1429 3670 editi,
1451 3608 1598 3670 quorum
1614 3589 1747 3669 primus
1763 3589 1880 3650 medio

1051 3712 1133 3775 anni
1154 3715 1235 3773 1860
1251 3711 1383 3791 publici
1399 3711 1485 3773 iuris
1501 3711 1617 3773 factus
1635 3720 1699 3793 est,
1720 3720 1756 3773 et
1772 3711 1881 3792 septi·

1051 3855 1128 3898 mus
1151 3835 1336 3914 periodum
1359 3833 1660 3915 Plemyslidarum
1687 3854 1765 3896 curn
1789 3852 1882 3895 011110

1057 3962 1136 4020 1306
1154 3955 1342 4037 concludit,
1367 3956 1588 4034 praeclarum
1605 3955 1681 4017 eius
1701 3955 1882 4038 ingenium

1052 4078 1230 4159 animique
1254 4097 1403 4140 acumen
1426 4078 1504 4139 luce
1529 4078 1716 4158 splendida
1740 4078 1883 4139 demon-

1053 4210 1180 4282 strant,
1214 4201 1251 4262 in
1278 4200 1401 4281 primis
1427 4219 1513 4263 vero
1540 4210 1705 4281 octavus,
1741 4199 1883 4261 humani

1054 4324 1238 4405 civilisque
1277 4324 1391 4385 cultus
1433 4323 1616 4385 historiam
1659 4323 1884 4402 adumbrans,

1053 4445 1333 4508 versatissimum
1350 4444 1573 4525 antiquitatis
1591 4444 1884 4526 investigatorem

149 4568 249 4631 blicis
273 4587 367 4631 nova
391 4568 544 4648 quadarn
560 4567 696 4628 ratione
713 4565 975 4629 conformandis
1056 4568 1223 4629 declarat.
1270 4566 1396 4648 Neque
1427 4585 1530 4647 ver0,
1564 4586 1642 4628 curn
1674 4565 1754 4627 huic
1786 4564 1884 4644 operi

150 4690 263 4752 ideam
287 4709 351 4770 per
372 4699 495 4769 partes
518 4691 760 4751 elucubratam
781 4689 975 4752 ministerio
1015 4756 1017 4773 Ι
1056 4691 1267 4769 insudasset,
1295 4690 1384 4751 alius
1408 4689 1551 4771 generis
1576 4689 1694 4751 studia
1717 4688 1887 4750 historica

150 4812 289 4893 scriptis
305 4811 482 4892 exposuit,
508 4830 613 4892 quam
636 4812 873 4891 approbatam
895 4831 977 4892 pro·
1016 4888 1018 4909 Ι
1056 4813 1226 4896 neglexit.
1258 4810 1469 4893 Conscripta
1495 4811 1587 4873 enim
1612 4821 1648 4873 et
1668 4811 1765 4892 typis
1791 4810 1887 4871 edita

150 4937 202 4996 cul
235 4935 344 4997 dubio
375 4936 410 4997 in
442 4934 606 4997 effectum
634 4935 878 5016 perduxisset,
910 4936 976 4998 nisi
1016 4960 1018 4973 ·
1057 4934 1303 4997 numismatica
1319 4934 1527 4996 collectione
1543 4932 1676 4995 ordinis
1690 4932 1886 5014 Teutonici,

1016 5016 1019 5087 l

151 5180 315 5242 striacum
341 5188 424 5242 tunc
446 5180 615 5260 temporis
631 5180 790 5262 graviter
805 5179 978 5242 afflictan-
1018 5206 1019 5211 ¹
1056 5179 1208 5260 tissima,
1243 5176 1440 5241 Guilelmus
1475 5179 1666 5260 archidux,
1702 5198 1888 5260 supremus

151 5057 368 5120 calamitates
382 5057 512 5120 diversi
528 5057 680 5139 generis,
701 5057 885 5139 imperium
903 5058 977 5120 Au·
1057 5056 1212 5119 editione
1237 5057 1359 5118 charta
1386 5066 1422 5117 et
1444 5055 1625 5118 literarum
1646 5055 1766 5118 formis
1787 5075 1888 5118 orna-

151 5318 212 5384 105,
237 5303 404 5365 continua
420 5304 625 5384 posuissent
645 5305 840 5366 obstacula.
872 5304 977 5366 Anno
1057 5301 1189 5365 ordinis
1210 5300 1395 5364 Teutonici
1421 5301 1601 5384 magister,
1623 5302 1746 5365 Bedae
1768 5311 1889 5364 nostro

152 5426 292 5487 demum
327 5430 406 5488 1865
437 5446 482 5488 ex
512 5435 614 5507 parte
646 5445 738 5507 quae
769 5427 978 5489 intendebat
1018 5442 1021 5501 3
1057 5424 1292 5488 inventarium
1317 5426 1473 5487 thesauri
1500 5425 1604 5487 huius
1632 5426 1764 5488 ordinis
1791 5424 1889 5486 insti·

1649 5543 1664 5589 9
