4208 6194
970 449 1212 509 ‚XL-

352 674 478 755 Neque
502 693 588 736 vero
612 694 633 734 a
657 673 878 755 temporibus
900 673 1082 755 luctuosiS,
1108 674 1237 754 quibus
1254 675 1410 756 reliquae
1428 675 1569 756 imperii
1584 684 1708 755 partes
1732 679 1963 758 urgebantur,

221 812 429 894 Hungariae
453 813 611 874 ordinem
637 811 788 874 liberum
818 831 897 873 esse
927 812 1173 893 providentiae
1205 812 1347 875 divinae
1378 813 1522 894 placuit.
1568 814 1623 876 Ibi
1656 814 1892 897 incrementa,
1925 825 1965 879 ut

222 972 329 1032 supra
360 951 727 1031 commemoravimuS,
760 951 829 1012 iam
861 971 903 1012 eo
934 951 1250 1032 praecidebantur,
1282 953 1376 1032 quod
1408 952 1564 1014 abbatiis
1595 971 1704 1033 saepe
1736 953 1961 1017 administra-

222 1101 318 1152 tores
342 1098 546 1170 praeerant,
578 1088 639 1169 qui
663 1088 783 1150 divino
807 1088 915 1150 cultui
944 1089 1075 1151 sacrati
1099 1108 1168 1150 non
1192 1100 1303 1153 erant.
1350 1089 1465 1170 Quam
1488 1090 1625 1152 ruinam
1649 1091 1781 1153 ordinis
1804 1091 1964 1173 prohibi-

221 1238 321 1291 turus
344 1227 499 1290 Mathias
523 1226 696 1290 Corvinus
726 1248 790 1289 rex
820 1246 1033 1308 quamquam
1062 1231 1142 1305 1489
1173 1226 1384 1311 ,assistente
1413 1228 1482 1291 sibi
1505 1230 1649 1311 Angelo
1680 1230 1853 1311 episcopo
1886 1251 1964 1292 cum

221 1371 328 1451 plena
363 1376 543 1450 potestate
573 1388 595 1429 a
625 1368 736 1429 latere
771 1366 912 1449 legat0“
951 1366 1114 1428 omnibus
1148 1366 1326 1449 religiosis
1361 1369 1534 1448 quasdam
1569 1369 1670 1450 leges
1705 1370 1804 1451 tulit,
1842 1379 1962 1432 tamen

222 1508 352 1569 malum
376 1506 606 1587 praecipuum
630 1525 700 1567 non
724 1504 877 1585 sustulit,
902 1524 981 1566 cum
1005 1504 1171 1567 abbatias
1194 1504 1393 1567 hominibus
1419 1507 1484 1588 ,de
1501 1525 1539 1567 se
1557 1506 1701 1587 meritis,
1725 1506 1804 1568 aliis
1820 1508 1866 1569 ad
1884 1508 1962 1570 dies

222 1645 329 1726 vitae,
353 1645 430 1706 aliis
454 1646 500 1706 ad
523 1642 715 1705 haeredes“
743 1645 965 1723 concederet,
989 1643 1187 1724 iisdemque
1211 1654 1426 1725 potestatem
1450 1647 1621 1707 abbatum
1646 1647 1879 1708 creandorum
1904 1648 1965 1709 de-

221 1785 341 1848 ferret.
387 1784 535 1846 Meliore
567 1803 646 1844 cum
674 1802 842 1845 successu
871 1782 1029 1844 Mathiae
1060 1801 1246 1844 successor
1262 1782 1484 1845 Wladislaus
1507 1783 1561 1865 Il,
1586 1784 1780 1846 Bohemiae
1805 1795 1841 1845 et
1864 1785 1965 1847 Hun-

223 1923 345 2005 gariae
369 1943 443 2003 rex,
469 1921 762 1984 instaurationem
787 1920 920 1982 ordinis
943 1919 1133 2000 incohavit,
1159 1940 1237 1981 cum
1260 1919 1342 1982 huic
1367 1921 1467 2002 operi
1487 1921 1692 1983 Mathaeum
1718 1923 1762 1983 de
1779 1923 1893 1984 Tolna
1917 1924 1964 1985 ad

224 2062 436 2143 dignitatem
464 2060 681 2122 abbatialem
709 2059 843 2121 Montis
871 2058 1077 2120 Pannoniae
1107 2067 1307 2139 promotum
1341 2059 1535 2141 „notarium
1566 2061 1799 2122 cancellariae
1828 2061 1966 2142 regium

222 2221 264 2263 ac
289 2200 455 2262 clericum
479 2198 687 2260 dioeceseos
710 2195 1124 2278 Quinqueecclesiensis“
1150 2195 1371 2277 praeficeret.
1417 2197 1516 2259 Idem
1540 2218 1619 2260 cum
1643 2200 1812 2260 abbatem
1829 2197 1965 2260 Montis

222 2338 428 2401 Pannoniae
453 2337 617 2399 omnibus
640 2335 780 2417 imperii
804 2335 858 2397 sui
881 2334 1105 2396 monasteriis
1130 2344 1378 2416 praeponeret,
1403 2336 1537 2398 ordinis
1552 2337 1646 2399 vires
1663 2337 1793 2399 artiore
1810 2338 1964 2417 quodam

223 2478 364 2540 vinculo
389 2475 582 2539 coniunxit.
628 2475 827 2555 Propterea
850 2473 1039 2534 Mathaeus
1068 2474 1181 2534 abbas
1209 2477 1284 2535 1501
1319 2473 1514 2555 capitulum
1542 2476 1711 2557 generale
1742 2476 1967 2556 convocavit,

225 2626 261 2678 et
292 2615 424 2677 ordinis
454 2612 794 2696 redintegrationem
827 2610 1099 2673 commendavit.
1147 2593 1268 2692 Simul,
1294 2630 1372 2673 cum
1396 2613 1501 2693 pauci
1526 2622 1646 2675 essent
1669 2613 1827 2696 religiosi
1852 2614 1966 2696 (Mon-

224 2764 297 2817 tem
321 2753 527 2816 Pannoniae
559 2751 674 2833 ipsum
703 2751 765 2812 vix
793 2752 916 2813 decem
945 2750 1108 2811 monachi
1134 2750 1361 2832 incolebant),
1392 2760 1432 2813 ut
1460 2751 1607 2813 aliorum
1631 2772 1773 2833 quoque
1805 2753 1966 2816 ordinum

223 2893 411 2975 religiosos
435 2891 617 2974 suscipere
633 2890 700 2953 sibi
716 2890 850 2969 liceret,
867 2888 1082 2969 impetravit.
1121 2888 1296 2971 Denique,
1323 2909 1401 2951 curn
1421 2890 1457 2951 in
1474 2911 1618 2953 munere
1643 2901 1811 2973 suscepto
1835 2913 1856 2954 a
1880 2894 1967 2954 sede

224 3030 420 3112 apostolica
444 3049 574 3112 magno
598 3048 706 3109 opere
731 3029 970 3109 adiuvaretur,
995 3028 1029 3089 in
1054 3029 1210 3110 capitulo
1239 3034 1317 3091 1512
1344 3031 1524 3091 celebrato
1549 3030 1584 3091 id
1609 3030 1736 3112 effecit,
1761 3041 1800 3093 ut
1823 3031 1967 3093 confoe-

224 3171 360 3233 deratio
377 3169 679 3248 monasteriorum,
697 3188 845 3249 quorum
862 3179 1033 3249 patronus
1049 3187 1113 3229 rex
1130 3177 1216 3249 erat,
1234 3168 1449 3231 conveniret.
1485 3169 1585 3230 Haec
1606 3170 1821 3232 monasteria
1845 3180 1965 3233 erant:

223 3309 328 3371 Mons
351 3308 569 3386 Pannoniae,
593 3309 626 3368 b.
651 3307 788 3368 Mariae
812 3308 857 3368 de
881 3306 1096 3388 Pecsvarad,
1129 3326 1174 3370 ss.
1199 3305 1397 3369 Salvatoris
1421 3308 1465 3368 de
1490 3306 1696 3390 Szekszard,
1727 3330 1753 3370 S.
1778 3309 1965 3371 Michaelis

223 3448 429 3530 archangeli
453 3448 497 3508 de
522 3446 649 3526 Batha,
676 3467 703 3508 s.
728 3445 875 3528 Aegidii
900 3446 944 3507 de
969 3443 1153 3528 Simighio,
1178 3465 1204 3507 s.
1230 3445 1380 3507 Adriani
1404 3446 1449 3506 de
1474 3446 1631 3527 Zalavar,
1657 3466 1683 3508 s.
1710 3447 1898 3509 Benedicti
1922 3449 1967 3508 de

224 3587 324 3648 iuxta
348 3584 457 3666 Gron,
482 3606 508 3647 s.
533 3584 691 3647 Mauritii
715 3586 759 3647 de
783 3585 881 3646 Beel.
927 3584 1028 3646 Haec
1059 3583 1324 3647 confoederatio
1355 3586 1456 3667 leges
1487 3585 1629 3668 rogavit
1661 3587 1705 3648 de
1737 3586 1966 3649 similitudine

223 3727 339 3789 cultus
363 3726 483 3807 divini,
508 3727 553 3787 de
577 3725 742 3806 capitulis
759 3724 987 3806 generalibus
1004 3723 1109 3786 tertio
1126 3743 1268 3805 quoque
1293 3744 1396 3804 anno,
1421 3726 1465 3786 de
1487 3724 1750 3788 visitationibus
1773 3725 1966 3807 quotannis

223 3865 454 3945 celebrandiS,
488 3865 532 3926 de
563 3863 738 3946 eligendis
769 3863 972 3944 abbatibuS,
1005 3864 1049 3925 de
1081 3862 1253 3944 obsequio
1283 3863 1439 3944 praesidi
1467 3864 1614 3944 capituli
1643 3865 1843 3946 tribuendo,
1872 3865 1965 3928 aliis.

222 4006 422 4086 Perpetuus
451 4022 537 4064 vero
569 4011 605 4064 et
634 4022 791 4063 summus
823 4021 969 4082 praeses
1000 4001 1148 4081 capituli
1177 4010 1267 4082 erat,
1302 4002 1461 4083 quisquis
1491 4004 1673 4066 abbatiam
1704 4003 1837 4065 Montis
1870 4003 1965 4065 Pan·

222 4141 349 4203 noniae
374 4140 580 4223 11ςθ111111).·
622 4139 788 4202 Forsitan
820 4140 875 4202 his
907 4139 1068 4202 Mathaei
1099 4139 1270 4202 institutis
1299 4141 1386 4202 ordo
1415 4142 1541 4203 iterum
1565 4162 1584 4204 e
1609 4142 1766 4204 tenebris
1790 4141 1825 4204 in
1848 4144 1965 4205 lucem

222 4281 364 4343 evocari
387 4289 543 4362 poterat,
572 4279 640 4342 nisi
663 4281 752 4341 haec
777 4279 877 4342 initia
899 4300 1021 4362 pugna
1050 4281 1203 4342 adversa
1234 4281 1279 4341 ad
1307 4279 1456 4342 Mohacs
1489 4280 1596 4360 (1520)
1629 4300 1804 4363 oppressa
1834 4289 1871 4342 et
1902 4301 1964 4343 ex·

221 4420 351 4482 stincta
383 4428 514 4481 essent.
560 4418 650 4480 Tum
682 4417 833 4482 Osmani
857 4417 1063 4481 Solimanno
1091 4420 1181 4480 duce
1210 4419 1433 4501 Hungariam
1464 4418 1558 4481 ferro
1589 4419 1736 4501 ignique
1765 4429 1962 4482 vastarunt.

221 4555 333 4620 Simul
356 4556 460 4618 bellis
483 4556 646 4618 civilibus
668 4556 763 4618 vires
788 4556 823 4617 in
847 4556 926 4637 ipsa
942 4556 1080 4637 patriae
1097 4557 1236 4618 viscera
1252 4577 1378 4619 versae
1396 4569 1507 4619 erant.
1539 4557 1605 4619 His
1621 4558 1735 4620 turbis
1751 4557 1963 4626 interierunt

220 4694 435 4756 monasteria
458 4703 495 4756 et
518 4693 713 4775 prioratus:
738 4694 779 4758 B.
804 4693 940 4756 Mariae
965 4696 1009 4756 de
1033 4693 1168 4776 Stohla,
1193 4717 1219 4757 s.
1244 4695 1429 4758 Michaelis
1454 4697 1498 4757 de
1522 4696 1674 4777 Batta2),
1699 4716 1745 4759 ss.
1763 4695 1961 4759 Salvatoris

352 5036 372 5115 ¹)
397 5035 546 5093 Schramb
571 5038 599 5091 in
623 5035 775 5092 Chronico
800 5036 965 5092 Mellicensi
995 5038 1084 5092 etiarn
1113 5036 1189 5091 hanc
1214 5035 1509 5093 confoederationem
1542 5037 1579 5093 ad
1607 5038 1810 5095 Mellicensem
1838 5039 1962 5095 confor-

220 5163 328 5205 matam
352 5168 422 5205 esse
450 5147 617 5215 contendit,
643 5147 671 5203 id
695 5148 777 5222 quod
801 5167 819 5203 a
843 5149 982 5205 Czinario
1006 5149 1024 5204 l.
1050 5168 1075 5204 c.
1101 5149 1138 5203 II.
1164 5148 1322 5204 refutatur.

350 5279 371 5358 ²)
396 5282 467 5356 lpso
492 5281 549 5346 die,
574 5299 635 5354 quo
659 5299 761 5356 pugna
785 5280 823 5335 ad
847 5280 973 5337 Mohacs
997 5282 1158 5336 commissa
1182 5293 1237 5344 est,
1264 5280 1439 5337 Ludovicus
1456 5281 1494 5336 ΙΙ.
1519 5280 1620 5336 infelix
1644 5300 1697 5337 rex
1722 5283 1750 5337 in
1774 5282 1831 5338 hoc
1856 5299 1961 5337 mona·

220 5394 312 5449 sterio
336 5392 590 5450 commorabatur.
