4178 6196
945 400 1226 468 -262-

218 602 306 663 mari
333 600 595 682 susceptionem
622 599 657 662 in
683 600 933 663 monasterium
956 601 1044 664 Rai-

219 724 408 806 gradiense
430 722 571 804 accepit
591 731 627 785 et
647 725 724 784 1801
749 727 794 786 13.
811 722 901 787 Nov.
924 743 1043 789 mona·

219 847 322 908 chum
349 846 444 928 apud
467 864 531 907 nos
553 845 683 928 induit,
712 845 876 908 dimissus
899 845 998 927 prius
1023 865 1043 908 e

218 968 373 1031 dioecesi
385 967 770 1050 Reginaehradecensi.
793 969 1042 1032 Absolutono·

219 1091 345 1154 vitiatu
366 1090 515 1153 mittitur
535 1109 627 1152 anno
649 1095 727 1169 1804
744 1089 976 1154 Litomislium
996 1091 1043 1153 ad

219 1214 457 1277 continuanda
469 1212 587 1275 studia
597 1212 853 1295 philosophica,
870 1231 961 1295 quae
974 1213 1042 1276 iam

218 1335 407 1418 Raigradii
422 1355 515 1398 anno
536 1339 614 1398 1803
637 1343 818 1417 coeperat,
840 1334 959 1417 ibique
979 1354 1045 1418 per

218 1458 399 1520 biennium
423 1466 657 1520 commoratus
681 1456 949 1539 psychologiam
974 1476 1044 1520 em·

218 1580 374 1661 piricam,
395 1579 548 1662 logicam
564 1578 808 1660 universalem,
828 1578 1043 1660 metaphysi-

217 1721 305 1784 cam,
322 1702 485 1783 ethicam,
498 1701 683 1783 physicam
696 1709 732 1763 et
744 1700 918 1763 mathesin
930 1700 1043 1782 appli-

217 1834 333 1888 catam
353 1823 499 1904 audivit,
520 1822 685 1885 feriarum
706 1832 865 1904 tempore
891 1825 970 1885 1805
993 1827 1042 1886 28.

218 1945 299 2011 Oet:
306 1947 352 2009 ad
361 1943 763 2026 sacramprofessionem
773 1945 947 2007 admissus
957 1964 1043 2008 una·

217 2089 295 2131 curn
312 2066 522 2130 connovitiis
535 2065 607 2128 suis
619 2064 724 2129 Gallo
737 2076 773 2130 et
784 2066 919 2139 Mauro.
936 2068 1043 2130 Anno

222 2195 300 2253 1805
318 2195 347 2253 3.
364 2191 437 2252 Ian.
459 2190 505 2250 ad
521 2189 725 2252 mandatum
744 2190 941 2272 praepositi
956 2190 1042 2252 Pra-

216 2331 299 2394 gam
326 2314 371 2374 ad
395 2311 644 2374 monasterium
668 2311 936 2374 Blevnoviense
963 2332 1042 2395 pro·

217 2435 331 2498 fectus
352 2435 400 2497 ibi
421 2453 486 2515 per
502 2435 687 2498 decursum
704 2436 852 2497 duorum
871 2454 1041 2497 annorum

216 2557 418 2640 theologiae
427 2567 548 2638 partes
557 2556 740 2618 historiam
753 2556 1041 2638 ecclesiasticam,

216 2678 526 2761 introductionem,
550 2679 604 2740 ius
628 2678 845 2761 canonicum,
869 2680 1042 2763 dogmati·

217 2823 294 2866 cam
315 2814 351 2864 et
366 2801 664 2864 hermeneuticam
683 2821 728 2864 ex
744 2802 1042 2881 praelectionibus

215 2924 455 3007 professorum
464 2924 737 2986 Bonaventurae
747 2924 875 2988 Miiller
883 2935 906 2988 t.
915 2934 938 2988 t.
949 2925 1041 3008 prio·

216 3048 278 3129 ris,
299 3045 437 3109 Placidi
452 3046 615 3109 Benesch
638 3056 673 3109 et
694 3047 874 3111 Lamberti
890 3048 1041 3111 Linden-

216 3171 290 3233 thal
311 3169 445 3251 optimo
466 3190 544 3232 cum
565 3188 733 3232 successu
756 3158 906 3252 audivit,
931 3181 966 3233 et
994 3191 1040 3234 10.

216 3295 319 3357 Febr.
347 3297 426 3372 1807
451 3293 597 3355 obtenta
621 3294 774 3373 desuper
800 3292 942 3355 licentia
969 3294 1042 3376 epi·

217 3416 315 3497 scopi
338 3413 532 3477 Brunensis
556 3433 625 3475 una
650 3433 728 3477 cum
749 3412 772 3475 s.
796 3411 898 3477 Gallo
919 3425 954 3478 et
974 3415 1041 3498 Cy-

215 3538 292 3600 rillo
316 3536 593 3598 subdiaconatus
615 3537 736 3599 ordine
759 3536 950 3620 insignitus
975 3548 1039 3601 est.

124 3668 127 3675 ·
215 3659 349 3722 Redux
371 3659 512 3720 domum
536 3660 616 3736 1809
637 3659 852 3741 theologiam
873 3661 1040 3723 moralem

217 3790 252 3844 et
268 3780 484 3861 pastoralem
497 3780 532 3843 in
544 3780 730 3843 seminario
744 3781 939 3862 episcopali
952 3782 1039 3844 Bru-

216 3923 283 3965 nae
300 3902 423 3965 didicit
439 3903 559 3983 sicque
575 3903 739 3965 absoluto
751 3904 954 3987 theologiae
966 3905 1040 3968 uni-

116 4071 119 4075 ·
217 4045 341 4088 versae
358 4025 475 4088 studio
491 4031 542 4089 30.
555 4026 649 4108 Aug.
666 4026 698 4087 h.
715 4046 794 4088 ann.
811 4027 1040 4110 abepiscopo

217 4147 392 4211 Brunensi
408 4147 442 4209 in
455 4147 585 4209 sacello
598 4146 673 4208 eius
686 4148 881 4212 domestico
893 4150 1040 4232 presby-

216 4281 270 4335 ter
286 4281 340 4333 est
356 4269 548 4333 ordinatus,
572 4269 705 4352 Magna
728 4273 952 4334 sacerdotum
968 4273 1041 4335 ino-

216 4393 275 4476 pia
296 4402 440 4455 coactus
461 4392 585 4453 eodem
609 4411 701 4454 anno
727 4392 917 4474 episcopus
941 4413 1041 4475 prae-

216 4515 370 4596 positum
391 4523 548 4577 nostrum
569 4514 736 4594 precibus
751 4514 840 4598 adit,
863 4525 901 4578 ut
922 4535 1040 4597 quem-

217 4640 297 4700 dam
317 4657 458 4700 suorum
480 4635 766 4719 Schlapanicium
790 4637 825 4699 in
846 4638 1040 4701 subsidium

216 4780 321 4823 curae
342 4760 535 4822 animarum
557 4765 682 4842 mittat,
706 4760 834 4841 quibus
850 4757 1041 4824 Othmarus

216 4885 462 4947 obsecundans
483 4882 523 4946 P.
543 4881 781 4945 Venceslaum
802 4882 885 4946 illuc
909 4883 1040 4946 dimisit

220 5009 266 5070 18.
292 5004 381 5088 Oct,
407 5005 466 5087 qui
490 5005 621 5067 ibidem
645 5023 758 5085 usque
781 5006 826 5066 ad
850 5004 932 5068 anni
960 5011 1039 5084 1814

215 5127 319 5190 finem
343 5136 577 5190 commoratus
602 5137 666 5209 est,
690 5125 830 5189 insimul
852 5124 1041 5191 Socolnicii

215 5250 251 5312 in
278 5250 481 5312 nosocomio
509 5249 682 5312 castrensi
708 5248 806 5310 varie
836 5257 1040 5329 occupatus

216 5373 331 5455 Quum
343 5392 431 5435 anno
449 5377 528 5437 1815
542 5382 685 5436 curatus
697 5369 943 5455 Syrovicensis
956 5371 1041 5433 Ber·

1123 602 1250 664 nardus
1270 600 1433 665 Pivonka
1456 604 1502 664 ob
1518 601 1690 666 infirmam
1705 604 1953 667 valetudinem

1122 742 1248 785 munus
1270 723 1483 806 abdicasset,
1499 723 1721 788 Venceslaus
1743 725 1779 788 in
1800 724 1878 789 eius
1900 726 1954 788 lo·

1122 863 1201 908 cum
1217 854 1405 927 suspectus
1422 855 1492 928 est,
1516 847 1576 928 qui
1597 866 1662 929 per
1682 848 1954 929 quatuordecim

1121 985 1233 1029 annos
1248 967 1283 1028 in
1300 968 1435 1031 curatia
1450 968 1613 1050 praefata
1634 989 1756 1032 omnes
1772 968 1880 1033 officii
1895 971 1953 1033 sui

1121 1096 1244 1170 partes
1274 1089 1472 1171 adimplens
1503 1111 1669 1174 magnum
1697 1093 1764 1155 sibi
1792 1091 1952 1157 fidelium

1122 1209 1311 1291 acquisivit
1323 1230 1491 1286 amorem;
1508 1232 1621 1295 usque
1635 1214 1717 1275 dum
1735 1218 1814 1292 1829
1832 1234 1862 1293 9.
1874 1214 1951 1277 Ian.

1123 1332 1165 1393 ab
1174 1332 1371 1414 episcopali
1380 1331 1497 1424 officio
1507 1336 1553 1398 ob
1563 1354 1716 1397 errorem
1726 1335 1952 1398 commissum

1123 1464 1294 1517 avocatus
1317 1456 1353 1519 in
1378 1457 1628 1520 monasterium
1651 1457 1850 1520 remittitur.
1875 1454 1951 1521 Sed

1123 1595 1238 1656 neque
1261 1576 1361 1639 hicce
1382 1578 1441 1640 diu
1464 1586 1541 1640 erat
1561 1580 1783 1642 manendum.
1809 1596 1838 1657 7.
1860 1579 1951 1661 Apr.

1123 1697 1215 1761 enim
1251 1699 1377 1762 iterum
1408 1700 1581 1763 sarcinam
1616 1700 1761 1783 collegit
1792 1709 1828 1763 et
1857 1700 1952 1765 Neo·

1122 1820 1350 1884 Rausnitium
1366 1841 1404 1884 se
1421 1823 1580 1886 contulit.
1605 1823 1767 1885 Parocho
1783 1843 1870 1887 vero
1885 1823 1952 1886 ibi·

1123 1944 1203 2005 dem
1220 1943 1387 2007 defuncto
1404 1964 1512 2027 aeger
1525 1946 1641 2008 animo
1653 1945 1875 2008 Venceslaus
1888 1947 1951 2008 do·

1123 2086 1215 2128 mum
1231 2076 1366 2129 remeat
1382 2073 1429 2130 13.
1443 2068 1537 2150 Aug.
1554 2068 1667 2150 huius,
1685 2077 1721 2130 et
1741 2087 1789 2130 10.
1802 2069 1888 2131 Dec.
1902 2071 1950 2131 ab

1122 2186 1238 2251 officio
1270 2189 1465 2271 episcopali
1492 2191 1619 2253 iterum
1645 2189 1853 2253 Hiifleinam
1883 2210 1950 2273 pro

1121 2310 1297 2374 iuvamina
1313 2310 1349 2373 in
1366 2330 1449 2374 cura
1470 2312 1664 2375 animarum
1684 2313 1868 2375 ordinatus
1887 2332 1949 2375 110-

1121 2452 1204 2494 vum
1235 2432 1414 2495 biennium
1445 2433 1530 2497 foris
1566 2435 1763 2516 transigere
1795 2435 1946 2517 cogitur.

1122 2559 1151 2617 3.
1176 2554 1278 2616 Febr.
1309 2559 1387 2617 1832
1413 2558 1556 2618 tandem
1579 2567 1768 2620 revocatus
1793 2557 1949 2638 quietem

1121 2687 1347 2759 peroptatam
1360 2677 1394 2739 in
1408 2679 1579 2741 coenobio
1593 2690 1728 2762 nactus,
1746 2680 1897 2743 sacrista
1913 2690 1948 2744 et

1120 2798 1368 2862 refectorarius
1390 2801 1611 2883 constitutuS,
1634 2822 1654 2863 a
1675 2822 1823 2884 quorum
1840 2802 1947 2885 priori

1126 2927 1217 3003 1835,
1234 2942 1255 2984 a
1271 2924 1460 3003 posteriori
1475 2944 1562 2988 vero
1583 2930 1664 3004 1870
1679 2926 1865 2988 absolutus
1881 2934 1945 2988 est.

1122 3043 1235 3107 Hilari
1248 3045 1364 3107 animo
1377 3065 1588 3128 semperque
1602 3047 1720 3110 studio
1731 3047 1948 3129 philologiae

1122 3166 1276 3229 slavicae
1292 3186 1429 3229 necnon
1443 3168 1598 3231 musicae
1610 3178 1707 3230 totus
1720 3178 1875 3249 quantus
1889 3168 1948 3230 de-

1121 3288 1216 3352 ditus
1232 3289 1308 3352 dies
1325 3309 1407 3352 suos
1424 3292 1469 3352 ad
1487 3291 1705 3372 decrepitam
1723 3310 1836 3372 usque
1852 3301 1947 3353 aeta-

1120 3421 1192 3474 tem
1207 3412 1445 3494 prolongavit,
1463 3422 1498 3475 et
1515 3414 1694 3476 celebrato
1715 3413 1946 3494 professionis

1120 3553 1271 3596 necnon
1292 3535 1481 3597 sacerdotii
1503 3536 1557 3599 sui
1579 3535 1732 3597 iubilaeo
1752 3545 1835 3616 post
1859 3555 1947 3598 mor-

1119 3658 1203 3718 bum
1219 3677 1289 3719 non
1305 3657 1371 3719 nisi
1387 3659 1659 3739 quatriduanum
1676 3670 1714 3720 ut
1730 3658 1849 3720 senior
1865 3678 1946 3721 con·

1120 3790 1248 3842 ventus
1272 3781 1532 3862 nonagenarius
1554 3780 1629 3843 fere
1653 3780 1891 3863 placidissime
1912 3780 1948 3841 in

1119 3902 1271 3965 Domino
1288 3902 1502 3965 obdormivit
1518 3922 1564 3965 ex
1580 3922 1753 3964 marasmo
1770 3901 1873 3965 senili
1889 3902 1946 3963 die

1124 4032 1170 4088 13.
1189 4025 1266 4089 Oct.
1288 4030 1366 4105 1872
1384 4028 1469 4088 hora
1488 4027 1544 4108 7¹12
1561 4044 1674 4107 mane,
1696 4024 1795 4087 cuius
1816 4043 1945 4105 corpus

1120 4169 1184 4232 per
1209 4150 1377 4212 abbatem
1401 4147 1622 4212 Guntherum
1650 4147 1856 4228 sepulturae
1879 4157 1947 4209 tra·

1121 4272 1242 4335 ditum.

1208 4384 1307 4467 Opus
1334 4385 1374 4445 P.
1398 4383 1587 4446 Venceslai
1610 4383 1697 4445 an
1724 4384 1820 4463 quod
1850 4383 1946 4465 typis

1119 4498 1251 4581 prodiit
1267 4497 1442 4559 titulatur:

1205 4614 1376 4690 Nejnovtjii
1399 4613 1598 4671 kancionalek
1621 4572 1860 4688 dilszpdvnidek
1888 4631 1944 4688 pro

1120 4719 1272 4777 katolicki.
1288 4719 1441 4794 kiestany.
1463 4714 1492 4795 (i.
1510 4737 1536 4774 e.
1556 4719 1756 4775 Novissimum
1772 4715 1947 4772 cancionale

1120 4843 1173 4882 seu
1195 4822 1270 4880 liber
1291 4826 1474 4880 canticorum
1491 4840 1645 4879 sacrorum
1666 4821 1704 4877 ad
1721 4840 1805 4876 usum
1822 4820 1947 4877 catholi-

1120 4925 1245 5007 corum.)
1268 4928 1396 4995 Brunae,
1421 4929 1500 5002 typis
1521 4926 1629 4983 viduae
1650 4924 1800 5001 Rudolphi
1817 4924 1945 4982 Rohrer.
1971 4974 1974 4979 .

1125 5032 1214 5106 1843.
1232 5031 1275 5089 8⁰.
1292 5051 1322 5108 p.
1340 5045 1398 5088 100
1415 5043 1444 5087 et
1462 5046 1508 5110 12,
1526 5033 1554 5086 in
1570 5043 1674 5086 nostra
1689 5028 1875 5086 bibliotheca
1891 5026 1946 5086 sub

1120 5139 1190 5194 Bnr.
1213 5151 1324 5211 17194.

1207 5249 1946 5319 SermonemnativumbohemicumP.Ven·

1121 5370 1259 5432 ceslaus
1285 5378 1406 5431 noster
1433 5365 1641 5448 praeprimis
1669 5365 1823 5445 colebat,
1849 5365 1943 5445 quod
