4178 6196
892 459 934 468 -
980 422 1153 484 XXXIV
1197 459 1240 467 -

202 651 440 715 calamitatem
462 663 609 731 propter
632 668 789 730 pugnam
813 648 905 710 inter
922 646 1116 730 Georgium
1134 649 1335 728 Podebrad,
1353 666 1476 730 regem
1492 646 1697 727 Bohemiae,
1713 655 1750 709 et
1766 645 1940 708 Mathiam

200 789 399 869 Corvinum,
416 786 624 868 Hungariae
641 806 772 868 regem,
792 796 991 849 consertam
1008 785 1192 848 Moraviae
1209 785 1425 847 monasteria
1441 784 1679 866 Raigradium
1696 795 1732 846 et
1749 785 1939 848 Trebicum

199 936 416 1008 acceperunt
440 927 499 1008 ita,
524 935 562 988 ut
585 927 651 987 hoc
676 925 886 987 dissolutum
911 925 957 987 sit
973 928 1005 1006 ¹).

975 1270 1081 1335 CAP.
1106 1270 1166 1332 IV.

331 1482 369 1543 ln
395 1481 544 1542 eandem
569 1480 821 1559 calamitatem,
854 1499 924 1559 qua
952 1480 1038 1540 ordo
1067 1488 1172 1541 antea
1202 1479 1293 1541 adeo
1320 1476 1450 1540 florens
1473 1477 1667 1540 Bohemiae
1692 1489 1728 1541 et
1752 1478 1938 1542 Moraviae

201 1619 344 1682 saeculo
368 1619 491 1699 quinto
516 1616 651 1679 decimo
676 1619 869 1698 obpressus
893 1628 979 1696 erat,
1004 1617 1147 1678 saeculo
1173 1626 1345 1697 sequente
1366 1615 1524 1698 religiosi
1540 1625 1711 1678 terrarum
1729 1617 1939 1698 Alpinarum

201 1757 409 1821 inciderunt.
455 1755 579 1836 Magni
610 1754 805 1816 animorum
836 1764 952 1817 motus
962 1803 971 1836 ,
1007 1773 1095 1834 quos
1126 1755 1320 1816 monachus
1354 1754 1637 1836 Augustinorum
1669 1763 1706 1816 et
1738 1755 1940 1838 theologiae

202 1896 385 1978 professor
408 1894 651 1957 universitatis
674 1893 1014 1976 Wittenbergensis,
1037 1894 1098 1955 Dr.
1125 1892 1299 1955 Martinus
1327 1891 1513 1974 LutheruS‚
1539 1894 1731 1975 exciverat,
1756 1894 1791 1956 in
1816 1896 1940 1957 domos

202 2055 344 2116 quoque
368 2033 500 2096 ordinis
524 2054 550 2095 s.
575 2032 761 2095 Benedicti
785 2031 912 2094 fluctus
937 2032 1154 2113 evolverant,
1188 2032 1248 2113 qui
1279 2031 1314 2094 in
1349 2031 1509 2111 plurimis
1540 2031 1644 2094 avide
1676 2032 1939 2095 hauriebantur.

203 2173 244 2235 Id
268 2171 344 2234 fieri
368 2181 510 2253 poterat
533 2181 733 2252 propterea,
759 2172 854 2252 quod
879 2171 1067 2252 disciplina
1089 2181 1125 2233 et
1141 2171 1297 2234 studium
1314 2172 1512 2234 litterarum
1528 2172 1799 2254 neglegebatur,
1823 2191 1940 2234 rerum

203 2310 357 2372 inanium
387 2330 486 2371 amor
513 2309 720 2391 inrepserat.
760 2308 954 2371 Praeterea
978 2311 1065 2372 ordo
1090 2311 1315 2371 sacerdotum
1341 2310 1555 2391 regularium
1579 2309 1733 2372 maximo
1758 2319 1835 2372 erat
1858 2331 1941 2373 con·

203 2448 364 2529 temptui,
388 2457 427 2510 ut
451 2449 643 2509 monachus
667 2468 745 2510 cum
769 2459 871 2510 veste
895 2448 1027 2510 ordinis
1051 2449 1220 2511 incedens
1248 2448 1334 2510 risui
1368 2449 1426 2510 vel
1456 2448 1592 2511 iniuriis
1620 2450 1805 2530 expositus
1834 2461 1940 2514 esset.

205 2588 384 2667 Perpetua
401 2586 553 2667 denique
570 2587 762 2648 certamina
778 2606 857 2648 cum
870 2587 1066 2668 nobilitate,
1081 2605 1172 2666 quae
1188 2586 1320 2666 ubique
1334 2585 1409 2648 iere
1422 2607 1552 2649 novam
1565 2588 1760 2650 doctrinam
1774 2588 1941 2669 amplexa

205 2737 282 2787 erat
298 2735 334 2787 et
350 2724 581 2805 cupiditatem
606 2726 831 2806 praediorum
852 2725 1153 2787 monasterialium
1171 2725 1263 2787 male
1282 2725 1539 2809 dissimulabat,
1562 2728 1687 2789 eodem
1703 2726 1940 2809 pertinebant.

335 2865 374 2926 ln
404 2865 655 2926 monasterium
679 2863 874 2927 Garstense
903 2864 1215 2945 protestantismus
1248 2865 1316 2926 iam
1348 2885 1441 2927 anno
1477 2869 1555 2943 1527
1591 2865 1782 2928 invaserat.
1827 2866 1941 2928 Paulo

206 3012 288 3084 post
312 3023 390 3064 eum
415 3003 449 3064 in
474 3003 618 3083 reliquis
641 3002 864 3064 monasteriis
873 3050 882 3082 ,
914 3022 993 3063 curn
1018 3002 1228 3083 praesertim
1252 3003 1410 3064 nonnulli
1434 3004 1585 3065 abbates
1608 3023 1630 3064 a
1653 3003 1804 3067 veritate
1829 3004 1943 3066 desci-

205 3143 350 3222 vissent,
374 3143 578 3223 reperimus.
626 3142 712 3203 lnde
736 3141 812 3202 fieri
835 3160 905 3203 non
929 3140 1055 3222 potuit,
1082 3141 1164 3221 quin
1191 3162 1357 3203 numerus
1380 3141 1628 3224 religiosorum
1657 3141 1693 3202 in
1722 3142 1798 3203 dies
1827 3141 1943 3223 magis

207 3281 478 3342 deminueretur.
524 3278 757 3360 Gottwigium
782 3280 924 3359 quidem
949 3291 984 3342 et
1009 3280 1129 3342 Cellae
1152 3280 1336 3343 Marianae
1361 3291 1504 3362 praeter
1527 3283 1694 3342 abbatem
1712 3281 1844 3342 nullum
1861 3301 1944 3343 con-

207 3421 419 3499 ventualem,
445 3419 734 3499 Seitenstadium,
758 3419 964 3501 Mellicium,
991 3420 1207 3500 AdmonteS,
1232 3419 1459 3500 Gluniacum,
1484 3418 1750 3499 Lambachium,
1775 3419 1944 3481 Michael-

207 3559 332 3618 burum
356 3557 417 3618 vix
440 3557 521 3638 plus
545 3566 617 3619 tres
641 3577 752 3619 sexve
776 3558 963 3640 religiosos
987 3559 1177 3621 habebant.
1211 3557 1315 3638 Quid,
1340 3559 1434 3638 quod
1458 3558 1493 3620 in
1517 3556 1703 3620 Garstensi
1727 3558 1943 3619 monasterio

208 3715 250 3757 eo
275 3706 417 3757 ventum
443 3707 533 3778 erat,
557 3703 595 3757 ut
620 3697 689 3758 duo
713 3696 868 3776 capitula
892 3708 1029 3779 essent,
1054 3698 1202 3759 alterum
1229 3697 1441 3777 maritorum,
1466 3696 1616 3758 alterum
1640 3697 1743 3758 trium
1769 3697 1944 3758 sodalium

209 3835 415 3895 caelebum?
430 3836 452 3913 ²)

339 3971 523 4033 lleteriore
555 3983 649 4034 statu
681 3972 854 4033 coenobia
884 3972 1088 4035 monialium
1121 3982 1230 4035 erant.
1278 3973 1337 4034 Ad
1369 3973 1508 4035 radices
1539 3974 1666 4035 montis
1699 3972 1944 4036 Gottvicensis

210 4110 389 4173 conditum
418 4114 496 4188 1557
523 4110 732 4172 dissolutum
756 4122 820 4173 est.
855 4111 1034 4194 Erlaense,
1052 4112 1348 4194 Trunkirchense,
1381 4111 1665 4196 Salisburgense,
1690 4114 1947 4192 Admontense,

211 4271 289 4313 curn
313 4252 359 4310 ab
383 4248 507 4311 incolis
531 4250 694 4311 desertae
720 4260 849 4331 essent,
874 4250 1083 4312 interierunt
1098 4253 1132 4332 ³).

342 4387 423 4449 Pari
452 4388 556 4448 modo
584 4387 619 4448 in
644 4386 824 4448 Carinthia
853 4408 894 4449 ac
923 4388 1032 4449 Tiroli
1060 4397 1096 4450 et
1119 4388 1374 4470 Vorarlbergio
1408 4409 1500 4451 nova
1531 4390 1657 4471 religio
1690 4391 1820 4451 multos
1852 4409 1947 4451 asse-

212 4529 309 4591 culas
333 4536 437 4589 nacta
461 4536 547 4607 erat,
573 4527 631 4606 qui
655 4527 877 4588 immemores
894 4527 966 4588 voti
983 4527 1074 4589 sacri
1101 4527 1324 4590 monasteriis
1350 4530 1586 4609 excedebant,
1612 4538 1649 4590 ut
1673 4529 1708 4590 in
1731 4528 1947 4591 monasterio

213 4664 450 4746 Sanpaulensi
486 4676 623 4726 mortuo
654 4664 791 4727 Mathia
826 4668 957 4728 abbate
997 4670 1077 4728 1550
1113 4668 1183 4729 duo
1219 4666 1348 4729 fratres
1385 4676 1505 4748 essent
1519 4670 1542 4748 ⁴)
1578 4678 1614 4730 et
1648 4668 1682 4729 in
1719 4666 1949 4731 Ossiachensi

262 4825 309 4829 -—
360 4821 524 4829 —-—--

345 4908 366 4987 ¹)
391 4911 512 4985 wolny,
537 4911 757 4985 'l‘opographie
780 4931 840 4966 von
863 4913 996 4978 Mithrem
1022 4912 1142 4985 Iglauer
1166 4914 1264 4968 KreiS.

343 5023 365 5099 ²)
389 5024 491 5078 Friess
515 5023 533 5078 l.
559 5041 601 5090 c.;
633 5023 826 5090 Widernann,
861 5023 1066 5079 Reformation
1100 5026 1127 5079 in
1159 5025 1515 5094 Nieder·Oesterreich;
1550 5028 1648 5095 Klein,
1681 5027 1865 5083 Geschichte
1896 5027 1950 5083 des

215 5136 464 5199 Christcnthum5‚
489 5136 547 5192 alii.

344 5248 366 5326 ³)
391 5251 504 5305 Harum
529 5248 677 5306 coenobia
702 5268 768 5304 curn
793 5248 1007 5304 monachorum
1033 5248 1171 5304 domibus
1197 5252 1359 5307 coniuncta
1383 5253 1439 5307 iarn
1463 5266 1551 5308 antea
1576 5254 1757 5309 interierant.

346 5361 368 5440 Ι4)
392 5361 521 5430 Schroll,
546 5364 609 5419 Das
632 5362 702 5420 Stilt
725 5362 769 5419 St.
795 5362 877 5417 Paul.
