4178 6196
911 418 1193 485 *444*

259 601 311 656 111.
333 601 720 657 Elementar·Matlrematik
737 602 813 657 nach
831 603 927 658 Blank
948 603 1008 659 und

175 704 371 780 Appeltauer,
389 703 520 760 Beskiba
537 705 597 761 und
613 707 703 780 Rurg.
727 708 749 761 Ι.
768 706 866 762 Theil
883 708 944 762 Fur
959 707 1007 763 die

178 827 202 865 1.
228 810 527 865 Humanitatsclasse.
557 809 647 883 1843.
673 806 702 888 (i.
726 829 752 866 e.
778 811 1006 867 Elementorum

173 914 345 969 matheseos
367 933 438 990 pars
460 915 481 969 Ι.
515 916 573 969 Pro
595 914 749 990 discipulis
776 931 800 971 1.
825 915 931 971 classis
953 915 1006 971 hu·

174 1016 338 1096 manioris)
363 1020 510 1075 Volumen
530 1038 619 1075 unum
643 1033 831 1094 compactum
857 1022 885 1074 in
911 1019 1005 1076 chart.

173 1123 255 1179 dens.
271 1123 419 1196 15010113.
432 1123 473 1180 8⁰.
488 1125 596 1199 Incip.:
614 1123 789 1197 „Elemente
798 1123 1005 1197 derAlgebra.

173 1232 199 1298 ᾖ.
215 1243 239 1283 1.
254 1229 330 1283 Eine
340 1227 490 1295 Grdsse“,
504 1228 569 1283 fin:
583 1228 669 1298 „Von
679 1228 736 1283 den
746 1227 1004 1284 Kettenbri'tchen.

173 1336 199 1401 ἓ.
214 1331 287 1404 346,
302 1330 334 1387 S.
350 1331 418 1404 158.
432 1332 455 1387 I.
467 1332 504 1387 O.
518 1331 555 1388 G.
567 1332 623 1387 D.“
644 1331 772 1388 Adserv.
790 1335 818 1387 in
835 1329 906 1387 bibl.
920 1330 1004 1387 Scot.

173 1437 252 1491 Note
268 1451 319 1508 51.
338 1435 356 1491 f·
379 1450 413 1508 17
432 1433 527 1513 (5591·

261 1540 310 1595 IV.
321 1540 412 1595 Extat
426 1541 553 1615 copiosa
563 1540 786 1595 meditationum
797 1540 1005 1614 religiosarum

175 1643 326 1710 collectio,
348 1663 423 1718 quas
446 1663 511 1700 curn
532 1644 773 1714 „exhortatoris⁰
798 1646 826 1699 in
847 1646 1006 1718 gymnasio

173 1767 295 1804 munere
327 1748 515 1823 fungeretur,
548 1748 702 1823 discipulis
733 1750 796 1804 suis
827 1747 1005 1823 perorabat:

173 1856 237 1909 eius
254 1853 373 1927 quidem
391 1855 514 1919 tenoris,
540 1867 572 1907 ut
595 1852 765 1920 hodiedum,
788 1865 858 1927 post
879 1867 920 1924 30
942 1851 1006 1908 fere

173 1976 268 2013 annos
286 1957 469 2032 etamplius,
492 1955 651 2012 iuvenibus
673 1956 839 2011 litterarum
862 1956 1005 2012 studiosis

173 2064 295 2135 saepius
309 2062 531 2136 praelegantur.
543 2094 585 2100 -
597 2061 683 2129 Quae
697 2060 826 2134 denique
840 2063 867 2115 in
881 2061 1005 2116 archivo

173 2165 313 2221 Scotensi
337 2167 502 2239 scripserit,
525 2164 730 2239 descripserit,
754 2164 912 2239 collegerit
935 2178 1003 2242 etc.,

176 2269 243 2339 ,ille
261 2270 343 2325 solus
360 2269 501 2324 admirari
519 2267 656 2333 sufficiet,
674 2271 721 2325 cui
735 2269 814 2324 istud
829 2271 1003 2325 monasterii

173 2374 347 2429 thesaurum
380 2392 480 2429 coram
511 2376 659 2448 inspicere
683 2372 803 2429 licebit“
833 2370 880 2451 (E.
905 2374 1004 2430 Haus-

173 2479 269 2544 wirth,
288 2478 345 2533 loc.
365 2480 413 2533 cit.
436 2476 492 2533 162
512 2473 562 2555 pl.

260 2624 487 2697 Sexstetter
503 2637 712 2718 Aegidius
726 2636 1004 2719 (Cladrubien

172 2753 253 2833 sis).
274 2753 370 2814 Vota
387 2755 571 2815 sollemnia
587 2754 665 2816 Deo
682 2765 951 2835 nuncupaverat
968 2755 1003 2817 in

172 2845 386 2937 monasterio
397 2876 436 2937 B.
445 2875 488 2938 V.
498 2876 633 2938 Mariae
644 2875 891 2937 Cladrubiensi
903 2877 1003 2956 (Kla-

173 2999 259 3059 drau
277 2998 388 3079 Bon),
410 2997 693 3078 professorisque
717 2998 848 3059 ibidem
870 2998 1003 3059 theolo-

172 3118 253 3199 giae
267 3128 303 3180 et
315 3118 443 3199 prioris
453 3139 597 3180 munere
610 3119 752 3181 functus
766 3130 830 3181 est.
848 3120 1003 3181 Decreto

173 3260 265 3301 caes.
279 3241 361 3302 anni
379 3245 456 3319 1785
473 3261 551 3302 011111
569 3240 720 3303 caeteris
738 3261 757 3301 e
773 3242 852 3302 loco
869 3241 1003 3303 stabili-

172 3362 257 3423 tatis
293 3363 464 3444 expulsus
496 3363 699 3444 parochiam
732 3362 1003 3425 administrabat

173 3480 452 3562 Plesticensem,
484 3480 545 3542 ubi
573 3482 653 3543 olim
683 3483 931 3564 praepositura
958 3485 1003 3545 ad

173 3602 423 3664 monasterium
438 3603 693 3667 Cladrubiense
711 3615 878 3687 spectans
896 3606 1004 3668 exsti·

174 3733 275 3786 terat.

258 3846 492 3909 Innotuerunt
508 3847 642 3929 scripta
658 3849 769 3929 ipsius
786 3850 891 3910 haec:

259 3992 280 4046 Ι.
299 3991 486 4047 Exercitatio
501 3991 635 4059 iuridica,
650 3991 687 4047 de
700 4010 736 4047 eo
750 3992 832 4066 quod
846 4010 945 4047 merae
958 4007 1005 4048 est

172 4095 334 4161 facultatis,
356 4097 384 4150 in
407 4114 465 4170 qua
486 4097 680 4162 examinatur,
703 4109 851 4169 quatenus
869 4098 932 4151 iure
949 4094 1003 4150 ob-

173 4202 275 4265 tineat,
294 4200 375 4274 quod
392 4200 484 4274 vulgo
501 4199 619 4266 dicitur,
637 4213 722 4255 actus
736 4218 835 4255 merae
853 4198 1003 4256 facultatis

172 4308 405 4382 praescriptioni
436 4324 496 4360 non
524 4305 694 4379 suffragari.
730 4306 864 4378 Pragae,
898 4304 1004 4359 litteris

175 4411 278 4465 Ioann.
297 4413 356 4467 Ios.
375 4411 511 4466 Clauser.
533 4409 623 4482 1763.
641 4417 683 4481 4⁰.
703 4408 788 4482 Sign.
806 4409 915 4464 A—K.

259 4515 296 4570 ΙΙ.
314 4516 373 4571 Pro
391 4528 488 4571 status
502 4515 636 4588 religiosi
650 4513 837 4590 perfectione
851 4514 1002 4589 apologia.

173 4614 296 4695 (Suppr.
314 4632 392 4675 auct.
410 4616 551 4696 nomine.)
576 4618 826 4683 Germanshemii‚
848 4617 938 4691 1768.
961 4619 1002 4675 8⁰.

175 4738 236 4794 214
253 4742 282 4797 p.

259 4828 310 4883 111.
321 4828 462 4901 Beitrage
478 4847 529 4882 zur
542 4826 738 4883 bdhmischen
749 4827 806 4882 und
816 4827 1004 4882 mabrischen

171 4931 422 4989 Briiderhistorie.
452 4929 481 5009 (1.
507 4951 533 4987 e.
562 4932 757 4987 Collectanea
784 4931 822 4987 ad
850 4932 1004 4987 historiam

172 5048 275 5090 sectae
291 5054 316 5090 s.
335 5035 362 5090 d.
383 5035 507 5091 fratrum
521 5030 916 5112 Bohemo-Moravicorum.)
933 5036 1004 5090 Pra-

172 5156 239 5210 gae‚
256 5139 336 5214 apud
354 5141 375 5196 I.
394 5139 547 5213 Mangold.
569 5139 637 5195 Vol.
660 5138 796 5211 1.1781.
822 5138 864 5195 8⁰.
888 5137 952 5210 326
974 5158 1003 5214 p.

259 5242 309 5298 IV.
327 5243 370 5298 lst
387 5243 435 5299 die
452 5244 573 5316 heutige
589 5240 797 5299 Ohrenbeicht
813 5245 840 5298 in
855 5242 908 5298 der
924 5243 1004 5298 alten

172 5344 397 5401 Kirchenbusse
408 5367 443 5401 zu
454 5347 551 5402 fmden
561 5346 635 5402 oder
645 5342 745 5401 nicht?
755 5342 785 5423 (i.
793 5365 819 5402 e.
831 5345 1003 5402 Existebat-

1088 623 1125 659 ne
1147 605 1300 661 confessio
1320 607 1437 681 privata
1463 608 1519 661 iarn
1540 608 1645 681 primis
1665 607 1817 664 ecclesiae
1833 627 1921 666 exor-

1088 706 1174 785 diis?)
1190 710 1318 783 Pragae,
1335 709 1446 766 Samm.
1465 711 1532 767 Vol.
1553 726 1578 766 1.
1601 711 1691 784 1785.
1709 709 1751 768 8⁰.
1770 711 1812 785 84
1829 733 1859 789 p.

1174 831 1210 887 V.
1225 829 1411 887 Griindliche
1421 832 1615 906 Darstellung
1629 833 1819 890 christlicher
1828 834 1919 891 Glau-

1087 934 1351 992 benswahrhciten
1371 955 1424 991 zur
1440 936 1603 992 heilsameu
1620 937 1779 1012 Warnung
1795 957 1852 995 vor
1868 939 1920 995 der

1089 1039 1242 1096 iiberhand
1259 1041 1444 1096 nehmenden
1462 1041 1604 1114 heutigen
1617 1041 1843 1118 Freidenkerey
1860 1043 1918 1099 und
1944 1116 1948 1124 Ι

1088 1145 1312 1200 franzdsischen
1336 1144 1637 1219 Ausschweifungcn.
1669 1143 1767 1222 (Opus
1793 1147 1917 1221 dogma·

1088 1245 1365 1327 tico-polemicum.)
1385 1249 1511 1323 Pragae,
1529 1250 1667 1306 Buchler.
1694 1265 1785 1324 1794.
1803 1252 1872 1309 Vol.
1893 1268 1916 1308 1.

1089 1352 1130 1409 8⁰.
1150 1367 1207 1424 271
1229 1371 1258 1427 p.

1173 1457 1224 1512 VI.
1250 1456 1450 1513 Grundlicher
1472 1458 1599 1525 Beweis,
1624 1456 1694 1514 dass
1718 1458 1767 1515 die
1784 1459 1916 1516 Vereini·

1086 1580 1169 1635 gung
1194 1560 1248 1616 der
1272 1561 1631 1634 griechisch·russischen
1654 1562 1766 1619 Kirche
1791 1567 1843 1620 mit
1866 1563 1916 1620 der

1087 1664 1453 1733 romisch-karholischen,
1479 1665 1558 1721 kraft
1584 1666 1638 1721 der
1661 1665 1841 1724 beiderseits
1864 1687 1914 1724 an-

1087 1769 1252 1825 erkannten
1269 1769 1469 1836 Grundsatze,
1493 1770 1584 1826 leicht
1598 1790 1634 1825 zu
1650 1768 1915 1847 bewerkstelligen

1086 1892 1150 1947 sey.
1167 1907 1209 1914 -
1222 1873 1362 1929 Weiland
1376 1872 1423 1929 Sr.
1434 1873 1574 1947 Majesttit
1587 1875 1677 1930 Peter
1689 1875 1756 1931 dem
1770 1876 1912 1942 Grossen‚

1088 1981 1195 2034 Kaiser
1219 1978 1292 2033 aller
1308 1979 1456 2045 Reussen,
1481 1998 1541 2034 von
1565 1979 1622 2034 den
1647 1979 1913 2055 Gottesgelehrten

1087 2083 1140 2138 der
1152 2081 1314 2138 Sorbonne
1331 2085 1368 2137 im
1381 2084 1470 2158 Jahre
1484 2097 1563 2156 1717
1578 2081 1758 2152 iiberreicht,
1773 2085 1913 2141 nunmehr

1085 2187 1280 2242 verdeutscht
1306 2187 1364 2242 und
1390 2187 1542 2242 erlautert.
1567 2184 1864 2264 (Animadversiones
1886 2191 1911 2243 in

1086 2292 1113 2347 h.
1133 2289 1261 2369 librum.)
1277 2291 1345 2347 Vol.
1367 2307 1392 2347 1.
1411 2290 1453 2348 8⁰.
1470 2292 1596 2364 Pragae,
1620 2291 1709 2362 1803,
1728 2306 1790 2368 typ.
1804 2291 1911 2349 Scholl.

1087 2393 1148 2451 286
1165 2415 1195 2471 p.

1173 2540 1291 2614 Siber
1317 2551 1428 2613 liber
1452 2552 1560 2613 Baro
1585 2553 1649 2632 de,
1676 2551 1911 2614 Eduardus

1087 2669 1382 2750 (Mellicensis),
1396 2669 1607 2732 Austriacus
1620 2670 1845 2751 Viennensis,
1859 2669 1911 2730 die

1090 2791 1235 2854 10.N0v.
1252 2795 1331 2868 1814
1343 2801 1458 2872 natus,
1470 2791 1526 2853 die
1542 2796 1590 2852 28.
1605 2790 1705 2873 Sept.
1719 2796 1799 2854 1835
1816 2793 1911 2853 indu·

1085 2925 1151 2994 tua,
1170 2913 1226 2975 die
1246 2933 1273 2992 7.
1292 2913 1371 2977 Oct.
1389 2892 1571 2976 1838¹v0ta
1589 2914 1772 2976 sollemnia
1789 2913 1910 2975 emisit.

1085 3036 1221 3098 Studiis
1233 3036 1445 3117 theologicis
1456 3036 1599 3098 Mellicii
1611 3036 1785 3097 absolutis
1796 3036 1852 3098 die
1862 3041 1909 3098 30.

1084 3158 1187 3220 Mart.
1202 3158 1376 3239 primitias
1390 3158 1580 3220 sacerdotii
1594 3158 1671 3219 Deo
1685 3158 1824 3220 obtulit.
1846 3158 1910 3219 Pu-

1084 3280 1168 3341 blici
1183 3280 1339 3341 muneris
1356 3280 1390 3341 in
1407 3280 1655 3360 Wullerstlorf,
1675 3279 1913 3342 Leobersdorf

1086 3412 1121 3465 et
1131 3403 1274 3465 Mellicii
1290 3413 1501 3484 cooperator
1510 3412 1591 3464 octo
1604 3423 1715 3465 annos
1728 3403 1909 3484 transegit.

1085 3526 1240 3588 Abbatis
1257 3527 1355 3588 iussu
1371 3528 1417 3617 ad
1434 3546 1559 3587 munus
1577 3526 1728 3587 docendi
1744 3526 1780 3587 in
1796 3545 1911 3587 mona·

1085 3649 1230 3711 sterium
1247 3657 1445 3728 revocatus
1463 3669 1555 3710 anno
1577 3651 1653 3709 1851
1674 3647 1911 3728 professuram

1085 3772 1329 3854 geographiae
1345 3780 1381 3832 et
1397 3770 1577 3850 historiae,
1605 3773 1684 3847 1854
1702 3771 1911 3850 matheseos,

1089 3897 1164 3955 1861
1182 3894 1326 3975 linguae
1340 3893 1495 3974 Italicae,
1517 3897 1682 3970 1867—72
1696 3892 1867 3953 historiae
1879 3899 1912 3952 et

1084 4015 1227 4097 linguae
1244 4014 1405 4078 Gallicae
1421 4015 1544 4077 tenuit.
1569 4014 1707 4095 Morb0,
1730 4034 1834 4094 quem
1855 4032 1912 4074 vo-

1085 4147 1168 4199 cant
1190 4136 1368 4217 lithiasim,
1390 4137 1566 4217 laborans,
1591 4135 1737 4197 consilio
1761 4136 1913 4198 medico-

1084 4280 1160 4321 rum
1178 4280 1262 4321 usus
1279 4259 1437 4321 fontibus
1454 4259 1488 4320 in
1507 4259 1690 4320 Karlsbad
1708 4269 1743 4320 et
1760 4259 1913 4321 Preblau

1085 4382 1228 4462 aliquod
1252 4383 1414 4443 levamen
1438 4381 1582 4462 reperit,
1606 4390 1643 4442 at
1668 4382 1913 4462 praeterlapso

1085 4503 1209 4564 hiemis
1218 4513 1378 4584 tempore
1391 4502 1615 4564 invalescens
1624 4503 1813 4584 aegritudo
1822 4503 1914 4564 vires

1085 4625 1161 4687 eius
1183 4625 1323 4688 omnino
1348 4625 1576 4706 consumpsit.
1611 4624 1699 4688 Cum
1723 4635 1914 4707 superante

1085 4749 1119 4809 in
1139 4748 1215 4810 dies
1232 4768 1421 4829 marasm0,
1446 4767 1612 4828 supremo
1635 4748 1705 4809 iam
1729 4767 1767 4808 se
1791 4748 1914 4809 morbo
1997 4754 2001 4761 '

1085 4872 1305 4933 laborantem
1330 4870 1487 4950 sentiret,
1514 4871 1737 4932 morientium
1756 4869 1915 4931 subsidia

1085 4993 1189 5074 petiit
1205 5003 1241 5054 et
1257 4992 1314 5055 die
1332 4996 1382 5055 30.
1400 4993 1504 5054 Mart.
1527 4995 1605 5070 1875
1629 4993 1664 5054 111
1680 4991 1833 5053 Domino
1854 4993 1915 5053 ob-

1085 5114 1259 5177 dormivit.
1284 5112 1448 5196 Scripsit:

1172 5241 1292 5296 Marcus
1306 5242 1431 5297 Porcius
1441 5241 1517 5296 Cato
1531 5240 1725 5296 Censorinus.
1743 5240 1916 5316 lmJahres·

1084 5345 1202 5401 bericht
1218 5344 1271 5400 des
1288 5345 1316 5401 k.
1334 5345 1363 5400 k.
1382 5344 1594 5419 Gymnasiums
1610 5363 1645 5398 zu
1661 5343 1743 5400 Melk
1759 5342 1850 5417 1872.
1873 5343 1915 5399 Im
