4178 6196
919 448 1201 516 ,124-

190 638 276 699 bare
308 633 537 697 adnitebatur
565 651 610 693 ex
640 630 861 694 documentis
887 631 1022 694 archivi
1059 651 1063 697 1
1102 631 1251 714 aliisque
1275 631 1377 695 donis
1400 633 1610 696 honoratum
1635 633 1777 715 dimisit,
1802 634 1933 696 oblatis

191 757 351 821 Blasiani
375 776 396 817 a
416 774 455 817 se
477 753 657 836 inspectis,
674 774 796 817 verum
813 753 954 817 sinistre
971 754 1022 816 in·
1060 702 1063 758 D
1102 753 1295 834 praeclaris
1315 754 1458 816 honoris
1479 754 1591 818 titulis
1608 765 1644 817 et
1660 756 1933 838 praerogativis,

191 878 355 944 tellectis.
379 878 425 940 Et
446 875 650 959 praefectus
670 876 797 938 aerarii
818 875 952 958 publici
975 877 1021 937 ab
1102 895 1191 956 quas
1207 885 1327 937 tamen
1342 876 1456 937 abbas
1468 877 1628 939 modeste
1641 877 1831 941 recusavit.
1848 879 1934 940 Ter·

190 1001 413 1084 imperatrice
436 1002 617 1062 decretum
634 998 784 1061 extorsit
800 1000 846 1061 ad
861 999 1021 1081 regimen
1101 997 1189 1059 tium
1210 997 1278 1060 iter
1298 997 1383 1060 fecit
1408 1018 1500 1060 anno
1526 1003 1604 1077 1782
1631 1002 1677 1061 ob
1701 993 1873 1081 pietatem
1897 1014 1933 1062 et

191 1123 431 1205 Friburgense
448 1122 580 1203 datum,
600 1122 637 1183 vi
654 1121 753 1183 cuius
769 1120 1021 1183 monasterium
1060 1072 1063 1221 l
1101 1120 1336 1182 reverentiam
1351 1140 1437 1202 erga
1446 1119 1576 1184 Christi
1589 1121 1624 1183 in
1636 1122 1740 1184 terris
1751 1121 1932 1202 vicarium,

191 1265 218 1310 s.
242 1245 355 1307 Blasii
380 1253 575 1327 proventus
602 1243 749 1306 istarum
777 1243 1021 1326 dynastiarum
1101 1261 1274 1304 summurn
1286 1240 1491 1322 pontificem
1503 1242 1606 1304 Pium
1614 1242 1686 1325 VI,
1702 1243 1761 1324 qui
1774 1243 1933 1306 inaudito

191 1368 358 1431 continuo
378 1366 545 1447 indicare,
567 1366 673 1428 etius
690 1364 882 1448 colligendi
903 1365 1021 1427 domui
1102 1385 1123 1425 a
1140 1364 1292 1427 saeculis
1309 1365 1485 1445 exemplo,
1511 1374 1546 1427 et
1570 1364 1700 1428 affectu
1723 1366 1804 1446 plus
1827 1386 1933 1447 quarn

191 1490 405 1553 Austriacae
432 1491 497 1551 sub
525 1489 796 1550 comminatione
823 1487 1021 1551 exactionis
1102 1496 1252 1568 paterno
1282 1488 1427 1569 longum
1458 1486 1526 1549 iter
1556 1488 1732 1570 suscepit,
1769 1497 1807 1550 ut
1837 1489 1934 1550 Iose-

191 1633 256 1695 per
276 1611 404 1676 milites
427 1613 554 1675 cedere
578 1612 778 1675 iubebatur.
803 1611 862 1674 Ad
885 1619 1021 1673 tantam
1060 1642 1063 1695 Ι
1101 1611 1209 1690 phum
1226 1610 1271 1672 ΙΙ.
1293 1610 1543 1690 imperatorem
1566 1621 1688 1674 contra
1705 1632 1843 1674 sacram
1858 1611 1933 1673 hie-

190 1736 362 1798 iacturam
378 1735 554 1797 redituum
570 1736 811 1813 avertendam,
833 1742 980 1816 rogatus
1001 1753 1022 1794 a
1060 1698 1063 1817 Ι
1102 1732 1275 1796 rarchiam
1285 1742 1321 1796 et
1333 1733 1409 1796 iura
1421 1734 1599 1814 pontificis
1608 1754 1720 1815 prava
1730 1734 1934 1797 molientem

192 1857 349 1940 capitulo
373 1856 542 1918 Blasiano
570 1866 606 1917 et
634 1856 740 1937 plena
767 1863 948 1936 potestate
971 1853 1022 1916 in·
1060 1820 1064 1943 i
1101 1856 1148 1916 ad
1175 1855 1350 1918 saniorem
1377 1875 1520 1918 sensum
1547 1865 1743 1920 revocaret.
1778 1856 1933 1919 Nuntius

192 1989 358 2060 structuS,
375 1998 449 2040 rem
464 1979 554 2040 hanc
571 1977 790 2060 conficiendi,
813 1976 932 2058 prouti
953 1975 1021 2058 ipsi
1060 1958 1063 2049 l
1101 1977 1320 2058 apostolicus
1349 1998 1467 2040 comes
1496 1980 1540 2040 de
1566 1977 1737 2059 Garampi
1765 1981 1934 2041 abbatem

192 2102 308 2165 visum
335 2100 456 2182 fuerit,
485 2100 612 2163 iterum
637 2099 813 2162 Viennam
840 2097 1022 2179 profectus
1060 2056 1063 2149 l
1101 2098 1293 2161 Martinum
1306 2100 1467 2181 repetitis
1482 2100 1609 2162 litteris
1623 2100 1756 2182 quippe
1769 2102 1934 2183 urgebat,

192 2234 258 2288 est.
274 2223 408 2286 Verum
424 2224 613 2304 plerosque
637 2223 738 2284 aulae
755 2240 944 2284 caesareae
960 2221 1023 2283 mi·
1060 2158 1063 2325 ἓ
1102 2231 1140 2284 ut
1163 2221 1339 2284 Viennam
1368 2223 1561 2285 adveniens
1589 2223 1813 2286 sanctissimo
1839 2224 1936 2304 patri

193 2345 322 2409 nistros
346 2355 382 2408 et
405 2345 625 2407 consiliarios
648 2344 683 2406 in
707 2344 775 2405 hac
799 2362 907 2405 causa
931 2343 1021 2404 male
1060 2346 1063 2443 l
1102 2344 1177 2406 iura
1193 2365 1257 2406 sua
1274 2355 1309 2406 et
1326 2344 1498 2407 ecclesiae
1515 2345 1608 2406 tueri
1624 2346 1768 2428 volenti,
1786 2346 1934 2409 consilio

192 2477 476 2551 praeoccupatos
492 2467 638 2546 invenit,
659 2478 803 2547 praeter
819 2485 1021 2546 supremum
1060 2450 1063 2573 ξ
1102 2469 1245 2529 adesset
1262 2477 1297 2529 et
1309 2468 1522 2532 adiumento,
1545 2469 1645 2532 Licet
1659 2470 1782 2532 abbati
1794 2470 1934 2532 animus

192 2592 295 2654 aulae
322 2590 535 2670 ministrum,
563 2589 759 2670 principem
788 2588 946 2651 Kaunitz
977 2589 1021 2650 de
1060 2578 1063 2655 l
1101 2590 1386 2671 promptissimus
1400 2599 1504 2674 esset,
1515 2592 1576 2654 vix
1586 2592 1671 2673 quid
1685 2591 1857 2672 proficere
1871 2613 1934 2674 po·

192 2714 381 2796 Rietberg,
395 2721 520 2794 utpote
533 2713 658 2775 iurium
674 2712 813 2793 imperii
825 2714 917 2775 bene
929 2711 1021 2792 peri·
1102 2712 1237 2794 tuisset,
1259 2734 1337 2776 curn
1359 2714 1436 2794 ipse
1458 2734 1615 2776 summus
1635 2714 1799 2795 pontifex
1815 2725 1934 2796 pater-

192 2847 277 2919 tum,
287 2848 522 2917 paratumque
534 2835 580 2897 ad
593 2855 636 2897 ea
649 2835 755 2898 etiam
769 2843 892 2897 contra
905 2835 1021 2896 aulam
1101 2835 1155 2896 nis
1168 2836 1319 2919 monitiS,
1333 2836 1509 2918 precibus,
1523 2837 1745 2920 gravissimis
1757 2837 1934 2900 rationum

193 2960 336 3040 tuenda,
363 2958 422 3040 qui
446 2978 574 3056 causae
600 2956 856 3020 discussionem
873 2956 918 3017 ad
934 2955 1023 3038 legi·
1060 2962 1063 3081 ¹
1102 2957 1288 3051 momentis
1310 2959 1406 3039 apud
1427 2978 1608 3022 caesarem
1630 2980 1755 3040 parum
1771 2969 1833 3023 aut
1849 2960 1934 3022 nihil

193 3082 316 3145 timum
341 3081 456 3144 forum
483 3081 625 3144 devolvi
653 3079 803 3161 curavit,
831 3100 852 3141 a
880 3098 950 3160 quo
977 3078 1022 3140 ad
1061 3086 1064 3153 l
1103 3080 1244 3142 omnino
1253 3078 1425 3161 proficere
1435 3082 1626 3162 videretur,
1637 3084 1804 3144 abbatem
1813 3101 1934 3164 geme·

192 3205 290 3269 aliud
313 3205 512 3285 iterumque
536 3203 631 3265 aliud
653 3203 773 3265 delata
796 3210 832 3264 et
851 3211 952 3264 tanto
972 3200 1024 3262 fa·
1061 3156 1064 3320 ἱ
1102 3203 1243 3264 bundus
1259 3203 1309 3265 ita
1329 3201 1473 3266 affatus:
1491 3203 1522 3267 O
1539 3203 1587 3265 mi
1607 3206 1701 3266 bone
1722 3206 1849 3266 abbas!
1872 3224 1934 3266 vo-

193 3349 278 3392 vore
294 3327 432 3410 agitata
449 3338 513 3409 est,
530 3346 572 3388 ac
589 3326 619 3388 si
631 3326 676 3388 de
688 3326 828 3407 integra
840 3323 1024 3406 provincia
1062 3344 1065 3405 7
1102 3325 1151 3388 lui
1172 3345 1275 3388 ovem
1295 3326 1472 3406 perditam
1496 3346 1677 3409 quaerere,
1702 3328 1765 3390 sed
1790 3347 1860 3389 non
1882 3326 1934 3390 in·

193 3450 314 3513 domui
335 3449 548 3512 Austriacae
569 3467 695 3510 recens
716 3447 880 3510 addenda
900 3467 1024 3529 agere·
1062 3434 1065 3567 Ι
1103 3447 1196 3511 veni.
1220 3448 1357 3530 Papam
1372 3448 1527 3510 Romam
1548 3469 1611 3529 per
1627 3448 1830 3531 Augustam
1846 3448 1934 3513 Vin-

194 3583 260 3635 tur.
277 3572 400 3652 Atque
414 3571 464 3633 sic
480 3571 648 3651 princeps
664 3571 757 3633 ultra
773 3579 911 3651 septem
927 3589 1023 3632 men·
1062 3596 1065 3679 ἰ
1105 3571 1296 3634 delicorum
1314 3581 1350 3633 et
1365 3571 1591 3633 Monachium
1612 3580 1851 3633 revertentem
1873 3574 1934 3633 ab·

194 3713 252 3757 ses
273 3695 435 3756 Viennae
460 3697 626 3756 detentus
650 3701 718 3775 est,
749 3692 841 3755 inter
863 3712 964 3773 spem
988 3702 1024 3754 et
1062 3684 1065 3755 ἰ
1103 3697 1168 3756 bas
1185 3693 1359 3756 Martinus
1381 3714 1460 3757 cum
1480 3694 1658 3756 sacellano
1679 3713 1743 3755 suo
1763 3693 1803 3755 P.
1821 3694 1934 3757 Trud-

194 3826 325 3879 metum
350 3815 536 3878 fluctuans
564 3817 716 3878 Demum
739 3834 941 3895 supremum
963 3813 1024 3874 tri·
1062 3814 1065 3885 ξ
1103 3823 1206 3894 perto
1237 3814 1398 3895 Neugart
1428 3833 1455 3875 s
1487 3814 1688 3897 theologiae
1720 3816 1866 3877 doctore
1898 3827 1935 3877 et

194 3941 313 4019 bunal,
331 3958 438 4000 causa
451 3937 605 4020 cognita,
623 3936 714 3999 dixit
726 3935 948 4016 sententiam,
962 3936 1023 3997 do·
1103 3936 1147 3999 D.
1157 3934 1310 3998 Gerbert
1326 3935 1524 3997 consiliario
1537 3937 1652 3999 aulico
1666 3937 1854 4000 comitatus
1867 3949 1933 4019 est,

195 4081 289 4124 mum
304 4060 531 4123 Austriacam
547 4060 581 4121 in
600 4060 676 4122 istis
693 4058 868 4141 dynastiis
883 4058 937 4120 ius
952 4058 1023 4120 col·
1062 4078 1065 4161 ,
1104 4057 1208 4138 eique
1225 4075 1373 4138 ornnem,
1396 4077 1499 4137 quem
1522 4059 1647 4141 potuit,
1669 4059 1856 4122 deferebat
1872 4061 1934 4122 ho·

194 4183 330 4267 ligendi
358 4183 541 4264 possidere
571 4181 715 4263 probari
743 4201 814 4242 non
840 4199 962 4261 posse,
988 4189 1024 4242 et
1062 4172 1065 4249 ξ
1104 4200 1223 4244 norem
1245 4190 1281 4242 et
1297 4180 1540 4242 reverentiam.
1567 4180 1739 4261 Quartum
1759 4182 1827 4245 iter
1847 4182 1934 4245 fecit

195 4316 279 4387 post
294 4305 571 4368 transactionem
587 4324 666 4366 curn
682 4303 841 4384 principe
856 4300 1024 4364 Blasiano
1062 4252 1065 4403 ξ
1104 4320 1197 4365 anno
1218 4307 1308 4381 1786.
1333 4300 1421 4363 Cum
1437 4301 1598 4364 nimirum
1613 4303 1787 4384 Iosephus
1799 4306 1844 4369 ΙΙ.
1861 4326 1934 4368 orn-

195 4438 407 4492 conventum
424 4436 460 4490 et
475 4427 602 4514 litteris
619 4427 676 4488 die
693 4430 741 4489 13.
754 4426 843 4507 Apr.
860 4443 938 4503 1777
953 4433 1024 4486 sta·
1104 4445 1167 4488 nes
1179 4425 1434 4488 haereditarias
1447 4445 1529 4487 suas
1543 4435 1666 4506 terras,
1679 4446 1792 4509 regna
1805 4438 1840 4490 et
1852 4447 1934 4508 pro-

195 4561 310 4614 tutum
326 4559 411 4632 erat,
428 4551 596 4613 abbatem
609 4569 635 4613 s.
648 4548 761 4612 Blasii
774 4546 962 4629 quotannis
978 4547 1024 4608 ad
1103 4548 1239 4611 vincias
1266 4551 1333 4609 sub
1360 4568 1464 4610 unam
1493 4549 1724 4630 eamdemque
1752 4550 1934 4632 regiminis

196 4673 370 4736 aerarium
394 4671 583 4735 anterioris
607 4671 776 4734 Austriae
804 4670 942 4733 solvere
965 4669 1025 4731 de-

195 4797 281 4859 bere
301 4805 491 4858 sexcentos
506 4793 668 4875 florenoS,
683 4793 801 4856 domui
812 4791 1025 4856 Austriacae

196 4929 314 4982 autern
331 4919 366 4981 in
382 4918 486 4981 dictis
502 4917 678 5000 dynastiis
691 4937 756 4980 nec
768 4916 823 4979 ius
835 4915 1024 4999 colligendi

197 5060 262 5102 nec
283 5040 391 5103 ullum
415 5039 511 5103 aliud
538 5059 627 5122 esse,
652 5049 713 5102 aut
732 5059 897 5120 umquam
923 5058 1025 5120 prae-

197 5161 295 5224 tendi
315 5181 432 5242 posse.
457 5162 669 5224 Discessuro
690 5161 841 5243 principi
857 5161 1025 5243 Augusta

195 5282 421 5347 M.Theresia
429 5295 587 5347 materno
595 5283 725 5347 affectu
734 5284 923 5364 condoluit,
931 5284 1025 5364 quod

195 5405 318 5469 durius
333 5406 380 5469 sit
394 5406 547 5489 habitus,
564 5406 722 5488 pretiosa
735 5426 839 5470 cruce
851 5405 1025 5486 pectorali

1104 4668 1253 4732 formam
1274 4669 1437 4752 redigere
1459 4670 1653 4752 statuisset,
1678 4672 1774 4734 nulla
1796 4672 1934 4735 ratione

1104 4791 1227 4855 habita
1235 4791 1464 4874 singularium
1478 4791 1603 4855 iurium
1612 4803 1648 4856 et
1657 4795 1933 4877 privilegiorum,

1105 4935 1197 4997 quae
1220 4914 1295 4977 eius
1317 4924 1562 4978 antecessores
1586 4916 1734 4998 ipseque
1757 4937 1846 4980 avus
1867 4919 1934 4982 Ca·

1104 5038 1199 5100 rolus
1221 5037 1283 5099 VI.
1312 5047 1348 5100 et
1375 5047 1488 5100 mater
1511 5039 1559 5103 M.
1583 5039 1753 5102 Theresia
1780 5041 1934 5104 statibus

1104 5159 1292 5223 anterioris
1304 5159 1473 5222 Austriae
1490 5173 1741 5226 concesserant
1757 5174 1793 5227 et
1809 5163 1933 5226 confir-

1104 5292 1301 5357 maverant;
1327 5304 1405 5347 curn
1429 5285 1595 5366 subditis,
1620 5286 1767 5368 coloniS,
1792 5287 1933 5350 rusticis

1105 5425 1289 5488 parsurus,
1310 5405 1479 5488 dominia,
1502 5406 1690 5470 fundorum
1715 5419 1751 5472 et
1770 5409 1934 5491 praedio·
