4178 6196
924 452 964 461 -
1012 415 1125 477 XXII
1169 453 1212 460 —

195 642 494 705 missionariorum
517 641 618 725 fungi
640 641 751 704 voluit
767 644 799 722 ¹).
842 642 901 704 Ad
924 642 990 704 hos
1012 642 1112 705 multi
1135 642 1195 704 alii
1223 652 1468 723 accesserunt,
1500 642 1534 704 in
1566 641 1695 723 quibus
1721 639 1930 704 Guntherus

197 782 343 845 eremita
358 783 381 862 2)
406 792 442 844 et
465 801 492 844 s.
517 779 709 862 Gerardus,
732 780 866 843 sodalis
889 766 1094 843 monasterii
1118 801 1144 844 s.
1170 779 1316 864 Georgii
1342 780 1483 861 Veneti,
1513 780 1711 862 principem
1734 780 1850 843 locum
1875 783 1937 843 ob-

196 921 319 984 tinent.
357 920 422 982 Illo
451 928 596 982 auctore
627 939 690 981 rex
719 919 888 982 extremis
916 919 1014 981 vitae
1045 920 1171 982 diebus
1202 921 1382 984 abbatiam
1416 941 1442 985 s.
1469 920 1628 983 Mauritii
1659 920 1703 982 de
1733 919 1937 1003 Bakonybil

197 1058 399 1122 aedificavit
412 1061 447 1139 ³).
486 1058 555 1120 Hic
579 1077 729 1140 magnus
745 1057 800 1119 vir
819 1056 949 1138 partim
966 1058 1000 1119 in
1017 1059 1232 1122 monasterio
1249 1079 1324 1141 su0,
1349 1058 1479 1141 partim
1501 1059 1537 1120 in
1562 1057 1747 1120 itineribus
1765 1057 1937 1142 singulari

197 1197 358 1259 doctrina
382 1197 449 1259 sibi
474 1207 679 1279 comparata
704 1216 783 1259 cum
805 1196 1057 1279 Hierosolyma
1080 1198 1378 1280 peregrinaretur,
1411 1197 1750 1280 Quinqueecclesias
1776 1207 1936 1278 venerat,

196 1336 315 1416 ibique
339 1335 506 1416 precibus
529 1335 715 1399 Anastasii
738 1335 881 1398 abbatis
906 1336 1038 1398 cedens
1061 1346 1291 1400 remanserat.
1331 1337 1370 1398 ln
1395 1336 1471 1399 eius
1495 1336 1719 1416 disciplinam
1742 1355 1806 1399 rex
1826 1336 1937 1399 filium

196 1473 430 1536 Emerichium
461 1472 618 1536 tradidit.
656 1473 712 1535 Ex
745 1473 950 1556 solitudine,
982 1475 1018 1536 in
1049 1494 1154 1556 quarn
1186 1484 1313 1556 postea
1337 1495 1376 1538 se
1401 1474 1604 1556 abdiderat,
1634 1480 1715 1538 1030
1737 1497 1759 1538 a
1782 1495 1870 1558 rege
1901 1475 1937 1537 in

196 1618 318 1677 sedem
342 1614 584 1694 episcopalem
601 1611 866 1675 Czanadensem
891 1623 947 1675 est
962 1623 1121 1676 vocatus
1153 1613 1208 1676 Ibi
1224 1613 1344 1676 verbis
1368 1612 1523 1695 scriptis,
1548 1613 1746 1676 eruditione
1771 1615 1938 1695 exemplo

195 1772 260 1834 pro
283 1771 395 1834 regno
418 1751 486 1813 Dei
510 1751 700 1814 desudavit
730 1762 766 1814 et
797 1752 901 1832 plura
931 1752 1146 1814 monasteria
1177 1772 1197 1813 a
1229 1772 1267 1814 se
1300 1762 1419 1815 erecta
1448 1752 1562 1815 ordini
1590 1774 1617 1816 s.
1642 1752 1829 1815 Benedicti
1853 1772 1938 1815 con-

196 1892 305 1954 cessit
319 1893 353 1973 ⁴),
383 1894 465 1954 dum
490 1910 620 1953 corona
644 1901 838 1972 martyrum
864 1892 1053 1953 decoratus
1085 1899 1167 1952 ante
1200 1891 1293 1953 diem
1321 1900 1488 1953 octavum
1512 1889 1690 1953 Calendas
1715 1890 1938 1953 Novembres

201 2050 278 2109 1047
305 2029 415 2092 vitam
438 2028 553 2093 finivit
569 2031 603 2110 5).

326 2168 417 2231 Fere
450 2171 574 2246 decem
605 2169 707 2231 annis
738 2177 820 2231 ante
852 2168 960 2249 (1038)
985 2178 1129 2231 sanctus
1153 2167 1377 2251 Stephanus,
1406 2167 1524 2230 fidelis
1547 2169 1683 2231 amicus
1707 2178 1743 2231 et
1765 2178 1938 2249 patronus

197 2308 341 2390 ordinis,
366 2310 411 2370 de
428 2308 502 2370 vita
522 2306 748 2389 migraverat.
789 2306 904 2368 Etiam
929 2326 1155 2369 successores
1171 2306 1326 2389 vestigia
1343 2306 1419 2368 eius
1436 2315 1643 2388 presserunt
1661 2315 1696 2369 et
1712 2306 1819 2388 pauci
1835 2318 1937 2369 erant

200 2468 305 2530 reges
330 2448 461 2510 saeculi
485 2447 678 2528 undecimi,
709 2447 770 2528 qui
793 2446 906 2509 ordini
930 2466 1001 2508 non
1025 2446 1200 2509 domicilia
1224 2446 1342 2528 aliqua
1366 2445 1606 2528 adsignarent.
1646 2442 1705 2508 Sic
1729 2456 1828 2507 ortae
1853 2455 1937 2507 sunt

200 2586 385 2649 abbatiae:
417 2588 450 2650 b.
474 2585 609 2648 Mariae
633 2585 676 2649 V.
701 2587 745 2647 de
770 2583 908 2666 80016),
933 2606 959 2648 S.
984 2586 1153 2648 Andreae
1177 2587 1221 2646 de
1244 2585 1454 2668 Vissegrad,
1479 2605 1505 2647 s.
1529 2584 1714 2665 Demetrii,
1738 2586 1772 2648 b.
1798 2582 1936 2646 Mariae

200 2736 236 2788 et
260 2747 286 2788 s.
312 2724 442 2787 Aniani
468 2726 512 2786 de
536 2724 649 2786 Tihan
665 2725 698 2807 7),
723 2725 757 2787 b.
780 2723 917 2785 Mariae
941 2722 984 2785 V.
1010 2725 1054 2784 de
1078 2724 1387 2805 Kolosmonostra,
1411 2743 1456 2786 ss.
1476 2722 1672 2787 Salvatoris
1689 2725 1733 2786 de
1752 2722 1893 2786 Sexitrd
1902 2723 1936 2803 ⁸),

200 2886 226 2927 s.
252 2863 372 2927 Iacobi
397 2866 441 2926 de
465 2861 633 2944 Silisio9),
658 2862 702 2924 de
727 2862 862 2944 Zaszty,
887 2882 913 2924 s
938 2861 1125 2925 Benedicti
1149 2863 1193 2924 de
1217 2861 1606 2945 Quinqueecelesiisw),
1632 2881 1658 2925 s,
1681 2861 1868 2924 Benedicti
1892 2862 1937 2923 de

197 3006 299 3068 iuxta
316 3002 423 3085 Gron,
440 3005 474 3065 b.
490 3001 626 3064 Mariae
651 3004 695 3065 de
719 3002 888 3084 Pagritny
903 3002 947 3083 ¹¹),
972 3020 998 3063 s.
1017 3001 1161 3063 Martini
1185 3003 1229 3063 de
1246 3001 1457 3083 Mogyordd,
1476 3021 1502 3061 s,
1520 2999 1667 3082 Aegidii
1690 3001 1735 3062 de
1751 2998 1936 3082 Simighi0,

201 3163 228 3207 s.
253 3142 439 3206 Michaelis
456 3139 676 3221 Archangeli
693 3140 737 3201 de
753 3140 880 3219 Ertha,
904 3142 937 3203 b.
955 3140 1091 3203 Mariae
1116 3141 1160 3202 de
1185 3138 1292 3203 Szent
1316 3139 1407 3203 Iobb
1419 3141 1464 3221 ¹²),
1487 3141 1522 3201 b.
1539 3138 1676 3201 Mariae
1701 3139 1745 3201 de
1770 3137 1880 3201 Curru
1890 3145 1936 3218 ¹³).

329 3447 350 3527 ι)
373 3449 461 3503 Mons
485 3448 656 3502 Pannoniae
680 3464 754 3502 vero
779 3460 921 3521 quattuor
944 3446 1109 3504 monachos
1133 3445 1342 3514 Leonardum,
1371 3446 1533 3514 Concium,
1563 3446 1748 3522 Philippum.
1773 3446 1935 3501 Henricum

199 3563 320 3618 dimisit.
353 3560 469 3616 Horum
495 3573 621 3634 uterque
645 3559 682 3615 ad
706 3559 966 3615 archidiaconatus
990 3559 1166 3634 dignitatem
1191 3558 1404 3616 ascendebant.
1437 3559 1545 3615 Czinar
1569 3559 1586 3614 l.
1612 3578 1638 3614 c.

328 3670 350 3751 ²)
374 3674 420 3729 De
445 3671 613 3736 Gunther0‚
645 3674 694 3746 qui
727 3674 848 3747 saepius
881 3690 917 3728 ex
947 3672 1022 3728 cella
1054 3689 1160 3727 sua-s.
1186 3672 1289 3726 loanni
1314 3671 1469 3747 Baptistae
1494 3684 1673 3728 consecrata
1697 3672 1726 3725 in
1750 3669 1935 3743 Hungariam

199 3785 348 3853 veniebat,
374 3785 504 3842 conferri
529 3797 631 3860 potest
654 3784 765 3852 Dudik,
790 3785 921 3859 Raigern
945 3798 974 3840 et
998 3788 1058 3840 vita
1082 3783 1239 3840 Guntheri.

239 3896 243 3904 ’
329 3900 351 3977 3)
375 3899 483 3955 Czinar
507 3898 525 3954 l.
551 3917 576 3953 c.
601 3897 624 3953 Ι.

327 4008 348 4088 4)
373 4011 399 4066 Α
424 4009 581 4067 coenobiis
604 4028 622 4065 a
645 4029 670 4066 s.
694 4009 834 4066 Gerardo
858 4009 986 4066 conditis
1007 4011 1220 4066 monasterium
1237 4027 1262 4064 s.
1280 4008 1409 4064 Gerardi
1426 4009 1473 4064 vel
1492 4008 1635 4064 Bernardi
1653 4007 1690 4063 de
1706 4004 1827 4063 Czanad
1844 4007 1936 4079 origi·

196 4144 262 4181 nem
288 4124 411 4181 (luxisse
436 4124 554 4179 dicitur.
587 4123 694 4179 Czinar
718 4122 736 4180 l.
762 4142 787 4179 c.
813 4124 835 4179 1.

326 4235 348 4314 5)
373 4223 533 4311 Blidinger,
559 4236 697 4292 Oesterr.
723 4235 919 4301 Geschichte,
943 4235 966 4290 l.

326 4345 349 4427 ὁ)
372 4348 398 4404 Α
422 4366 497 4423 rego
522 4348 592 4405 Oro
616 4346 664 4403 irel
688 4345 756 4403 Aba
781 4346 902 4403 condita
925 4365 994 4403 esse
1017 4347 1134 4403 dicitur.
1166 4346 1276 4402 Czinar
1299 4345 1317 4400 l.
1343 4363 1368 4401 c.
1394 4345 1416 4400 Ι.

327 4459 349 4539 7)
372 4461 456 4517 Haec
481 4462 663 4516 monasteria
686 4459 807 4516 condita
830 4472 899 4515 sunt
916 4472 1053 4534 tempore
1070 4458 1209 4515 Andreae
1227 4460 1248 4515 l.
1267 4460 1349 4532 regis
1366 4452 1614 4534 (1046-1061).
1644 4455 1759 4511 Eorum
1777 4455 1903 4530 plurima
1918 4474 1936 4510 a

196 4592 270 4648 rege
295 4577 363 4649 ipso
387 4575 521 4630 instituta
544 4590 613 4629 esse
636 4572 784 4628 videntur.
824 4572 932 4628 Czinar
955 4571 973 4627 l.
999 4590 1025 4627 c.
1050 4571 1072 4626 Ι.

327 4680 349 4763 ⁸)
373 4685 399 4741 A
423 4685 495 4742 Bela
518 4686 540 4742 Ι.
565 4680 804 4763 (1061-1063)
828 4685 948 4741 condita
972 4702 1041 4741 esse
1065 4683 1182 4740 dicitur.

325 4797 348 4877 9)
372 4799 528 4873 Originem
553 4797 636 4854 duxit
658 4795 698 4853 ab
722 4798 838 4854 Ottone
862 4799 970 4854 comite
993 4797 1184 4871 Siimegiensi
1213 4793 1290 4869 1065
1317 4797 1447 4852 circiter.
1480 4796 1587 4852 Czinar
1610 4793 1628 4850 l.
1650 4812 1677 4849 e.
1702 4794 1724 4849 l.

313 4910 346 4989 ¹⁰)
370 4910 434 4969 Sub
458 4910 622 4968 Salomone
646 4930 719 4985 rege
743 4911 918 4985 Hungariae
939 4910 1017 4983 1067
1043 4924 1073 4966 et
1101 4924 1182 4983 1070
1206 4923 1292 4965 ortae
1315 4927 1383 4965 esse
1407 4907 1556 4963 dicuntur.
1588 4907 1697 4962 Czinar
1720 4906 1738 4961 l.
1757 4924 1783 4961 c.
1807 4906 1830 4960 l.

313 5021 346 5102 ¹¹)
370 5024 397 5079 A
421 5042 494 5098 rege
517 5022 620 5099 Geysa
647 5037 726 5096 1075
754 5024 874 5080 circiter
898 5021 1037 5079 conditae
1061 5035 1139 5079 sunt.
1171 5023 1279 5078 Czinar
1302 5021 1320 5077 l.
1345 5040 1371 5077 c.
1396 5021 1419 5076 l.

313 5134 347 5215 ¹²)
371 5137 467 5193 Ortae
490 5133 546 5192 sub
569 5135 715 5193 Ladislao
738 5134 852 5192 Sancto
876 5153 950 5209 rege
973 5134 1158 5209 Hungariae.
1191 5135 1298 5190 Czinar
1323 5134 1340 5189 l.
1365 5152 1391 5190 c.
1416 5133 1439 5189 I.

313 5246 347 5327 Ι3)
371 5247 499 5304 Condita
522 5262 592 5323 post
616 5261 743 5304 mortem
768 5247 899 5303 Ladislai
923 5245 1026 5302 Sancti
1054 5261 1145 5320 1095.
1185 5247 1343 5301 Nominata
1366 5263 1436 5301 esse
1458 5245 1566 5300 (licitur
1589 5262 1690 5311 exce,
1715 5243 1797 5319 quod
1816 5262 1933 5310 currus,

195 5381 257 5437 quo
282 5380 394 5437 eorpus
418 5362 513 5417 sancti
538 5363 619 5435 regis
643 5359 824 5418 Varadinum
848 5359 1017 5425 veheretur,
1042 5361 1107 5415 sine
1130 5371 1255 5415 vectore
1279 5375 1316 5413 eo
1340 5353 1473 5432 propere
1498 5355 1645 5414 tenderet.
