4178 6196
912 433 1198 520 ,438-

83 710 86 715 ,
183 635 239 696 die
257 657 285 712 4.
303 634 392 695 Nov.
415 638 505 715 1833,
522 635 691 696 sacerdos
708 635 900 697 saecularis
918 635 1013 697 dioe-

183 758 274 821 cesis
290 755 583 819 Vratislaviensis
605 757 662 818 die
689 776 717 816 2.
734 757 798 820 Iul.
820 777 912 819 anno
934 761 1014 836 1859

182 879 434 942 monasterium
458 880 642 961 ingressus
666 879 723 941 die
749 900 795 942 12.
812 878 899 941 Dec.
921 898 1014 940 anno

185 1005 264 1065 1863
289 1001 410 1082 ibique
432 1009 517 1062 vota
541 1001 657 1063 emisit
677 1000 860 1062 sollemnia
884 1001 940 1063 die
963 1021 1013 1078 27.

180 1126 254 1188 Ian.
272 1144 364 1186 anno
387 1127 464 1202 1867
483 1143 660 1204 curaeque
677 1123 847 1205 pastorali
860 1123 1014 1217 adscrip-

180 1255 238 1310 tus
259 1266 386 1308 nomen
410 1246 491 1307 tulit
514 1265 583 1307 non
601 1245 779 1307 mediocre
797 1247 843 1307 ab
860 1255 936 1307 arte
957 1265 1014 1307 ca-

181 1368 366 1431 techetica.
391 1370 450 1431 Ab
464 1387 556 1430 anno
575 1372 653 1446 1873
672 1388 886 1430 oeconomus
903 1368 1014 1429 maior

180 1490 428 1553 denominatus
447 1498 483 1551 et
500 1490 550 1551 rei
572 1489 727 1552 silvestri
749 1499 784 1552 et
807 1490 1013 1552 venatoriae

182 1623 236 1676 est
253 1612 470 1694 praefectus.

267 1754 323 1815 Ex
339 1753 509 1815 idiomate
528 1751 664 1814 Gallico
682 1752 803 1813 vertit:

267 1897 385 1953 Brullee
401 1897 452 1962 M„
478 1895 583 1952 Leben
608 1897 661 1952 des
686 1897 777 1952 ehrw.
800 1897 831 1951 P.
850 1897 945 1951 Maria
960 1896 1012 1970 Jo-

181 2002 295 2056 hannes
319 2001 454 2075 Baptista
479 1999 584 2055 Muard
612 2018 681 2056 vom
709 2000 869 2074 heiligsten
893 2000 1012 2055 Herzen

179 2106 260 2180 Jesu.
278 2101 306 2182 (i.
317 2123 343 2160 e.
357 2104 445 2161 Vitae
457 2103 578 2159 Ioannis
591 2105 676 2179 Bapt.
691 2103 797 2160 Muard
811 2101 1012 2181 curriculum.)

180 2209 243 2264 llus
257 2208 323 2264 dem
337 2209 586 2264 Franzdsischen.
601 2209 700 2277 Wien,
714 2209 809 2264 Franz
823 2210 901 2266 Doll.
921 2207 1011 2281 1876.

181 2312 214 2369 8⁰
231 2314 299 2369 min.
316 2312 366 2368 IV.
385 2311 447 2384 568
466 2331 494 2387 p.

267 2459 366 2533 Seitl
388 2472 539 2533 Petrus
557 2472 928 2554 (Raigradiensis),
950 2492 1011 2534 na·

178 2600 236 2651 tus
256 2589 462 2652 Austerlicii
487 2590 521 2652 in
543 2590 705 2652 Moravia
729 2611 822 2653 anno
851 2611 930 2670 1747
958 2598 1009 2654 30.

183 2712 271 2794 Apr.
295 2712 331 2774 in
355 2711 573 2793 baptismate
595 2713 820 2795 Augustinus
846 2723 1008 2785 vocatur;

178 2834 317 2895 scholas
341 2834 576 2896 elementares
601 2835 733 2896 ibidem
754 2835 923 2917 visitavit,
947 2837 1010 2898 hu-

176 2956 335 3018 maniora
358 2967 394 3018 et
415 2956 677 3038 philosophiam
695 2958 837 3020 Brunae
862 2958 1008 3022 audivit.

177 3079 212 3141 A
227 3080 433 3161 praeposito
451 3080 704 3141 Bonaventura
721 3079 843 3142 ultimo
866 3081 1008 3162 regimi-

177 3201 231 3263 nis
247 3201 323 3263 eius
340 3222 432 3263 anno
449 3202 483 3263 in
501 3212 658 3263 nostrum
671 3202 868 3264 adsumitur
881 3222 1008 3265 coeno-

176 3324 272 3385 bium
290 3332 326 3385 et
342 3322 466 3386 Chuno
491 3324 707 3405 appellatur;
735 3344 813 3386 cum
835 3345 920 3387 vero
947 3327 1009 3388 ab·

177 3446 293 3507 soluto
310 3445 461 3508 tirocinii
478 3466 570 3507 anno
587 3466 724 3508 sacram
738 3447 916 3510 emisisset
928 3469 1008 3530 pro·

176 3566 367 3629 sessionem
399 3568 434 3629 in
465 3589 590 3631 manus
621 3570 819 3651 praepositi
847 3569 1008 3633 Othmari

176 3709 268 3751 anno
291 3693 369 3767 1764
388 3694 438 3752 25.
455 3690 545 3752 Nov.
566 3691 695 3753 Petrus
716 3703 874 3756 vocatur.
900 3692 1008 3757 Soror

175 3811 252 3873 eius
264 3811 366 3892 virgo
383 3811 516 3873 ordinis
530 3811 776 3876 Cistereiensis
790 3824 874 3877 erat.
901 3816 1007 3877 Anno

180 3937 258 4012 1768
275 3953 345 3994 11116
359 3953 437 3994 611111
450 3932 559 3994 fratre
572 3934 771 3998 Benedicto
785 3939 875 3999 duce
888 3937 927 3999 P.
939 3938 1007 3998 Bo-

175 4067 372 4118 naventura
389 4056 630 4118 Btevnovium
651 4057 802 4123 mittitur
822 4061 868 4120 ad
888 4059 1007 4120 studia

174 4177 378 4259 theologica
406 4179 616 4260 ediscenda,
645 4179 705 4241 ubi
733 4198 799 4261 per
825 4180 1007 4241 biennium

175 4310 410 4363 commoratus
440 4302 505 4362 sub
532 4301 651 4383 priore
679 4301 878 4363 Adalberto
906 4301 1006 4382 Ray-

173 4444 296 4505 mann,
333 4423 411 4486 viro
447 4423 657 4504 disciplinae
694 4424 913 4487 monasticae
945 4427 1006 4486 ob·

173 4546 450 4627 servantissimo,
473 4549 667 4609 secundum
688 4546 792 4608 huius
815 4546 1006 4609 relationes

173 4669 268 4731 omni
282 4669 388 4730 laude
407 4668 552 4750 dignum
570 4688 609 4730 se
627 4669 805 4742 exhibuit;
824 4669 1006 4731 eratenim

172 4794 218 4853 ad
235 4791 351 4853 omnia
368 4800 563 4871 promptus,
580 4790 731 4872 humilis,
753 4793 949 4853 observans
970 4800 1007 4854 et

172 4914 325 4995 quietuS,
342 4913 392 4975 ita
409 4913 563 4993 quidem,
580 4923 619 4974 ut
636 4932 682 4974 ex
698 4914 776 4995 ipso
793 4913 1005 4976 consolatio-

173 5056 251 5099 nem
278 5037 427 5098 haberet
456 5036 619 5117 superior
648 5046 684 5098 et
712 5037 878 5117 exemplo
908 5037 1005 5098 illum

171 5157 249 5219 aliis
265 5167 493 5239 proponeret.
518 5158 558 5220 In
571 5157 699 5219 studiis
712 5177 797 5219 vero
814 5160 938 5220 tardus
954 5159 1005 5219 in·

171 5278 268 5361 genii
284 5282 495 5361 apparebat,
513 5279 675 5360 quamvis
692 5279 778 5341 nulli
795 5279 909 5341 labori
925 5300 1004 5361 par-

172 5409 283 5471 ceret;
297 5408 404 5479 atque
416 5401 550 5480 elapso,
560 5400 697 5462 cunctis
709 5400 1003 5481 approbantibus

1095 635 1290 697 studiorum
1307 634 1480 697 curriculo
1493 636 1635 719 Pragae
1647 637 1927 702 subdiaconatus

1095 766 1131 819 et
1148 757 1357 820 diaconatus
1375 768 1410 819 61
1426 760 1568 821 (1611111111
1591 761 1705 823 redux
1726 780 1822 825 anno
1848 779 1927 841 1770

1100 884 1146 942 15.
1164 879 1263 962 Sept.
1281 880 1469 962 Raigradii
1491 884 1764 964 presbyteratus
1785 885 1925 946 ordines

1095 1002 1263 1083 suscepit,
1277 1003 1406 1083 quibus
1418 1003 1607 1085 insignitus
1625 1025 1672 1082 14.
1684 1003 1763 1067 Oct.
1778 1005 1925 1067 Auster-

1093 1122 1164 1185 licii
1182 1123 1356 1204 primitias
1380 1125 1585 1186 celebravit.
1610 1123 1740 1188 Statim
1763 1135 1849 1209 post
1871 1147 1924 1189 ca-

1094 1245 1246 1307 techista
1261 1245 1296 1307 in
1312 1244 1418 1327 pagis
1432 1246 1646 1308 constitutus
1662 1248 1787 1310 sedulo
1803 1249 1922 1312 labore

1094 1366 1312 1430 iuventutem
1331 1368 1365 1430 in
1382 1367 1564 1449 religionis
1581 1369 1731 1433 scientia
1752 1391 1819 1452 per
1841 1392 1922 1452 qua·

1093 1490 1290 1551 driennium
1312 1490 1498 1552 erudiebat
1520 1500 1555 1552 et
1581 1509 1662 1570 1774
1682 1491 1921 1556 iurisdictione

1093 1613 1340 1693 cooperatoria
1361 1614 1508 1675 obtenta
1529 1633 1641 1695 penes
1663 1614 1921 1679 administrato·

1092 1754 1166 1796 rem
1191 1744 1349 1796 curatum
1367 1735 1550 1797 Placidum
1567 1735 1710 1799 Heisler
1730 1737 1920 1800 animarum

1093 1858 1199 1919 saluti
1214 1857 1453 1938 incumbebat,
1471 1878 1575 1938 quem
1593 1858 1706 1921 tribus
1723 1869 1807 1942 post
1823 1861 1920 1923 annis

1093 1981 1138 2040 ad
1164 1978 1271 2041 finem
1299 1979 1456 2060 Augusti
1488 2000 1566 2059 1777
1597 1981 1631 2042 111
1658 1981 1919 2063 parochialibus

1093 2101 1302 2163 exercendis
1315 2111 1470 2182 secutus,
1484 2103 1530 2164 ad
1542 2101 1648 2165 finem
1661 2103 1799 2165 dierum
1812 2123 1919 2185 usque

1092 2243 1157 2304 per
1171 2223 1299 2304 viginti
1318 2243 1445 2285 novem
1462 2244 1574 2286 annos
1591 2226 1681 2288 hanc
1703 2226 1918 2308 provinciam

1091 2346 1227 2408 medios
1244 2346 1335 2408 inter
1351 2346 1511 2409 turbines
1524 2347 1689 2428 politicos
1706 2348 1919 2411 ecclesiasti-

1091 2486 1223 2548 cosque
1240 2487 1319 2529 cum
1336 2468 1491 2529 omnium
1511 2469 1617 2531 laude
1642 2469 1919 2545 administrabat,

1091 2590 1194 2652 sicuti
1208 2590 1307 2652 varia
1324 2592 1468 2653 decreta
1486 2602 1521 2653 et
1537 2592 1817 2674 approbationes
1834 2591 1919 2654 actis

1091 2713 1166 2775 eius
1190 2714 1345 2775 insertae
1371 2723 1556 2776 testantur.
1587 2715 1693 2776 Anno
1721 2720 1803 2776 1800
1826 2715 1919 2778 novi-

1090 2835 1218 2898 tiorum
1237 2836 1340 2897 simul
1357 2835 1528 2917 magister
1546 2847 1632 2900 erat.
1655 2836 1725 2916 Qui
1741 2836 1919 2919 ingenium

1089 2957 1356 3020 inclarescentis
1377 2968 1464 3019 tunc
1486 2958 1734 3038 Iosephinismi
1757 2978 1920 3040 perspec-

1088 3089 1162 3140 tum
1173 3079 1919 3161 habet,cuiusfautorem,exemplispercre-

1088 3201 1336 3263 brescentibus
1353 3201 1513 3282 allectus,
1530 3201 1759 3283 praepositus
1777 3200 1920 3265 Othma-

1088 3343 1148 3386 rus
1161 3325 1241 3405 plus
1250 3343 1364 3405 aeque
1378 3324 1504 3386 iterum
1514 3334 1623 3405 atque
1636 3324 1764 3386 iterum
1777 3328 1918 3406 agebat.

1088 3467 1174 3509 sane
1202 3467 1272 3508 non
1296 3447 1494 3527 mirabitur,
1520 3447 1615 3528 quod
1639 3447 1830 3509 concordia
1852 3446 1919 3509 fra-

1089 3578 1180 3631 trum
1199 3569 1333 3648 pluries
1350 3570 1446 3649 apud
1463 3587 1527 3630 nos
1542 3567 1722 3630 labefacta
1743 3589 1852 3631 unum
1872 3570 1920 3631 al-

1088 3699 1248 3752 terumve
1265 3709 1284 3750 e
1304 3688 1439 3771 gremio
1452 3688 1717 3771 Raigradiensi,
1737 3689 1773 3752 in
1792 3690 1919 3771 quibus

1088 3813 1195 3875 etiam
1208 3812 1352 3874 Petrum
1370 3820 1538 3890 nostrum,
1552 3813 1597 3873 ad
1610 3809 1718 3873 officii
1731 3812 1785 3872 sui
1799 3823 1920 3892 partes

1088 3936 1306 3997 deserendas
1322 3934 1547 3995 sollicitabat.
1573 3933 1710 4014 Quibus
1731 3954 1838 4014 porro
1860 3954 1919 3996 ex-

1086 4057 1210 4139 plicari
1227 4065 1377 4137 possunt
1399 4074 1469 4116 non
1490 4055 1602 4116 solum
1627 4055 1792 4117 diversae
1816 4056 1920 4118 alter-

1088 4179 1247 4241 cationes
1270 4179 1362 4239 inter
1376 4177 1621 4259 praepositum
1638 4187 1674 4239 et
1690 4177 1729 4239 P.
1747 4175 1838 4240 Seitl
1859 4197 1919 4240 no-

1087 4312 1208 4382 strum,
1232 4320 1378 4382 quarum
1401 4301 1553 4361 decursu
1570 4299 1687 4380 quoad
1707 4298 1919 4360 iurisdictio-

1086 4444 1166 4487 nem
1183 4433 1219 4486 et
1235 4422 1505 4505 praetensiones
1522 4422 1616 4484 circa
1632 4441 1825 4502 congruam
1843 4441 1919 4482 sus-

1086 4547 1318 4610 tentationem
1343 4546 1597 4626 parochialem,
1624 4563 1783 4606 mensam
1810 4553 1846 4606 et
1870 4544 1920 4606 in·

1086 4669 1295 4731 vestituram
1324 4667 1585 4729 inconsiderate
1613 4666 1743 4728 iterata
1767 4667 1846 4729 vice
1873 4668 1918 4728 ad

1087 4791 1232 4852 decreta
1241 4789 1439 4851 saecularia
1449 4789 1803 4870 appellabat3verum
1812 4786 1918 4849 etiam

1085 4912 1207 4993 liquet,
1224 4912 1321 4973 illum
1335 4931 1428 4973 anno
1447 4916 1524 4990 1783
1540 4930 1605 4992 7116
1618 4909 1787 4991 7161661116
1799 4909 1919 4971 Η6116-

1086 5034 1200 5096 niensi
1217 5043 1368 5096 vacante
1392 5022 1428 5096 et
1449 5038 1530 5112 1786
1546 5053 1611 5115 7116
1628 5033 1799 5094 cathedra
1820 5032 1918 5094 theo-

1084 5156 1204 5238 logica
1217 5157 1407 5237 pastoralis
1421 5154 1635 5217 Bohemicae
1648 5154 1824 5218 Olomucii
1837 5173 1918 5216 6611-

1084 5278 1236 5340 currisse
1259 5287 1478 5359 sperantem,
1506 5276 1646 5338 1616111
1673 5276 1829 5357 quietern
1858 5275 1916 5337 diu

1084 5399 1323 5462 desideratam
1337 5399 1387 5461 sic
1405 5398 1679 5461 nancisceretur.
1705 5397 1916 5461 Omnimodo
