4178 6196
884 493 924 502 -
968 453 1115 517 LXXV
1158 491 1201 500 —

170 684 270 746 Idem
293 684 330 746 in
355 681 577 746 Germanicis
606 683 709 745 terris
735 682 875 764 imperii
899 680 1080 744 Austriaci
1104 679 1274 762 imprimis
1296 700 1317 742 a
1340 680 1456 742 medio
1480 680 1622 742 saeculo
1647 679 1748 741 XVI.
1777 682 1906 764 evenit,

172 843 252 886 cum
268 822 415 885 Lutheri
438 823 520 905 lege
543 823 649 885 etiam
673 822 708 885 in
724 821 873 884 Austria
895 821 1108 904 pervulgata
1131 819 1362 901 plurimisque
1386 821 1537 899 probata
1560 820 1692 882 multae
1716 822 1907 902 parochiae

172 982 194 1025 a
217 961 398 1024 nobilibus
420 960 567 1023 Lutheri
589 960 725 1042 placita
746 960 922 1043 amplexis
945 958 1169 1022 monasteriis
1194 959 1415 1039 eriperentur
1429 958 1463 1039 ¹),
1496 969 1557 1019 aut
1584 958 1613 1020 si
1642 979 1734 1040 quae
1761 960 1907 1024 relictae

173 1109 310 1180 essent,
338 1119 361 1161 a
386 1099 569 1161 monachis
592 1098 768 1179 apostatis
791 1098 1037 1161 obtinerentur
1067 1117 1108 1160 ac
1140 1117 1249 1178 saepe
1280 1115 1324 1159 ne
1355 1107 1430 1158 tum
1462 1095 1605 1178 quidem
1637 1097 1907 1181 dimitterentur,

174 1257 255 1301 cum
277 1237 314 1300 in
336 1237 380 1300 iis
402 1237 636 1318 monasteriis,
661 1256 752 1319 quae
768 1236 914 1299 Lutheri
937 1235 1114 1299 erroribus
1131 1234 1263 1298 infecta
1279 1245 1380 1297 erant
1389 1236 1423 1316 ²),
1447 1234 1483 1297 vi
1499 1235 1595 1298 civili
1611 1245 1648 1299 et
1663 1237 1907 1302 ecclesiastica

174 1376 387 1457 interposita
410 1375 527 1439 unitas
550 1375 727 1438 catholica
749 1373 915 1437 restituta
938 1382 1043 1436 esset.
1075 1372 1213 1454 Quibus
1236 1375 1343 1435 rebus
1366 1373 1395 1435 F
1398 1374 1614 1437 erdinandus
1629 1375 1673 1438 ΙΙ.
1698 1376 1849 1458 primum
1872 1376 1907 1439 in

176 1513 288 1579 Stiria
309 1526 345 1577 et
361 1513 552 1596 Carinthia,
576 1515 704 1577 deinde
727 1513 764 1577 in
779 1514 928 1578 Austria
951 1512 1132 1594 superiore
1154 1523 1191 1576 et
1209 1511 1374 1576 inferiore
1396 1514 1562 1577 subvenit
1578 1535 1801 1598 magnaeque
1824 1516 1907 1579 inde

176 1662 412 1735 tempestates
435 1673 544 1735 saepe
568 1665 715 1716 exortae
738 1663 820 1716 sunt
832 1656 868 1734 ³).
913 1651 1001 1715 Cum
1024 1652 1060 1714 in
1083 1651 1307 1714 monasteriis
1329 1651 1478 1733 penuria
1502 1672 1622 1716 eorum
1645 1665 1750 1738 esset,
1780 1655 1909 1737 quibus

177 1812 323 1855 munera
334 1792 551 1874 parochialia
567 1793 879 1873 committerentur,
896 1791 994 1855 multi
1007 1791 1208 1874 presbyteri
1221 1802 1256 1853 et
1269 1792 1469 1854 saeculares
1483 1802 1519 1855 et
1534 1793 1726 1876 regulares,
1744 1795 1805 1877 qui
1826 1795 1910 1858 belli

177 1932 357 1995 tricenarii
372 1932 567 1996 terroribus
579 1931 738 2015 percussi
754 1932 789 1994 in
804 1931 987 1995 Austriam
1005 1929 1248 2013 confugerant,
1267 1929 1371 1993 facile
1388 1931 1614 2013 benigneque
1631 1933 1774 2015 excepti
1786 1937 1908 2015 sunt4).

309 2070 559 2134 Catholicismo
590 2071 625 2132 in
656 2071 802 2134 Austria
832 2071 997 2134 restituto
1028 2069 1253 2133 Benedictini
1284 2090 1374 2150 opus
1406 2071 1662 2134 missionarium
1693 2074 1910 2158 redintegra-

178 2222 316 2274 verunt.
360 2211 402 2274 In
429 2211 608 2274 montibus
636 2211 728 2274 enim
751 2210 921 2273 Austriae
945 2209 1152 2292 superioris,
1177 2208 1390 2292 Salisburgi,
1415 2208 1632 2293 Carinthiae,
1658 2210 1787 2275 Stiriae
1811 2213 1910 2274 multi

179 2359 290 2430 erant,
315 2348 375 2431 qui
398 2349 532 2412 severis
555 2350 681 2413 edictis
704 2370 772 2413 non
796 2322 956 2413 deterr'iti
978 2348 1123 2411 Lutheri
1147 2349 1343 2412 doctrinam
1367 2348 1627 2431 profiterentur.
1674 2351 1771 2432 Quos
1802 2362 1841 2415 ut
1864 2354 1910 2414 ad

179 2488 459 2552 catholicismum
475 2491 695 2571 reducerent,
718 2489 952 2572 imperatores
968 2488 1191 2552 monasteriis
1207 2489 1390 2571 negotium
1407 2490 1591 2570 dederunt,
1615 2498 1654 2551 ut
1669 2490 1909 2554 missionarios

180 2627 216 2689 in
244 2647 287 2690 ea
313 2628 392 2690 loca
421 2627 611 2691 mitterent.
657 2628 763 2690 Anno
793 2628 901 2691 etiam
936 2631 1015 2707 1756
1046 2627 1254 2709 imperatrix
1284 2627 1400 2690 Maria
1428 2628 1598 2690 Tberesia
1627 2628 1909 2692 Maximilianum

182 2765 403 2848 Kunzlinger
431 2766 674 2829 Mellicensem
708 2787 787 2830 cum
821 2787 887 2830 sex
921 2767 1120 2849 monachis,
1156 2766 1215 2847 qui
1250 2776 1350 2829 erant
1380 2785 1400 2828 e
1430 2766 1644 2830 monasterio
1676 2765 1909 2850 Gottvicensi,

182 2901 481 2986 Seitenstettensi,
505 2904 751 2987 Admontensi,
775 2904 1047 2985 Mariacellensi,
1072 2903 1268 2986 Garstensi,
1297 2904 1392 2967 misit
1415 2904 1451 2966 in
1475 2903 1690 2967 Carinthiam
1714 2908 1910 2987 eodemque

182 3053 342 3123 tempore
365 3042 581 3107 Benedictus
604 3044 760 3127 Bonetti,
783 3044 1011 3127 Mellicensis,
1035 3045 1089 3107 vir
1111 3045 1231 3127 magni
1254 3045 1290 3107 in
1313 3045 1553 3125 praedicando
1576 3043 1737 3128 nominis,
1760 3046 1910 3128 legatio·

182 3180 287 3242 nibus
309 3181 538 3243 missionariis
561 3181 597 3244 in
621 3183 799 3246 montibus
823 3182 1023 3246 Austriacis
1046 3192 1212 3264 praeerat
1226 3184 1260 3264 ⁵).

312 3318 352 3380 ln
375 3319 561 3402 Hungaria
584 3323 747 3385 monachi
770 3322 903 3385 Montis
926 3322 1132 3385 Pannoniae
1156 3322 1250 3385 omni
1278 3323 1383 3385 modo
1411 3322 1500 3384 enisi
1527 3332 1625 3405 sunt,
1653 3332 1693 3386 ut
1719 3326 1910 3406 populares

184 3457 332 3520 Turcico
355 3456 505 3539 imperio
528 3478 720 3542 oppressos
744 3460 779 3523 in
803 3460 900 3523 avita
923 3460 1085 3523 doctrina
1106 3459 1301 3522 retinerent
1328 3470 1364 3522 et
1388 3459 1646 3526 confirmarent.
1693 3462 1797 3527 Clara
1830 3474 1911 3528 sunt

183 3596 324 3658 nomina
347 3596 387 3661 P.
412 3595 576 3681 Gregorii
599 3599 830 3682 aliorumque,
854 3599 913 3680 qui
937 3599 1081 3662 summis
1103 3600 1284 3661 laboribus
1307 3619 1376 3662 non
1399 3600 1558 3662 deterriti
1582 3621 1701 3665 curam
1718 3604 1911 3668 animarum

183 3746 373 3818 gesserunt
387 3735 423 3818 ⁶).

312 3875 447 3957 Magna
469 3875 505 3939 vi
529 3887 637 3959 erant,
663 3898 754 3959 quae
778 3880 824 3940 ab
847 3878 1060 3960 imperatore
1083 3878 1236 3960 Iosepho
1259 3878 1303 3940 II.
1334 3878 1370 3939 in
1401 3880 1507 3940 rebus
1539 3879 1702 3942 civilibus
1734 3890 1770 3943 et
1800 3882 1911 3945 eccle-

184 4012 337 4076 siasticis
360 4024 576 4078 commutata
598 4026 680 4078 sunt
695 4018 728 4097 ⁷).
774 4017 929 4080 Plurima
953 4018 1165 4080 monasteria
1190 4020 1504 4100 exaugurabantur
1526 4039 1655 4101 magno
1679 4040 1758 4082 cum
1783 4022 1911 4084 damno

315 4276 336 4357 ¹)
359 4280 444 4336 Multi
467 4281 573 4337 horum
596 4279 739 4338 nobilium
763 4283 881 4357 coeptis
905 4281 1026 4338 nefariis
1054 4283 1126 4338 iuris
1154 4284 1285 4358 speciem
1314 4285 1355 4339 ita
1382 4282 1636 4360 praetendebant,
1670 4299 1701 4340 ut
1728 4284 1863 4342 dicerent
1893 4304 1911 4342 a

185 4393 246 4448 suis
269 4391 434 4449 maioribus
457 4394 618 4468 parochias
640 4395 831 4450 monasteriis
854 4394 981 4451 donatas
1003 4412 1085 4463 esse,
1114 4395 1163 4450 alii
1192 4395 1271 4470 iique
1294 4395 1385 4470 longe
1408 4395 1525 4472 plurimi
1553 4409 1658 4473 spreto
1687 4399 1795 4473 quovis
1822 4416 1910 4474 prae·

185 4516 267 4560 textu
290 4503 358 4560 sola
381 4506 410 4561 vi
433 4505 658 4580 grassabantur.
699 4505 745 4564 Cl.
768 4508 877 4582 singul.
903 4520 1028 4565 monast.
1053 4508 1204 4565 historias.

314 4613 336 4693 2)
360 4616 406 4674 Cf.
430 4636 501 4694 pars
525 4620 547 4675 1.

313 4726 337 4807 ³)
361 4730 400 4787 Ut
422 4728 522 4787 Stirae
544 4733 573 4787 in
595 4730 718 4789 Austria
743 4734 910 4811 superiore,
934 4735 1018 4789 cuius
1040 4732 1185 4808 parochia
1208 4735 1391 4790 monasterio
1415 4732 1573 4791 Garstensi
1597 4734 1736 4792 adiuncta
1759 4749 1833 4793 erat.

313 4839 336 4920 4)
360 4844 406 4899 Ita
432 4842 519 4900 lacile
547 4844 743 4919 intellegitur,
775 4864 828 4902 cur
860 4848 888 4901 in
919 4845 1070 4921 parochiis
1101 4849 1351 4903 monasteriorum
1375 4845 1604 4903 Austriacorum
1635 4865 1672 4904 eo
1702 4860 1838 4925 tempore
1866 4862 1911 4907 tot

185 4955 294 5012 luerint
316 4956 421 5011 vicarii
445 4975 462 5012 e
486 4958 573 5013 terris
598 4957 749 5014 Rhenanis
772 4956 820 5014 vel
844 4955 956 5014 Suevia
978 4958 1026 5014 vel
1050 4957 1177 5015 Bavaria
1201 4962 1268 5016 orti.

313 5066 337 5147 5)
360 5067 538 5142 Keiblinger
560 5069 578 5126 l.
605 5089 630 5126 c.
655 5069 692 5137 l.;
717 5071 829 5138 Friess,
853 5067 938 5126 Stud.
963 5069 981 5126 l.
1006 5089 1031 5126 c.
1056 5071 1092 5128 V.

312 5176 336 5257 6)
359 5181 467 5238 Czinar
489 5181 506 5238 l.
532 5201 558 5239 c.

314 5291 336 5373 7)
359 5293 421 5350 lam
443 5293 537 5350 Maria
560 5294 707 5351 Tberesia
730 5296 918 5370 imperatrice
947 5307 1023 5368 1771
1051 5293 1180 5350 edictum
1204 5309 1277 5363 erat,
1302 5309 1333 5352 ut
1356 5313 1460 5353 omnes
1484 5297 1645 5372 parochiae
1669 5300 1909 5366 monasteriales,

182 5425 261 5487 quae
284 5424 344 5462 non
368 5405 473 5463 saltem
496 5408 583 5463 trium
607 5407 847 5464 conventualium
871 5425 966 5483 opera
988 5419 1236 5483 procurarentur,
1261 5406 1446 5483 presbyteris
1475 5408 1680 5469 saecularibus
1709 5413 1908 5469 traderentur.

1668 5513 1705 5561 kt
