4178 6196
902 413 1182 485 -370—

173 598 351 661 historicis
367 600 514 661 multum
530 610 736 682 occupatus,
759 601 840 662 dein
862 599 1003 662 abbatis
1041 617 1045 717 q
1084 601 1276 663 damentali
1299 601 1495 664 litterarum
1520 622 1639 664 amore
1667 604 1825 666 imbutus
1850 623 1915 685 per

173 719 318 783 Martini
331 720 429 783 vices
441 741 580 803 gerens,
597 722 633 784 in
645 723 760 784 locum
774 720 931 783 defuncti
946 721 1003 784 die

180 847 226 907 16.
243 842 328 905 Maii
350 848 428 922 1793
447 846 560 906 abbas
577 844 712 907 electus
735 853 799 906 est.
831 841 1003 907 Omnibus

174 964 309 1048 ingenii
343 964 572 1028 facultatibus
608 976 644 1028 et
675 965 783 1027 animi
812 965 1003 1029 virtutibus

174 1087 358 1168 praeditus
388 1089 433 1149 ad
465 1093 590 1149 munds
625 1089 715 1149 adeo
751 1088 907 1168 amplum
937 1087 1003 1150 rite

172 1211 386 1290 obeundum,
404 1210 639 1272 antecessoris
655 1209 812 1272 inlustris
828 1209 1003 1290 principia

173 1342 333 1413 secutuS,
357 1333 467 1395 multa
491 1342 526 1395 et
547 1332 673 1414 gravia
695 1331 788 1394 mala
810 1351 1003 1413 perpessus

172 1465 239 1536 est,
257 1466 295 1518 ut
311 1456 501 1536 aliquando
517 1454 604 1537 fuga
620 1455 688 1517 sibi
704 1456 889 1518 consulere
902 1474 1003 1517 coac-

174 1587 232 1640 tus
249 1586 354 1657 esset,
372 1576 534 1658 quamvis
549 1577 655 1639 etiam
667 1576 760 1638 inter
771 1596 869 1639 arma
882 1595 1003 1638 musae

173 1700 364 1763 Blasianae
381 1719 560 1780 nunquam
577 1699 763 1779 tacuerint,
786 1708 883 1761 etex
900 1708 1003 1780 typo·

176 1822 327 1906 graphia
343 1822 512 1884 Blasiana
536 1822 636 1903 plura
661 1841 771 1903 opera
795 1822 901 1883 docta
924 1840 1004 1901 pro·

173 1945 312 2009 dierint.
339 1945 437 2007 Mala
462 1943 645 2007 Gallorum
666 1943 769 2005 bellis
789 1940 1003 2004 monasterio

179 2067 312 2129 inflicta
328 2076 390 2129 aut
405 2066 590 2148 intentata,
611 2067 711 2149 leges
732 2066 767 2127 in
787 2065 1004 2146 publico-ec·

173 2189 384 2253 clesiasticis
400 2190 494 2251 latae
508 2188 731 2251 monasteriis
744 2187 907 2269 infestae,
920 2187 1004 2249 fluc-

176 2323 281 2376 tuans
304 2312 522 2394 reipublicae
539 2312 750 2394 Brisgoviae
775 2297 930 2373 conditio
953 2310 1004 2372 in-

159 2454 331 2518 genuum
356 2434 497 2497 abbatis
521 2433 675 2496 animum
699 2435 797 2496 luctu
821 2442 857 2495 et
879 2433 1004 2496 timore

173 2557 380 2621 affecerunt.
394 2558 449 2620 Ita
458 2555 550 2619 inter
561 2577 660 2638 spem
670 2566 706 2619 et
715 2566 846 2619 metum
856 2575 1005 2636 suspen·

175 2700 245 2759 sus,
263 2689 299 2742 et
315 2679 464 2742 amicum
488 2680 655 2741 abbatem
676 2698 703 2741 5.
720 2678 818 2741 Petri
843 2677 879 2740 in
902 2678 1005 2760 nigra

1042 730 1045 741 1

1042 1618 1045 1633 l

1083 733 1204 803 patres
1221 725 1420 786 scholarum
1437 724 1575 805 piarum
1596 725 1735 788 iuvenis
1756 726 1914 808 optimae

1084 843 1211 906 indolis
1225 846 1342 907 studia
1352 845 1559 908 humaniora
1568 846 1604 908 in
1613 847 1801 928 gymnasio
1814 847 1913 910 urbis
1977 872 1979 876 ⁴

1083 965 1238 1047 patriae,
1264 967 1360 1047 quod
1380 986 1446 1028 sex
1468 969 1626 1031 habebat
1649 970 1913 1050 classes,'anno

1088 1090 1166 1149 1808
1184 1087 1318 1167 optimo
1335 1108 1413 1150 cum
1434 1108 1602 1152 successu
1623 1090 1777 1154 absolvit
1801 1102 1838 1153 et
1864 1092 1914 1154 in-

1083 1218 1188 1271 natae
1201 1208 1269 1270 sibi
1282 1210 1328 1271 ad
1341 1211 1492 1273 docendi
1504 1231 1631 1274 munus
1644 1212 1784 1274 libidini
1800 1213 1913 1275 indul·

1083 1349 1172 1412 gens
1189 1331 1347 1393 ordinem
1363 1332 1479 1414 ipsum
1492 1334 1531 1398 P.
1546 1333 1759 1397 Calasanctii
1776 1334 1913 1418 ingres·

1083 1470 1143 1513 sus
1159 1450 1194 1513 in
1210 1452 1523 1536 Vetero·Aquensi
1539 1457 1692 1539 collegio
1709 1478 1773 1538 per
1789 1460 1914 1521 decur-

1084 1593 1161 1635 sum
1177 1574 1260 1636 anni
1276 1594 1359 1637 suas
1375 1577 1421 1637 ad
1439 1577 1514 1639 eius
1536 1577 1678 1659 generis
1699 1578 1843 1641 labores
1863 1579 1914 1642 fa·

1083 1696 1235 1758 cultates
1244 1698 1419 1778 probavit.
1437 1700 1631 1781 Postquam
1643 1721 1729 1763 vero
1744 1722 1784 1764 se
1797 1702 1913 1784 ipsum

1082 1830 1310 1899 perspectum
1332 1803 1516 1902 totumque
1538 1830 1712 1885 tentatum
1734 1825 1913 1906 cognovit,

1083 1938 1197 2002 ordini
1217 1941 1390 2004 valedixit
1414 1952 1450 2004 et
1470 1943 1626 2006 Brunam
1650 1944 1777 2007 studiis
1801 1946 1915 2026 philo-

1084 2063 1239 2143 sophicis
1264 2064 1435 2127 insudans
1459 2085 1497 2127 se
1523 2066 1689 2147 contulit,
1712 2087 1804 2148 quae
1834 2072 1912 2131 1811

1084 2185 1238 2248 omnium
1255 2186 1322 2248 sibi
1338 2187 1442 2249 laude
1458 2197 1585 2268 parata
1607 2187 1732 2250 finivit.
1762 2189 1916 2253 Instanti

1084 2328 1176 2369 nunc
1193 2319 1381 2391 moment0,
1404 2329 1473 2390 quo
1490 2310 1596 2372 animi
1613 2331 1754 2399 cursum
1775 2313 1821 2374 ad
1842 2332 1916 2375 cer-

1085 2439 1158 2492 tum
1171 2430 1266 2492 vitae
1282 2440 1414 2494 statum
1431 2433 1632 2515 eligendum
1650 2433 1831 2517 dirigeret,
1850 2435 1916 2497 cir·

1084 2553 1299 2633 cumspectis
1326 2556 1432 2617 rebus
1456 2555 1619 2618 omnibus
1642 2556 1915 2639 rationibusque

1085 2674 1270 2738 subductis
1298 2677 1416 2739 studia
1447 2678 1648 2761 theologiae
1676 2680 1916 2760 amplexanda

175 2804 266 2866 silva
288 2802 439 2865 visitans
463 2800 647 2882 inopinato
671 2782 865 2881 apoplexia
887 2809 1005 2862 tactus
1043 2812 1046 2875 1
1085 2797 1268 2860 constituit
1285 2807 1321 2860 et
1333 2799 1484 2879 primum
1497 2802 1620 2862 horum
1633 2820 1762 2862 annum
1772 2801 1915 2864 Brunae

174 2926 264 2988 obiit
280 2924 337 2986 die
359 2929 405 2986 rb.
423 2924 512 2987 Nov.
533 2928 622 2985 1801.
647 2922 720 2984 iste
737 2943 763 2984 s.
777 2921 876 2984 Petri
892 2923 1005 2983 abbas

175 3047 337 3129 lgnatius
355 3044 509 3127 Speckle
530 3045 665 3107 obitum
686 3043 777 3107 tanti
797 3044 863 3106 viri
883 3044 919 3105 in
941 3063 1004 3106 suo

174 3169 289 3232 diario
305 3171 434 3231 acerbe
451 3178 668 3249 conquestus
689 3176 753 3248 est,
774 3167 944 3248 scribens,
966 3186 1004 3228 se

176 3293 292 3373 ipsum
304 3291 503 3374 perdidisse
516 3300 699 3372 potentem
712 3289 886 3352 fautorem
902 3299 938 3352 et
954 3288 1004 3351 in-

176 3414 298 3476 timum
309 3413 469 3493 amicum,
482 3412 624 3475 ordines
633 3412 844 3505 Brisgov'pe
854 3412 1004 3493 primum

174 3546 211 3598 et
234 3536 441 3598 acerrimum
462 3536 634 3616 sodalem,
663 3538 814 3598 abbates
840 3534 1006 3617 dignissi-

175 3677 269 3720 mum
286 3667 323 3720 et
339 3677 417 3719 cum
430 3658 583 3720 maxime
595 3667 780 3720 actuosum
793 3657 1003 3739 praesidem,

175 3780 363 3843 ecclesiam
379 3780 593 3861 intrepidum
608 3790 771 3861 tutorem,
789 3779 848 3861 qui
861 3799 935 3842 rem
951 3799 1004 3841 re·

176 3903 319 3986 ligionis
339 3922 457 3965 coram
474 3903 701 3985 magnatibus
728 3912 764 3965 et
783 3900 1005 3982 principibus

179 4045 239 4088 ore
255 4035 292 4088 et
307 4026 443 4088 calamo
456 4024 683 4104 defendebat,
700 4033 736 4085 et
754 3990 1005 4085 monasterium

174 4169 202 4210 s.
220 4147 332 4211 Blasii
348 4148 383 4209 in
399 4149 506 4209 rebus
527 4148 617 4209 adeo
638 4146 758 4208 arduis
778 4145 953 4228 insignem
970 4155 1006 4208 et

177 4270 340 4333 omnibus
356 4268 476 4351 magni
492 4268 719 4331 aestimatum
735 4267 940 4330 antistitem.

261 4391 430 4474 Sequitur
447 4392 523 4454 eius
539 4391 833 4472 manuscriptum:

1085 2919 1230 2983 audivit.
1255 2919 1371 3001 Quum
1387 2941 1472 2984 vero
1489 2932 1680 2984 extraneus
1702 2923 1737 2984 in
1758 2923 1916 2986 alumna·

1085 3053 1160 3106 tum
1176 3043 1291 3123 ipsum
1308 3043 1441 3125 suscipi
1453 3043 1584 3107 frustra
1596 3054 1781 3125 tentasset,
1798 3066 1915 3127 neque

1086 3165 1284 3255 subsidium
1315 3165 1457 3245 aliquod
1489 3167 1684 3248 obtineret,
1717 3179 1754 3230 et
1785 3167 1915 3230 exinde

1084 3287 1218 3350 victum
1231 3287 1472 3369 vestitumque
1489 3288 1557 3350 sibi
1574 3309 1782 3369 comparare
1798 3290 1915 3372 priva·

1084 3409 1147 3472 tim
1160 3412 1343 3472 edocendo
1356 3431 1486 3491 pueros
1499 3421 1697 3493 cogeretur,
1711 3412 1868 3475 maxima
1880 3413 1914 3476 in

1085 3551 1150 3612 spe
1166 3533 1390 3615 constitutuS,
1407 3533 1483 3594 fore
1496 3544 1535 3596 ut
1547 3535 1688 3616 Pragae
1701 3555 1828 3597 munus
1844 3556 1915 3598 ma·

1086 3654 1188 3737 gistri
1205 3656 1337 3737 privati
1353 3655 1513 3718 obtinere
1527 3656 1651 3736 possit,
1668 3657 1703 3719 in
1715 3656 1915 3737 praefatam

1085 3797 1124 3839 se
1141 3777 1289 3840 contulit
1306 3777 1496 3859 civitatem,
1513 3778 1574 3840 ubi
1590 3779 1800 3842 necessariis
1817 3780 1914 3843 vitae

1084 3899 1169 3962 licet
1190 3900 1389 3962 omnimode
1412 3901 1615 3983 instructus,
1639 3902 1771 3965 frustra
1796 3913 1916 3965 tamen

1085 4043 1151 4103 per
1167 4032 1307 4104 tempus
1323 4024 1502 4087 vocationi
1518 4025 1677 4087 internae
1694 4025 1836 4108 restitit,
1853 4027 1916 4088 do·

1085 4166 1151 4208 nec
1168 4147 1213 4207 ad
1230 4146 1348 4209 studia
1366 4147 1567 4228 theologiae
1585 4147 1825 4210 continuanda
1842 4147 1915 4210 ani-

1086 4289 1180 4331 mum
1193 4271 1406 4350 adverteret,
1419 4289 1567 4350 quorum
1582 4291 1710 4332 annum
1721 4272 1917 4332 secundum

1086 4403 1122 4456 et
1134 4393 1277 4456 tertium
1286 4394 1427 4475 Pragae
1441 4395 1486 4455 ad
1498 4392 1603 4455 finem
1613 4393 1792 4474 perduxit.
1808 4392 1916 4456 Vitae

262 4520 396 4575 Diariurn
413 4537 437 4575 s.
457 4519 548 4574 Blasii
564 4517 601 4574 de
617 4535 697 4573 anno
715 4514 892 4591 1768—83.
910 4517 1005 4573 Unum
1043 4500 1047 4582 1
1084 4535 1169 4578 vero
1195 4515 1405 4596 tranquillae
1430 4515 1464 4577 in
1489 4516 1662 4577 coenobio
1686 4518 1916 4597 peragendae

174 4625 315 4680 volumen
332 4621 371 4702 (in
388 4620 482 4702 folio),
505 4625 637 4680 continet
658 4621 728 4678 solia
750 4637 824 4694 331,
849 4634 879 4679 et
901 4621 1006 4679 adser-

175 4743 262 4785 vatur
278 4731 306 4784 in
322 4729 446 4785 archivo
463 4726 674 4784 San-Paulano
690 4728 746 4783 No.
768 4725 836 4800 167.

259 4877 702 4951 RichterBeuedictus
716 4887 1006 4970 (Raigradien

174 5006 265 5087 sis),
290 5016 395 5068 natus
419 5005 571 5069 Priborii
594 5006 630 5069 in
653 5006 816 5069 Moravia
844 5027 891 5070 11.
913 5005 1004 5069 Nov.

180 5147 256 5206 1791
276 5127 312 5189 in
329 5148 355 5191 s.
373 5129 590 5211 baptismate
606 5129 816 5192 Franciscus
833 5129 928 5192 Xav.
944 5149 1006 5192 vo·

175 5258 276 5311 catus
292 5249 383 5312 filius
400 5260 477 5313 erat
492 5251 604 5313 maior
624 5261 710 5313 natu
730 5250 838 5332 panni
854 5251 1006 5315 textoris

176 5383 213 5434 et
225 5373 430 5435 mercatoris
448 5373 523 5435 eius
541 5373 706 5437 civitatis.
730 5373 850 5435 Primo
870 5391 912 5435 ac
927 5371 1006 5435 fun·

1084 4637 1261 4700 desiderio
1282 4636 1440 4720 flagrans
1464 4657 1557 4700 anno
1583 4641 1661 4699 1815
1686 4638 1733 4699 ad
1756 4647 1916 4700 nostrum

1085 4759 1232 4840 pulsans
1248 4759 1500 4822 monasterium
1520 4779 1586 4841 per
1605 4761 1773 4821 abbatem
1789 4759 1916 4841 Augu·

1084 4881 1216 4943 stinum
1231 4881 1423 4962 suscipitur
1444 4891 1480 4944 et
1496 4887 1524 4944 8.
1543 4881 1622 4946 Oct.
1644 4882 1749 4944 huius
1770 4882 1915 4944 indutus

1085 5003 1226 5066 nomine
1238 5023 1266 5068 s.
1276 5004 1388 5086 patris
1405 5004 1515 5067 nostri
1524 5005 1744 5067 Benedictus
1756 5005 1915 5086 appella·

1086 5136 1142 5189 tus
1163 5136 1227 5189 est.
1257 5127 1328 5188 Per
1352 5128 1544 5191 novitiatus
1566 5130 1754 5191 decursum
1774 5129 1913 5210 praedi-

1085 5248 1175 5312 catis
1191 5249 1224 5312 ei
1240 5251 1403 5312 omnibus
1419 5250 1515 5313 duris
1528 5261 1564 5314 et
1577 5252 1723 5333 asperis,
1741 5273 1807 5334 per
1823 5272 1914 5333 quae

1085 5373 1155 5435 itur
1170 5374 1216 5435 ad
1232 5373 1347 5435 Deum
1369 5375 1563 5436 secundum
1585 5385 1744 5437 tenorem
1767 5377 1913 5457 regulae
