4178 6196
900 396 1180 481 -426-

177 602 258 660 1830
273 606 423 658 vocatus
439 596 486 656 ad
503 595 734 657 erudiendam
750 595 784 656 in
802 594 1005 676 praeceptis

173 740 199 783 s.
217 717 400 800 religionis
424 715 602 799 gymnasii
626 717 672 777 ad
694 713 822 779 Scotos
843 715 1005 777 iuventu-

173 853 245 904 tem
260 860 331 903 non
349 841 409 901 diu
425 840 603 902 sed'totus
618 840 686 900 hoc
701 837 819 900 officio
836 847 891 900 est
905 837 1005 899 sunc-

173 976 241 1029 tus.
265 963 445 1026 Defuncto
468 962 560 1024 enim
585 981 631 1040 17.
649 961 738 1022 Nov.
759 965 836 1022 1831
857 960 1004 1023 Andrea

174 1087 338 1168 praesule
355 1084 569 1164 monasterii,
586 1083 740 1145 omnium
756 1083 904 1144 fratrum
921 1102 1002 1144 con-

173 1229 280 1272 sensu
302 1209 437 1270 electus
464 1216 518 1268 est
543 1207 655 1267 abbas
679 1205 737 1266 die
762 1204 1002 1266 26.Ian.1832

177 1330 443 1411 perendinoque
467 1330 524 1390 die
548 1338 631 1409 post
652 1346 753 1388 sacra
770 1326 880 1387 infula
896 1325 1005 1405 pedo·

175 1473 243 1534 que
260 1452 419 1515 sollemni
436 1452 505 1514 ritu
522 1450 680 1512 initiatus
701 1448 862 1530 regimen
884 1466 1003 1508 mona-

175 1576 272 1639 sterii
289 1575 455 1656 suscepit.
480 1576 520 1637 In
543 1576 610 1636 hoc
631 1571 843 1654 gravissimo
859 1587 1004 1630 munere

175 1709 210 1760 et
233 1699 306 1760 lato
332 1695 527 1759 officiorum
553 1714 678 1776 campo
703 1702 789 1774 quot
813 1701 849 1753 et
873 1699 1006 1772 quanta

174 1821 298 1883 merita
323 1819 416 1882 domi
440 1818 598 1898 forisque
622 1835 687 1898 per
710 1833 822 1877 annos
846 1813 921 1874 fere
945 1812 1005 1873 tri-

173 1943 275 2025 ginta
298 1939 544 2020 cumulaverit,
568 1937 775 2019 singillatim
798 1952 1005 1997 enumerare

175 2086 253 2127 cum
270 2063 373 2126 nimis
397 2063 542 2143 longum
563 2060 665 2139 foret,
691 2079 732 2120 ea
754 2055 892 2119 nonnisi
916 2055 1005 2116 rela-

174 2187 244 2249 turi
261 2204 389 2265 sumus,
407 2203 498 2264 quae
516 2182 607 2244 inter
629 2189 748 2242 cetera
768 2178 933 2241 eminent.
964 2176 1005 2237 In

175 2308 297 2390 primis
327 2325 461 2367 memor
492 2323 531 2365 se
562 2301 693 2364 Christi
724 2301 759 2362 in
790 2297 1005 2362 monasterio

176 2449 285 2512 agere
299 2429 397 2491 vices
414 2443 638 2507 summopere
655 2424 781 2487 enixus
804 2432 868 2503 est,
893 2431 931 2482 ut
955 2419 1006 2481 di·

176 2552 327 2634 sciplina
350 2549 492 2611 floreret
516 2546 699 2629 regularis.
738 2544 872 2606 Multas
897 2542 1006 2603 aedes

175 2694 296 2736 sacras
312 2672 432 2734 divino
454 2670 562 2733 cultui
585 2668 727 2730 dicavit.
751 2667 1006 2728 Verumtamen

176 2815 245 2857 non
261 2793 432 2876 neglexit,
449 2810 541 2873 quae
558 2791 604 2852 ad
621 2793 808 2852 externum
820 2786 917 2849 vitae
934 2785 1006 2847 cul-

175 2931 248 2980 tum
265 2937 307 2979 ac
320 2916 442 2998 gregis
455 2913 523 2976 sibi
536 2912 713 2975 commissi
726 2910 915 2972 utilitatem
927 2927 1006 2988 per-

175 3041 287 3102 tinere
305 3038 484 3101 censebat.
509 3035 583 3116 Ipsi
597 3034 704 3096 etiam
717 3031 942 3112 monasterio,
959 3030 1006 3091 ab

176 3163 322 3224 Andrea
340 3161 471 3221 abbate
488 3155 668 3219 aedificari
685 3164 824 3236 coept0,
846 3152 1007 3215 ultimum

175 3284 331 3365 lapidem
352 3281 570 3362 imposuerat
594 3279 663 3340 iam
688 3277 801 3358 primo
825 3273 1007 3357 regiminis

177 3405 231 3466 sui
248 3423 350 3466 ann0.
374 3403 421 3464 Et
445 3403 540 3483 quod
561 3399 786 3483 gymnasium
811 3398 857 3458 ad
878 3394 1007 3459 Scotos

176 3526 313 3606 attinet,
337 3524 441 3585 nullis
458 3522 600 3585 omnino
623 3520 824 3601 sumptibus
846 3515 1007 3599 pepercit

176 3657 249 3709 tum
270 3647 306 3708 in
328 3646 464 3707 alendis
482 3644 760 3724 excolendisque
783 3640 911 3703 futuris
935 3658 1008 3701 ma-

176 3769 309 3851 gistris,
327 3779 402 3829 tum
424 3767 457 3828 in
474 3764 704 3846 adquirendis
726 3762 877 3826 docendi
898 3761 1007 3823 admi-

176 3889 311 3952 niculis.
335 3889 479 3968 Verum,
500 3888 560 3949 ubi
581 3887 718 3949 fructus
734 3883 889 3947 diuturni
909 3884 1008 3944 labo·

176 4013 223 4074 ris
246 4012 277 4074 ei
302 4010 444 4073 iamiam
468 4009 632 4071 adridere
657 4014 862 4087 coeperunt,
886 4007 1007 4067 turbu-

175 4133 372 4196 lentissima
396 4133 457 4194 illa
479 4140 605 4193 exorta
626 4138 681 4191 est
700 4135 899 4208 tempestas
914 4145 1007 4187 anno

182 4261 271 4334 1848.
300 4256 436 4318 Tamen
459 4254 614 4316 animum
638 4251 779 4314 minime
802 4248 1007 4330 despondit;

177 4400 247 4461 qua
259 4399 296 4440 re
308 4378 442 4440 sactum
452 4386 517 4457 est,
527 4385 566 4437 ut
575 4377 703 4437 damna
714 4372 888 4459 asceterio
899 4371 1009 4433 inlata

176 4502 244 4563 iam
266 4499 529 4579 resarcirentur,
552 4517 632 4559 cum
653 4495 773 4558 subito
794 4495 851 4556 die
876 4514 927 4571 24.
944 4493 1007 4555 Iul.

181 4628 270 4703 1854,
294 4641 401 4685 causa
424 4622 540 4682 adhuc
561 4639 673 4700 usque
695 4619 930 4698 inexplorata,
955 4636 1025 4704 org

176 4755 250 4807 tum
282 4753 337 4805 est
368 4743 495 4824 ingens
522 4740 745 4820 incendium,
778 4758 847 4820 quo
876 4737 1008 4819 elapsis

177 4867 332 4947 quinque
347 4864 444 4927 horis
460 4873 556 4926 tecta
569 4862 685 4924 omnia
698 4862 801 4924 aulae
814 4859 1007 4936 Scotensis‚

177 5009 223 5050 ex
236 5007 346 5068 cupro
360 4986 572 5048 solidissime
586 4992 800 5064 constructa,
811 4981 1007 5064 conflagra-

176 5120 267 5172 runt.
291 5108 458 5171 Triennio
476 5118 559 5188 post
579 5107 637 5168 die
655 5111 705 5170 26.
721 5106 795 5169 Ian.
816 5109 897 5188 1857
913 5103 1007 5166 vice-

178 5233 302 5294 simum
320 5232 480 5312 quintum
497 5229 682 5292 electionis
695 5249 780 5291 suae
798 5229 891 5290 diem
908 5226 1007 5288 anni-

178 5353 373 5415 versarium
399 5351 616 5414 sollemniter
640 5350 843 5413 celebravit.
875 5348 948 5412 Sed
972 5358 1008 5411 et
1046 5417 1048 5424 ,

1085 597 1236 677 publicis
1249 599 1403 680 negotiis
1416 619 1531 680 paene
1546 601 1693 662 obrutus
1706 609 1793 665 erat.
1812 601 1918 664 Anno

1086 720 1177 782 enim
1202 725 1281 782 1833
1307 721 1460 783 societas
1485 742 1506 783 a
1530 723 1679 784 colenda
1702 723 1918 804 parsimonia

1085 861 1165 903 eum
1189 843 1312 924 elegit,
1338 842 1397 923 qui
1421 843 1597 924 praesidis
1621 844 1736 906 locum
1760 853 1916 914 teneret:

1084 982 1176 1024 anno
1194 964 1356 1043 proximo
1370 984 1398 1025 c.
1408 983 1433 1025 r.
1444 964 1679 1027 vicedirector
1692 965 1801 1027 studii
1819 966 1917 1028 theo·

1084 1085 1192 1166 logici
1208 1084 1409 1147 nominatus
1426 1087 1461 1147 in
1474 1087 1662 1169 collegium
1676 1107 1703 1150 s.
1712 1088 1916 1170 theologiae

1085 1209 1267 1269 doctorum
1285 1218 1474 1288 cooptatus
1496 1218 1565 1282 est;
1590 1209 1625 1270 in
1643 1229 1713 1290 qua
1729 1210 1915 1292 dignitate,

1085 1349 1190 1409 quam
1207 1330 1299 1390 bene
1312 1330 1489 1412 meruerit,
1508 1332 1721 1394 documento
1739 1342 1805 1413 est,
1823 1335 1916 1414 quod

1085 1452 1177 1512 alma
1194 1451 1406 1514 universitas
1415 1453 1629 1515 Viennensis
1645 1473 1725 1515 eum
1741 1472 1807 1534 pro
1825 1473 1916 1516 anno

1085 1574 1297 1636 scholastico
1319 1579 1393 1636 1851
1419 1586 1592 1637 rectorem
1612 1575 1839 1658 magnificum
1862 1595 1916 1638 sa·

1085 1696 1221 1758 lutavit.
1245 1695 1328 1758 Fuit
1345 1715 1486 1777 quoque
1503 1717 1531 1760 c.
1549 1717 1574 1757 r.
1593 1707 1628 1758 et
1644 1716 1701 1777 ap.
1718 1697 1916 1760 maiestatis

1086 1817 1306 1880 consiliarius
1337 1838 1402 1880 nec
1433 1838 1502 1880 non
1531 1820 1724 1899 deputatus
1755 1819 1916 1881 ordinum

1086 1939 1355 2019 provincialium
1367 1939 1542 2001 inferioris
1556 1939 1736 2003 Austriae.
1754 1938 1915 2021 Septimo

1087 2081 1107 2122 a
1119 2063 1328 2125 fundatione
1337 2063 1542 2125 monasterii
1555 2066 1600 2125 ad
1610 2060 1738 2125 Scotos
1752 2064 1798 2140 ad
1811 2061 1916 2124 finem

1087 2194 1260 2269 vergente
1276 2186 1419 2247 saeculo
1436 2185 1493 2246 die
1514 2206 1538 2246 1.
1556 2184 1630 2247 Mai
1652 2189 1741 2266 1858,
1765 2183 1916 2264 disposi-

1085 2309 1132 2370 tis
1153 2308 1326 2390 omnibuS,
1347 2307 1478 2370 festum
1494 2307 1677 2368 saeculare
1699 2307 1916 2369 celebratum

1087 2441 1142 2492 est
1157 2450 1222 2511 per
1238 2439 1319 2492 octo
1336 2429 1521 2491 continuos
1539 2428 1624 2490 dies.
1650 2428 1710 2489 Ad
1731 2428 1827 2507 quod
1852 2426 1916 2488 rite

1086 2553 1354 2632 celebrandum,
1383 2570 1489 2631 quam
1516 2550 1626 2611 multa
1655 2550 1850 2630 prudenter
1876 2565 1916 2608 ac

1086 2675 1280 2736 liberaliter
1289 2675 1402 2736 abbas
1416 2670 1694 2753 praeparaverit,
1703 2671 1851 2752 longum
1864 2678 1917 2730 est

1087 2817 1261 2859 enarrare.
1290 2796 1406 2858 Huius
1426 2795 1492 2856 viri
1518 2793 1672 2875 insignia
1695 2791 1821 2855 merita
1846 2801 1917 2853 tam

1086 2920 1282 2982 domestica
1315 2938 1420 2999 quam
1453 2917 1596 2999 publica
1627 2916 1722 2977 haud
1749 2914 1917 2996 ignorans

1086 3041 1361 3125 augustissimus
1391 3040 1584 3120 imperator
1619 3057 1723 3099 cruce
1761 3035 1917 3118 equestri

1087 3187 1115 3228 c.
1132 3185 1159 3228 r.
1181 3163 1315 3226 ordinis
1331 3160 1542 3243 Leopoldini
1563 3169 1690 3241 pectus
1715 3159 1792 3221 eius
1815 3160 1918 3220 deco·

1086 3287 1179 3350 ravit
1200 3287 1279 3367 ipso
1300 3286 1357 3346 die
1379 3283 1523 3346 iubilaei
1543 3282 1745 3346 saecularis.
1769 3281 1918 3344 Verum·

1087 3420 1206 3472 tamen
1226 3408 1377 3471 triennio
1399 3417 1481 3489 post
1504 3415 1689 3486 correptus
1714 3406 1917 3486 pulmonum

1087 3531 1363 3593 inflammatione
1380 3538 1577 3591 extremum
1590 3527 1686 3589 vitae
1699 3527 1793 3588 diem
1806 3534 1917 3587 morte

1088 3654 1242 3717 confecit
1258 3653 1315 3714 die
1333 3672 1382 3713 21.
1399 3651 1504 3713 Mart.
1526 3653 1616 3730 1861,
1641 3668 1733 3711 anno
1756 3669 1807 3720 20·
1828 3646 1918 3728 regi·

1087 3777 1190 3840 minis
1206 3776 1270 3857 sui,
1286 3776 1383 3838 vitae
1401 3780 1451 3837 00.

1175 3917 1288 4000 Typis
1305 3916 1417 3978 edidit
1433 3914 1635 3976 conciones:

1175 4065 1197 4118 1.
1219 4061 1343 4136 Predigt
1362 4058 1411 4116 bei
1429 4058 1640 4133 Gelegenheit‚
1666 4057 1711 4113 als
1735 4057 1790 4112 der
1813 4058 1842 4112 in
1866 4056 1920 4111 der

1089 4167 1193 4224 Plarre
1215 4165 1261 4223 St.
1288 4166 1426 4222 Laureuz
1450 4167 1488 4220 im
1513 4162 1741 4221 Schottenfelde
1765 4160 1918 4236 gebildete

1089 4286 1170 4328 erste
1187 4273 1368 4345 organisirte
1383 4268 1736 4325 Kirchen·Musikverein
1749 4267 1856 4323 Wiens
1872 4284 1918 4321 am

1088 4379 1112 4433 F
1115 4391 1180 4433 este
1196 4377 1251 4432 der
1266 4376 1333 4432 hell.
1344 4366 1457 4431 caenia
1470 4373 1524 4429 das
1537 4372 1803 4446 statuteumassige
1816 4370 1918 4427 Dank·

1090 4481 1148 4537 sest
1160 4480 1282 4556 beging.
1299 4482 1442 4546 Viennae,
1461 4477 1551 4544 1828,
1566 4479 1646 4553 typis
1659 4495 1764 4551 congr.
1776 4475 1917 4532 Mechitb.

1176 4604 1213 4658 Il.
1238 4604 1298 4658 Zur
1322 4601 1550 4677 priesterlichen
1565 4597 1730 4675 Jubelfeier
1751 4599 1806 4655 des
1826 4597 1918 4655 hoch-

1089 4707 1276 4782 wiirdigsten
1300 4707 1399 4763 Herrn
1415 4705 1512 4762 Abtes
1532 4724 1568 4759 zu
1589 4704 1755 4778 Gottweig,
1777 4704 1832 4759 Dr.
1853 4703 1918 4758 Alt-

1090 4831 1176 4868 mann
1185 4812 1315 4887 Arigler,
1326 4812 1354 4866 k.
1365 4811 1394 4866 k.
1405 4809 1711 4885 Regierungsrathes.
1725 4807 1782 4864 Am
1793 4822 1843 4864 20.
1855 4808 1917 4863 luni

1094 4917 1183 4989 1843.
1201 4917 1344 4982 Viennae,
1362 4917 1442 4990 typis
1459 4932 1564 4988 congr.
1582 4912 1722 4969 Mechith,

1175 5039 1227 5094 III.
1254 5037 1432 5094 Christliche
1448 5037 1556 5093 Worte
1576 5035 1625 5092 bei
1642 5034 1844 5108 Gelegenheit
1865 5008 1917 5087 der

1088 5143 1233 5218 Segnung
1250 5142 1303 5198 der
1315 5140 1691 5216 Nationalgarden·Fahne
1706 5139 1760 5194 der
1776 5137 1918 5194 Gemein·

1088 5248 1145 5303 den
1162 5245 1317 5314 Reindorf,
1337 5245 1576 5302 Rraunhirschen
1593 5244 1652 5300 und
1670 5241 1859 5299 Rustendorl
1871 5259 1916 5296 am

1087 5369 1116 5425 4.
1130 5350 1216 5426 Sept.
1235 5349 1324 5423 1848.
1341 5351 1485 5417 Viennae,
1503 5351 1583 5424 typis
1598 5347 1780 5404 Ferdinandi
1795 5347 1880 5422 Jahn.
