4178 6196
949 474 1233 542 ,270-

216 662 321 725 nibus
344 658 563 744 glorificetur
584 659 693 723 Deus.
717 658 821 723 Prior
843 660 1048 724 monasterii

217 803 282 867 per
298 802 363 846 sex
379 803 491 846 annos
507 782 669 866 spiritum
686 802 713 845 s.
730 781 858 864 Patris,
881 801 952 864 quo
969 781 1047 864 ipse

217 906 344 988 plenus
360 903 437 986 fuit,
460 905 618 968 excitare
640 904 820 968 custodire
843 921 1047 987 augereque

201 1046 205 1055 ’
218 1027 369 1110 impigre
384 1025 571 1090 laboravit.
594 1025 700 1090 Ultra
715 1035 853 1108 septem
868 1027 980 1089 lustra
997 1024 1048 1088 di·

1128 662 1156 723 8.
1174 656 1274 741 Sept.
1295 663 1374 738 1745
1397 658 1580 742 professus
1604 668 1640 722 et
1660 658 1779 721 studia
1800 658 1962 741 philoso-

1126 780 1232 863 phica
1249 790 1285 845 et
1301 781 1503 864 theologica
1519 780 1648 864 partim
1661 779 1865 863 Cremifani,
1876 800 1962 864 par·

1127 903 1189 967 tim
1206 901 1406 987 Salisburgi
1422 905 1630 986 complexus
1647 903 1704 966 die
1720 907 1767 966 18.
1780 902 1860 969 Oct.
1873 906 1960 984 1750

1127 1025 1342 1090 sacerdotali
1358 1025 1533 1109 dignitate
1546 1035 1671 1089 auctus
1683 1035 1748 1090 est.
1765 1024 1960 1089 Cremifani

217 1147 381 1211 ficillimis
411 1147 687 1231 tempestatibus
717 1166 844 1210 munus
875 1146 1048 1230 praefecti
1085 1176 1089 1227 l
1126 1148 1276 1231 primum
1296 1147 1559 1231 principiorum,
1582 1168 1648 1231 per
1667 1147 1858 1212 triennium
1878 1148 1959 1230 phi-

218 1269 396 1353 gymnasii
412 1269 462 1334 ita
478 1269 656 1352 sustinuit,
674 1279 713 1333 ut
725 1289 880 1333 amorem
893 1289 935 1332 ac
947 1288 1048 1332 reve·
1126 1270 1320 1353 losophiae,
1336 1272 1382 1333 ab
1399 1290 1492 1334 anno
1512 1275 1590 1350 1757
1609 1270 1811 1334 matheseos
1827 1279 1865 1334 et
1879 1269 1959 1352 phi-

218 1393 368 1456 rentiam
384 1391 453 1455 sibi
468 1402 541 1456 tam
562 1412 584 1454 a
605 1391 848 1474 superioribus
872 1411 977 1473 quam
1001 1393 1047 1455 ab
1126 1392 1309 1476 losophiae
1326 1393 1616 1476 experimentalis
1632 1392 1814 1476 professor
1834 1392 1956 1455 simul-

218 1513 453 1597 inferioribus,
474 1514 664 1598 gymnasio
680 1533 767 1578 vero
781 1514 921 1598 insigne
938 1516 1047 1576 decus
1127 1533 1196 1597 que
1216 1513 1342 1578 tertius
1366 1515 1571 1578 academiae
1594 1515 1765 1578 nobilium
1789 1516 1956 1597 ephorus,

1127 1635 1227 1699 initio
1244 1637 1326 1699 anni
1347 1641 1422 1716 1761
1443 1634 1689 1720 Salisburgum
1705 1636 1795 1699 abiit
1814 1645 1851 1700 et
1871 1635 1958 1701 iuris

218 1636 408 1718 pepererit.
434 1634 658 1700 Confratrum
674 1645 812 1699 amator
828 1647 865 1700 et
881 1635 977 1699 vitae
993 1654 1047 1698 re·
1086 1664 1089 1831 p

202 1758 367 1840 ligiosae
383 1768 565 1841 promotor
581 1769 617 1821 et
632 1757 793 1841 singulos
810 1767 846 1821 et
861 1756 1047 1820 universos
1127 1759 1310 1840 utriusque
1331 1760 1455 1823 doctor
1475 1769 1615 1823 creatus
1636 1778 1663 1823 s.
1681 1776 1857 1822 canonum
1876 1776 1957 1842 pro·

219 1881 327 1944 coluit
351 1894 387 1944 et
410 1881 516 1963 fovit,
541 1881 733 1945 abbatibus
758 1881 888 1944 nostris
915 1879 1048 1962 optime

219 2003 364 2087 meritis,
377 2004 546 2085 Mathiae,
559 2005 701 2086 Iacob0,
714 2003 838 2067 Ioanni
851 2003 956 2085 Bapt.
970 2022 1049 2085 per·

219 2125 352 2190 similis.
387 2127 470 2208 Ipse
498 2125 714 2190 monasterio
741 2126 918 2189 novellam
946 2126 1050 2188 sobo-

218 2249 297 2331 lem,
318 2248 572 2312 bibliothecam
592 2268 635 2312 ac
655 2268 681 2311 s.
700 2248 957 2331 supellectilem
977 2267 1050 2310 ma-

219 2390 291 2453 gna
312 2390 359 2432 ex
381 2381 484 2452 parte
504 2371 673 2454 providit,
696 2382 732 2434 et
752 2380 836 2453 post
856 2371 993 2434 tristem
1013 2390 1051 2433 10

221 2512 391 2556 annorum
400 2492 656 2574 dispersionem
667 2492 958 2575 suapotissimum
966 2512 1050 2575 ope·

220 2635 259 2677 ra
275 2615 326 2677 rei
342 2625 485 2679 nostrae
506 2635 572 2678 nos
591 2615 756 2679 restituit.
780 2616 845 2679 Pie
866 2615 954 2680 obiit
975 2615 1050 2679 Me-

220 2736 296 2800 rani
321 2758 368 2817 19.
388 2738 464 2803 Iun.
489 2743 585 2820 1820,
608 2736 961 2801 honorificentissime
985 2756 1049 2818 pro

220 2859 355 2922 meritis
376 2860 490 2924 elatus
497 2909 506 2942 ,
531 2863 576 2923 ad
593 2860 778 2924 Placidum
799 2861 966 2923 abbatem
988 2879 1049 2941 ap-

220 2981 359 3063 positus
388 2993 451 3046 est.
487 2984 563 3047 Erit
585 2984 754 3046 memoria
781 2983 857 3046 eius
884 2983 919 3046 in
941 2984 1049 3045 bene·

220 3104 384 3167 dictione.
401 3104 662 3168 Dilectissimus
674 3104 777 3168 nobis
789 3104 968 3169 confrater
980 3104 1048 3167 Be·

219 3228 393 3309 nedictus,
402 3234 515 3310 per37
528 3248 640 3292 annos
648 3228 836 3312 gymnasio
845 3227 1048 3291 Meranensi
1086 3238 1090 3353 y

220 3350 434 3434 praefectuS,
455 3352 681 3433 latebrarum,
703 3371 794 3434 quae
810 3351 846 3414 in
862 3351 1048 3414 iuvenibus

220 3484 315 3554 sunt,
343 3473 595 3556 sagacissimus
624 3474 829 3557 explorator
852 3474 1048 3556 praemissa

218 3594 320 3656 brevi
331 3595 509 3677 gymnasii
523 3596 672 3659 historia
684 3597 824 3659 nomina
837 3596 1047 3678 conscripsit

219 3735 405 3799 moresque
421 3717 558 3781 notavit
575 3718 728 3781 omniurn
744 3718 923 3802 gymnasii
939 3720 1048 3782 alum·

219 3859 342 3902 norum
358 3840 404 3901 ab
421 3859 513 3902 anno
533 3844 612 3920 1782
630 3842 802 3923 usquead
820 3845 910 3924 1819,
927 3862 1047 3904 manu-

219 3961 391 4044 scriptum
416 3961 510 4025 omni
536 3962 783 4026 aestimatione
809 3963 965 4047 dignum,
992 3965 1048 4027 cui

218 4082 355 4146 titulus:

304 4229 417 4287 Namen
433 4227 492 4284 und
508 4228 658 4286 Conduite
674 4229 729 4286 der
740 4228 917 4293 Studenten.
935 4230 1048 4287 welche

218 4351 286 4390 vom
305 4332 396 4409 Jahre
417 4331 494 4406 1782
518 4333 708 4409 angesangen
734 4353 773 4391 an
794 4353 930 4391 unserem
952 4334 1046 4409 Gym-

218 4439 332 4494 nasium
348 4437 506 4495 studirten.
524 4435 553 4515 (i.
564 4457 590 4495 e.
603 4439 730 4495 Nomina
744 4457 920 4514 morumque
932 4440 1047 4496 notatio

174 4560 180 4571 ·
218 4544 347 4600 omnium
360 4544 507 4617 gymnasii
521 4544 616 4599 nostri
629 4544 814 4601 alumnorum
826 4541 866 4600 ab
874 4561 953 4600 anno
967 4542 1045 4617 1782

217 4644 367 4727 -1819.)
388 4653 432 4720 4⁰.
448 4648 505 4704 Ms.
527 4663 538 4704 1
558 4646 618 4705 vol.
641 4646 703 4720 836
720 4667 749 4724 p.
773 4648 806 4704 In
822 4648 945 4705 archivo
961 4667 1047 4725 gym-

217 4753 291 4808 nasii
308 4753 478 4809 Meranens.
496 4751 615 4809 adserv.

303 4934 584 5031 Langhayder
610 4944 914 5037 Constantinus
942 4946 1046 5029 (Cre-

215 5061 493 5145 mifanensis),
525 5074 631 5127 antea
661 5064 851 5147 Iosephus,
883 5062 1045 5129 Silvestri

216 5186 455 5269 Langhayder
477 5185 587 5250 frater
607 5206 812 5270 germanus,
834 5186 1045 5250 Austriacus

217 5308 509 5391 Berghamensis,
539 5315 586 5373 13.
607 5309 670 5373 Iul.
696 5314 776 5387 1726
800 5319 903 5373 natus
927 5310 1045 5374 studia

217 5429 407 5494 Cremifani
427 5431 582 5495 absolvit
603 5442 639 5494 et
655 5441 784 5495 exacto
805 5431 967 5494 tirocinio
987 5432 1044 5494 die

1127 1879 1243 1944 sessor
1262 1881 1297 1943 in
1318 1880 1551 1944 universitate
1568 1880 1803 1944 Benedictina
1818 1879 1958 1944 institu-

1128 2014 1185 2067 tus
1202 2014 1238 2066 et
1254 2003 1289 2066 in
1305 2004 1490 2067 consilium
1506 2003 1786 2066 ecclesiasticum
1807 2002 1959 2065 celsissi-

1129 2127 1175 2189 mi
1191 2125 1362 2209 principis
1379 2135 1415 2189 et
1431 2125 1690 2210 archiepiscopi
1706 2123 1957 2208 Salisburgen·

1129 2249 1178 2311 sis
1194 2249 1386 2313 adhibitus.
1410 2249 1470 2311 Ab
1486 2268 1579 2311 anno
1596 2252 1675 2328 1706
1691 2256 1808 2310 rector
1821 2246 1960 2331 magni-

1128 2371 1217 2435 ficus
1238 2371 1480 2435 universitatis
1503 2381 1539 2434 et
1563 2371 1759 2435 celsissimo
1782 2368 1960 2453 archiepi-

1130 2512 1240 2576 scopo
1263 2497 1309 2556 ab
1333 2494 1464 2558 intimis
1481 2494 1637 2557 consiliis
1659 2495 1703 2556 de
1725 2513 1763 2556 re
1785 2492 1961 2557 litteraria

1130 2615 1263 2698 optime
1275 2615 1421 2679 meritus
1438 2626 1474 2680 et
1486 2615 1740 2698 amplissimum
1752 2615 1962 2679 monasterii

1129 2738 1183 2801 sui
1199 2740 1308 2801 decus
1324 2738 1413 2801 obiit
1430 2760 1479 2818 29.
1497 2742 1579 2802 Dec.
1600 2742 1690 2817 1787.

1215 2860 1364 2923 Praeter
1383 2861 1504 2924 theses
1520 2859 1959 2943 physico-mathematicas

1128 2984 1164 3047 in
1180 2984 1295 3047 lucem
1311 2985 1427 3047 editas
1443 2983 1670 3065 conscripsit:

1214 3111 1237 3167 I.
1260 3111 1306 3167 De
1323 3110 1477 3186 multiplici
1494 3110 1720 3186 privilegiorum
1736 3109 1959 3184 significatione

1128 3234 1293 3291 eorumque
1309 3218 1431 3273 notione
1447 3218 1578 3291 genuina
1598 3229 1628 3272 et
1647 3213 1868 3272 adiectionibus
1885 3233 1960 3291 pro·

1127 3323 1201 3398 priis
1229 3321 1411 3378 dissertatio
1439 3320 1625 3395 Salisburgi,
1659 3317 1749 3395 1766.
1777 3325 1820 3393 4⁰.
1847 3316 1961 3399 (Quam

1127 3427 1369 3484 dissertationem
1391 3426 1575 3482 clarissimus
1597 3426 1640 3482 Io.
1657 3425 1730 3483 Phil.
1747 3424 1960 3495 Steinhauser‚

1127 3530 1341 3607 pandectarum
1369 3528 1536 3605 Salisburgi
1566 3529 1723 3606 professor
1757 3544 1959 3607 „perpetuum

1127 3635 1287 3710 singularis
1306 3654 1432 3711 prorsus
1452 3647 1482 3691 et
1505 3634 1756 3710 profundissimae
1777 3634 1956 3692 eruditionis

1127 3740 1356 3798 documentum“
1376 3737 1562 3817 appellavit.)

1215 3845 1250 3901 11.
1273 3844 1448 3919 De'legatis
1469 3857 1499 3901 et
1520 3846 1629 3901 nuntiis
1646 3843 1820 3920 pontificum
1837 3860 1960 3900 eorum·

1128 3968 1187 4025 que
1203 3949 1272 4006 satis
1289 3962 1319 4006 et
1335 3962 1487 4026 potestate
1504 3950 1717 4006 commentatio
1733 3949 1961 4006 historico-ca·

1129 4056 1245 4111 nonica.
1271 4053 1450 4128 Salisbmgi,
1473 4052 1564 4127 1785.

1213 4199 1496 4296 Langhayder
1523 4211 1766 4274 Meinradus
1794 4210 1958 4292 (Cremi-

1127 4329 1336 4411 fanensis),
1353 4339 1459 4391 antea
1470 4329 1698 4410 Erenbertus,
1714 4328 1825 4393 frater
1837 4328 1955 4396 Silve-

1128 4452 1191 4515 stri
1204 4464 1240 4515 et
1252 4450 1474 4514 Constantini
1483 4452 1729 4535 Langhayder,
1739 4453 1955 4519 Austriacus

1126 4573 1413 4657 Berghamensis,
1428 4573 1485 4636 die
1501 4595 1548 4637 11.
1558 4573 1662 4639 Febr.
1677 4580 1753 4654 1731
1770 4584 1875 4638 natus
1888 4587 1956 4642 est.

1128 4694 1263 4760 Studiis
1289 4694 1479 4758 Cremifani
1506 4697 1677 4760 absolutis
1702 4698 1958 4763 monasterium

1126 4818 1211 4880 illud
1235 4817 1417 4901 ingressus
1441 4829 1526 4882 vota
1554 4819 1737 4882 sollemnia
1764 4819 1881 4883 emisit
1906 4843 1960 4887 21.

1124 4940 1214 5004 Νον.
1227 4941 1415 5023 1753,inter
1422 4941 1549 5004 artium
1558 4941 1755 5004 liberalium
1764 4942 1959 5027 magistros

1125 5083 1191 5127 nec
1220 5084 1290 5127 non
1321 5064 1523 5147 theologiae
1547 5064 1760 5128 Viennensis
1787 5067 1958 5131 doctores

1129 5191 1207 5265 1757
1233 5194 1421 5268 cooptatus
1445 5186 1503 5248 die
1532 5208 1557 5250 1.
1579 5185 1669 5250 Nov,
1698 5191 1777 5266 1758
1802 5186 1955 5269 primam

1124 5309 1240 5372 laudis
1255 5309 1407 5372 hostiam
1423 5310 1591 5371 sacerdos
1606 5308 1731 5372 litavit.
1754 5308 1861 5373 Cellis
1876 5309 1957 5373 Ma·

1124 5431 1232 5495 rianis
1244 5432 1280 5495 in
1293 5432 1439 5494 Austria
1451 5431 1616 5495 inferiore
1629 5432 1877 5515 confessarius,
1894 5434 1958 5497 de·
