4178 6196
927 457 976 466 -
1037 436 1103 484 122
1161 456 1210 466 ··-

199 623 350 687 effusum
365 624 498 706 luxum,
521 643 626 704 quem
647 643 737 706 gens
753 623 886 687 rustica
902 633 938 686 et
953 621 1029 703 opi·
1067 618 1071 635 '
1109 619 1275 681 Pluribus
1293 619 1419 682 diebus
1436 619 1573 683 feriatis
1589 620 1767 702 pontificis
1783 623 1940 703 supremi

199 746 304 809 ficum
312 766 403 829 grex
413 766 577 828 aequeac
587 747 725 809 nobiles
739 746 887 809 ethuius
896 745 1029 808 saeculi
1108 741 1320 804 auctoritate
1351 742 1387 803 in
1418 744 1639 805 commodum
1664 743 1875 806 rusticorum
1904 753 1940 806 et

141 862 150 883 “
198 869 328 932 divites
354 868 390 932 in
414 869 576 932 vestibus
603 870 765 932 fecerunt
790 890 921 952 magno
948 889 1028 932 eum
1108 863 1273 946 opificum
1290 884 1333 927 eo
1349 865 1571 946 potissimum
1591 865 1661 928 fine
1682 867 1876 949 abrogatis,
1902 876 1941 929 ut

198 992 327 1054 damno
343 991 563 1074 familiarum,
580 991 737 1054 cohiberi
750 992 862 1055 voluit
877 991 1027 1074 legibus,
1109 988 1278 1068 deinceps
1295 987 1421 1050 diebus
1438 988 1622 1050 dominicis
1639 998 1676 1051 et
1688 989 1732 1050 de
1744 998 1939 1070 praecepto

198 1114 328 1196 quibus
345 1116 461 1196 quoad
483 1114 668 1177 materiam
684 1123 720 1177 et
735 1114 883 1177 formam
901 1114 1028 1176 decen·
1066 1148 1068 1153 ·
1107 1108 1247 1172 festivis
1268 1110 1421 1191 populus
1443 1110 1654 1173 christianus
1671 1130 1713 1173 eo
1729 1110 1887 1173 sanctius
1904 1122 1941 1173 et

198 1247 270 1299 tem
279 1236 449 1299 vestitum
459 1237 641 1318 utriusque
651 1256 759 1299 sexus
769 1234 1027 1298 determinavit.
1108 1232 1271 1295 devotius
1280 1233 1358 1294 Deo
1368 1232 1528 1313 serviret,
1537 1232 1689 1295 subditis
1704 1252 1828 1295 severe
1838 1252 1940 1314 prae-

198 1358 273 1421 Nec
297 1378 368 1420 non
392 1358 555 1421 convivia
580 1357 682 1420 nimis
706 1359 803 1420 lauta
826 1357 861 1420 in
885 1357 1027 1438 nuptiis,
1109 1354 1218 1435 cepit,
1246 1364 1285 1417 ut
1310 1355 1365 1417 his
1393 1355 1518 1418 diebus
1546 1356 1721 1436 concioni,
1749 1354 1939 1436 catechesi,

199 1481 388 1562 puerperio
409 1490 445 1543 et
465 1480 651 1543 infantium
667 1479 846 1561 baptismo
862 1479 1029 1560 apparari
1108 1477 1359 1541 sanctissimae.
1375 1478 1504 1541 missae
1525 1478 1698 1542 sacrificio
1720 1488 1755 1542 et
1776 1478 1939 1559 vesperis

198 1602 305 1666 solita
324 1603 491 1684 restringi
511 1602 751 1684 praescripsit.
775 1601 939 1683 Denique
959 1621 1029 1663 non
1109 1602 1239 1663 devote
1255 1601 1481 1683 adsisterent,
1504 1603 1549 1663 ab
1570 1602 1664 1664 omni
1684 1622 1792 1683 opere
1809 1602 1939 1683 servili,

199 1734 319 1808 potest
335 1725 474 1787 silentio
491 1724 676 1806 praeteriri
693 1723 863 1806 principis
884 1724 1030 1786 circum·
1067 1664 1070 1785 l
1109 1724 1333 1804 commerci0,
1356 1723 1509 1807 publicis
1530 1724 1666 1787 choreis
1689 1724 1880 1807 diligenter
1903 1734 1940 1787 et

198 1846 400 1929 spicientia,
429 1867 534 1927 quam
561 1846 712 1908 subditis
740 1846 902 1909 adhibuit
929 1845 1030 1908 annis
1110 1855 1276 1908 accurate
1300 1866 1339 1908 se
1357 1846 1588 1910 continerent.
1617 1847 1740 1909 Voluit
1756 1847 1873 1928 simul,
1896 1867 1940 1908 ne

204 1989 281 2048 1771
303 1979 339 2032 et
359 1988 449 2050 1772,
472 1968 532 2049 qui
552 1968 588 2030 in
604 1988 741 2031 summa
761 1988 922 2031 annonae
943 1967 1030 2030 cari-
1109 1988 1171 2031 eos
1188 1968 1357 2031 conviciis
1374 1968 1596 2050 impeterent,
1620 1968 1679 2050 qui
1699 1967 1735 2031 in
1757 1968 1941 2051 abrogatis

199 2101 274 2154 tate
292 2100 403 2170 erant,
428 2099 467 2152 ut
487 2089 610 2172 fruges
633 2091 680 2152 ad
703 2110 832 2170 panem
856 2089 1030 2171 quotidia-
1108 2091 1206 2154 feriis
1220 2091 1314 2153 domi
1326 2100 1388 2153 aut
1400 2090 1471 2152 ruri
1484 2110 1574 2173 opus
1586 2090 1755 2172 facerent,
1773 2111 1852 2153 cum
1866 2111 1941 2153 cer-

199 2233 282 2276 num
313 2222 349 2275 et
381 2213 619 2274 conserendos
649 2231 756 2294 agros
783 2211 845 2273 vix
874 2212 1029 2275 maximo
1067 2276 1070 2287 .
1109 2226 1183 2277 tum
1209 2214 1269 2296 sit,
1294 2233 1464 2275 concesso
1490 2214 1640 2276 honesto
1667 2214 1790 2275 labore
1814 2213 1940 2275 melius

199 2335 315 2417 pretio
334 2334 458 2396 haberi
474 2343 633 2416 possent,
656 2334 826 2416 multique
844 2334 879 2396 in
896 2335 1029 2398 exteris
1067 2300 1070 2407 l
1108 2336 1187 2398 Deo
1201 2335 1335 2417 serviri,
1353 2356 1457 2416 quam
1474 2355 1585 2417 pravo
1601 2345 1663 2398 aut
1679 2315 1805 2397 saltem
1823 2335 1940 2398 inutili

199 2457 303 2522 terris
325 2456 400 2519 fere
423 2456 517 2518 fame
540 2456 711 2538 perirent,
739 2467 801 2520 aut
827 2458 873 2519 ad
901 2477 1029 2538 panem
1068 2412 1070 2529 l
1109 2457 1192 2521 otio,
1216 2456 1446 2520 Subditorum
1467 2457 1710 2538 spiritualibus
1731 2456 1939 2538 indigentiis

199 2581 477 2660 comparandum
501 2589 708 2660 extremum,
732 2590 771 2643 ut
794 2581 908 2662 aiunt,
932 2601 1029 2643 num·
1068 2654 1070 2663 Ι
1110 2580 1348 2642 celebratione
1367 2598 1546 2641 sacrorum
1564 2589 1600 2642 et
1617 2580 1778 2642 doctrina
1797 2579 1940 2661 religio·

199 2723 293 2764 mum
310 2703 515 2784 expendere
531 2702 645 2764 coacti
662 2712 792 2765 essent.
816 2702 919 2765 Cavit
935 2702 1029 2765 solli·
1067 2734 1070 2797 3
1109 2701 1163 2763 nis
1194 2702 1432 2784 consulturus,
1465 2701 1499 2763 in
1528 2701 1731 2783 Eschbach,
1761 2701 1939 2779 Brenden,

200 2824 292 2887 citus
308 2824 477 2905 princeps
498 2826 564 2886 sub
586 2823 799 2906 gravissima
819 2826 961 2906 mulcta,
985 2845 1029 2887 ne
1067 2802 1070 2817 ’
1108 2824 1430 2887 Hdchenschwand
1462 2835 1497 2888 et
1523 2826 1634 2888 ibach
1664 2834 1828 2905 pastores
1857 2845 1940 2906 pro-

198 2946 322 3029 fruges
337 2945 373 3008 in
389 2947 465 3008 solo
478 2945 646 3008 Blasiano
663 2956 768 3008 natae
784 2947 1027 3028 eveherentur,
1109 2947 1216 3030 prios,
1228 2950 1403 3031 parochos
1415 2949 1547 3030 quippe
1564 2947 1725 3028 instituit,
1743 2947 1803 3028 qui
1819 2947 1854 3008 in
1870 2946 1940 3009 illis

201 3077 262 3131 aut
274 3053 574 3148 iisvenderentur,
590 3068 649 3149 qui
664 3077 801 3130 tantum
813 3069 927 3150 turpis
941 3069 1029 3132 lucri
1109 3073 1214 3155 pagis
1244 3072 1463 3154 residebant,
1499 3092 1604 3135 curae
1639 3071 1833 3133 animarum
1870 3071 1940 3133 sibi

201 3190 319 3274 gratia
327 3200 458 3273 emunt,
472 3200 511 3253 ut
524 3210 629 3271 quam
644 3191 794 3272 plurimo
806 3191 934 3254 iterum
945 3212 1030 3254 ven·
1110 3193 1375 3256 commissarum
1396 3202 1581 3267 vacantes3
1605 3193 1640 3254 in
1661 3193 1855 3274 Albbrugg
1879 3213 1940 3254 au-

201 3315 288 3376 dant
318 3313 464 3394 insuper
493 3312 616 3375 habita
643 3313 787 3394 publica
817 3313 1029 3378 calamitate.
1110 3327 1181 3379 tem
1198 3317 1366 3379 sacellum
1383 3317 1538 3398 amplum
1560 3326 1596 3378 et
1617 3316 1783 3378 decorum
1800 3326 1939 3377 exstru-

201 3434 279 3516 Quo
299 3435 433 3498 factum
456 3445 520 3516 est,
547 3444 585 3497 ut
606 3435 740 3498 subditi
760 3434 883 3518 fruges
906 3436 1031 3499 minori
1110 3439 1164 3501 xit
1179 3437 1215 3500 in
1231 3439 1383 3521 gratiam
1401 3437 1566 3520 opificum
1579 3437 1742 3500 officinae
1758 3436 1939 3518 ferrariae,

201 3557 317 3640 pretio
333 3560 465 3620 habere
481 3568 639 3639 possent,
664 3568 700 3621 et
720 3559 939 3640 pauperibus
959 3569 1031 3623 tur·
1111 3570 1147 3623 et
1169 3561 1205 3622 in
1228 3560 1392 3642 proxima
1418 3560 1586 3641 parochia
1610 3559 1831 3642 Tongerensi
1858 3578 1939 3640 pro-

200 3681 322 3744 matim
345 3679 603 3744 confluentibus
628 3682 855 3765 eleemosyna
878 3702 947 3745 non
971 3684 1031 3744 de·
1070 3758 1072 3767 Ι
1111 3683 1225 3763 prium
1249 3682 1418 3745 vicarium
1442 3681 1578 3744 institui
1601 3681 1701 3762 fecit,
1726 3681 1785 3762 qui
1809 3681 1843 3742 in
1870 3681 1939 3743 isto

203 3813 309 3866 esset.
343 3803 410 3865 His
437 3803 587 3884 aliisque
614 3803 816 3887 beneficiiS,
848 3806 954 3868 etiam
986 3826 1029 3868 ex
1069 3786 1072 3909 l
1111 3805 1242 3867 sacello
1259 3824 1361 3866 sacra
1377 3804 1521 3886 faceret,
1539 3816 1575 3866 et
1591 3823 1713 3866 omnes
1734 3813 1856 3884 partes
1878 3824 1940 3885 pa-

202 3925 339 3988 aerario
357 3945 383 3986 s.
401 3925 511 3988 Blasii
531 3926 630 4009 large
652 3927 688 3989 in
704 3927 866 3990 subditos
883 3928 1032 3990 delectis
1070 3914 1072 3997 l
1112 3927 1219 3989 storis
1235 3927 1428 3990 sustineret
1445 3927 1479 3988 in
1496 3926 1687 4008 operarios.

203 4060 239 4111 et
262 4048 394 4111 domini
418 4068 482 4110 seu
502 4049 659 4131 regentis
683 4048 838 4112 officium
861 4050 1031 4133 implevit,
1198 4051 1453 4113 Monasterium
1474 4051 1675 4112 monialium
1692 4070 1723 4113 o.
1740 4069 1767 4111 s.
1785 4050 1826 4112 B.
1843 4069 1864 4110 a
1880 4069 1941 4111 ve·

203 4180 239 4232 et
258 4170 371 4252 patris
392 4170 558 4233 affectum
580 4173 721 4234 abunde
743 4173 1033 4236 commonstravit
1070 4176 1072 4277 l
1112 4172 1261 4234 nerabili
1285 4173 1417 4235 abbate
1439 4171 1604 4235 Rusteno
1630 4173 1664 4234 in
1688 4181 1807 4234 monte
1831 4172 1942 4234 Bero-

203 4293 358 4375 optimus
374 4294 550 4376 princeps
1070 4364 1072 4399 Ι
1112 4295 1225 4357 viensi
1247 4294 1449 4367 fundatum,
1476 4296 1558 4357 inde
1585 4298 1630 4356 ab
1658 4294 1794 4376 origine
1823 4297 1946 4375 quoad

230 4411 235 4422 “
290 4414 440 4497 Semper
471 4435 604 4478 memor
634 4415 830 4479 officiorum
861 4418 1032 4501 principis
1070 4474 1072 4521 ,
1111 4419 1311 4499 spiritualia
1328 4428 1364 4480 et
1380 4419 1590 4500 temporalia
1610 4419 1802 4481 abbatibus
1818 4438 1845 4479 s.
1859 4418 1942 4479 Bla-

203 4556 267 4599 seu
278 4537 448 4619 regentis,
461 4537 566 4600 etiam
579 4538 719 4620 legibus
732 4539 892 4620 intendit,
902 4549 941 4602 ut
950 4542 1032 4602 sub·
1070 4534 1072 4611 J
1112 4540 1154 4602 sii
1171 4550 1248 4603 erat
1261 4541 1469 4623 subiectum,
1487 4560 1679 4622 eorumque
1691 4538 1941 4619 munificentia,
2018 4541 2022 4547 ’

204 4659 269 4721 diti
285 4659 441 4740 supremi
462 4659 593 4722 domini
613 4660 713 4742 leges
732 4662 974 4743 observarent,
997 4671 1033 4724 et
1070 4647 1072 4713 l
1112 4663 1230 4725 sexies
1246 4664 1329 4746 igne
1347 4674 1578 4745 consumtum,
1599 4663 1780 4745 pulchrius
1800 4682 1943 4744 semper

203 4781 314 4844 vitam
331 4785 504 4863 degerent
520 4781 712 4845 christiano
726 4784 865 4846 nomine
877 4785 1031 4867 dignam.
1114 4795 1149 4848 et
1165 4787 1284 4867 aptius
1300 4787 1511 4850 restitutum.
1535 4787 1623 4848 Post
1639 4786 1773 4848 obitum
1789 4804 1942 4868 praepo-

205 4902 292 4965 Cum
318 4914 537 4984 compertum
562 4906 721 4988 haberet,
745 4906 833 4970 vitia
858 4908 974 4971 carnis
998 4918 1034 4971 et
1071 4892 1073 5029 l
1113 4908 1203 4970 sitae
1219 4906 1399 4970 Victoriae
1421 4907 1560 4989 Meyer,
1585 4928 1677 4989 quae
1699 4907 1870 4969 moniales
1891 4907 1942 4968 ni-

205 5026 395 5105 pessimam
419 5027 556 5090 iurandi
580 5037 616 5091 et
638 5028 823 5110 peierandi
846 5041 1032 5093 consuetu·
1071 5032 1073 5073 Ι
1112 5030 1219 5092 mium
1235 5039 1405 5111 quantum
1425 5040 1585 5111 auxerat,
1610 5029 1745 5092 reditus
1769 5029 1942 5109 coenobii,

206 5148 324 5211 dinem
348 5149 439 5212 inter
455 5151 617 5213 subditos
633 5151 805 5234 grassari,
827 5153 872 5214 ad
889 5172 932 5215 ea
947 5155 1033 5216 abo·
1112 5172 1291 5234 nunquam
1309 5153 1455 5235 copiosi,
1472 5162 1572 5216 tanto
1581 5173 1726 5215 numero
1738 5151 1942 5215 monialium

109 5295 114 5303 ·
205 5270 311 5333 lenda
332 5291 477 5334 severas
501 5274 604 5355 leges
627 5294 706 5337 cum
733 5275 872 5337 mulctis
892 5284 929 5337 et
949 5295 1033 5356 poe·
1113 5275 1175 5336 vix
1190 5273 1372 5337 suffecturi
1388 5278 1638 5349 credebantur;
1661 5285 1697 5338 at
1718 5276 1831 5338 abbas
1847 5273 1942 5336 Mar·

206 5391 259 5453 nis
281 5394 523 5474 corporalibus
548 5404 609 5457 aut
629 5396 737 5458 etiam
757 5396 876 5458 sanxit
896 5392 1031 5459 exsilio.
1112 5395 1207 5459 tinus
1222 5417 1287 5480 pro
1297 5417 1362 5461 sua
1375 5398 1410 5460 in
1422 5397 1513 5460 filias
1527 5399 1713 5462 clementia
1726 5396 1941 5481 periclitanti
