4178 6196
914 464 1170 536 -47-

170 649 312 712 vinculo
336 648 389 712 ita
410 649 603 713 constricta
620 661 717 733 sunt,
740 663 779 713 ut
799 670 865 714 nec
882 669 1000 714 emere
1038 651 1043 705 l
1081 672 1162 715 vum
1189 654 1236 715 ad
1262 652 1523 735 impetrandam
1549 653 1819 738 praepositurae
1847 657 1910 720 ab·

170 792 235 835 nec
255 773 413 835 vendere
434 772 627 854 quidquam
647 793 692 836 ex
711 773 912 836 substantia
928 792 1000 836 mo·

170 892 317 956 nasterii
340 893 417 956 sine
441 893 584 957 licentia
608 894 710 957 aulae
733 895 856 978 regiae
886 895 1001 978 possi·

171 1036 259 1080 mus,
282 1016 418 1078 Eodem
439 1035 532 1116 aquo
554 1036 666 1098 parva
691 1017 806 1079 culina
830 1027 867 1080 et
888 1016 1001 1080 refec-

170 1138 299 1201 torium
326 1136 479 1201 hiemale
505 1137 541 1200 in
564 1139 699 1200 ambitu
727 1149 923 1201 conventus
950 1139 1001 1202 in·

171 1259 291 1323 feriori
301 1271 531 1324 exstruuntur
543 1271 579 1324 et
591 1261 741 1342 paludes
749 1261 1001 1324 monasterium

172 1382 435 1445 circumdantes
458 1383 699 1456 exsiccantur;
723 1383 808 1445 villa
828 1383 863 1444 in
887 1383 1001 1446 Piibi-

172 1503 285 1567 slavic
300 1504 336 1568 in
352 1515 434 1567 octo
450 1505 620 1586 aequales
636 1515 757 1586 partes
780 1504 1002 1568 distribuitur

171 1636 209 1689 et
221 1628 289 1689 sub
301 1626 441 1688 nomine
456 1623 744 1707 ,Othmarsdorf“
761 1626 865 1688 novis
877 1625 1002 1689 incolis

172 1748 342 1811 elocatur.
356 1745 529 1829 Sequenti
543 1746 695 1809 ecclesia
707 1747 1001 1810 Domasoviensis

170 1878 350 1951 reparata,
369 1869 494 1931 hortus
515 1868 695 1949 spatiosus
716 1888 828 1950 penes
849 1869 1002 1951 capella·

171 1991 266 2053 niam
282 1989 414 2054 ibidem
430 1993 627 2073 plantatus;
654 1995 701 2053 18.
719 1990 814 2072 Aug.
836 1994 916 2069 1789
933 1990 1003 2072 pri·

171 2132 252 2176 mae
267 2112 383 2175 noctis
399 2112 541 2176 silentio
556 2132 724 2195 magnum
740 2111 872 2175 furtum
892 2112 927 2174 in
948 2130 1003 2174 sa·

172 2235 287 2298 erario
306 2235 549 2297 monasteriali
569 2244 759 2316 patratum.
791 2234 897 2296 Anno
922 2252 1003 2313 1790

172 2356 258 2418 villa
276 2358 351 2437 (seu
368 2356 489 2435 curtis)
502 2355 758 2435 Holasicensis,
771 2375 863 2437 quae
876 2356 1002 2417 hucus-

172 2498 242 2560 que
258 2478 295 2540 in
310 2477 428 2540 medio
441 2496 536 2559 pago
549 2478 618 2539 sita
631 2487 718 2558 erat,
734 2477 770 2539 in
782 2479 861 2540 loco
874 2476 1001 2558 altiori,

173 2610 212 2662 ut
223 2620 316 2662 nunc
330 2609 395 2680 est,
412 2608 449 2661 et
464 2597 499 2660 in
511 2597 590 2680 ripa
602 2597 755 2661 fluminis
768 2610 871 2661 extra
883 2618 1002 2660 mona·

173 2721 320 2784 sterium
344 2720 584 2783 habitaculum
612 2720 758 2803 pistoris
784 2719 1001 2784 aedificatur.

171 2841 414 2924 Quadriennio
440 2852 523 2924 post
549 2842 777 2924 praepositus
800 2840 1002 2922 Othmarus,

171 2964 233 3047 qui
253 2965 289 3028 in
312 2964 484 3047 „dietam“
502 2965 638 3028 electus
659 2964 807 3027 multum
832 2963 1006 3049 temporis·

172 3087 301 3150 iterata
309 3084 556 3149 viceViennae
566 3086 859 3167 commorabatur,
872 3105 1002 3147 novum

171 3209 336 3270 horreum
351 3205 388 3269 in
405 3205 494 3270 curti
508 3206 745 3291 ,Raihradic“
762 3205 949 3288 exstruxit,
967 3215 1003 3269 et

178 3333 258 3408 1796
289 3347 382 3391 nova
412 3329 635 3391 incommoda
662 3328 877 3411 deploravit,
909 3347 1001 3409 quae

173 3470 283 3513 saeva
310 3462 508 3533 tempestas
535 3471 615 3514 cum
646 3451 819 3534 grandine
846 3449 880 3512 in
907 3448 1001 3512 festo

174 3572 333 3654 corporis
364 3570 495 3634 Christi
527 3578 576 3635 26.
608 3572 694 3635 Maii
726 3572 820 3635 circa
850 3571 1002 3634 mediam

172 3705 313 3756 noctem
336 3693 513 3757 territorio
537 3704 659 3756 nostro
679 3692 935 3776 Raigradiensi
951 3694 1003 3756 in-

172 3815 264 3880 tulit.
289 3814 425 3879 Seriem
443 3815 694 3896 calamitatum,
713 3835 757 3878 ne
775 3816 906 3878 multus
926 3815 1002 3897 sim,

173 3937 439 4000 iucundioribus
455 3937 618 3999 claudam
631 3939 747 4019 rebuS,
765 3957 856 4018 quae
874 3957 952 4016 1797
967 3949 1003 4000 et

179 4063 258 4122 1803
280 4059 496 4142 obtigerunt,
518 4078 666 4140 quorum
687 4058 796 4141 priori
812 4056 1003 4122 Othmarus

176 4181 402 4264 praepositus
426 4191 509 4263 post
531 4200 643 4243 annos
668 4181 926 4264 quinquaginta
950 4200 1004 4242 se-

176 4304 326 4367 cundam
343 4323 442 4365 suam
459 4300 576 4365 emisit
595 4301 863 4384 professionem,
885 4312 1004 4384 poste-

173 4425 257 4488 riori
272 4444 359 4488 vero
375 4426 542 4487 sacerdos
557 4424 727 4486 iubilatus
744 4425 790 4485 ad
805 4424 917 4486 altare
935 4434 1004 4485 ste·

175 4547 227 4610 tit.
243 4545 464 4628 Irruptiones
480 4543 820 4608 Franco-Gallorum
836 4545 871 4608 in
887 4544 1005 4607 Mora-

176 4668 268 4730 viam
300 4667 403 4730 annis
439 4671 534 4749 1801,
570 4669 649 4729 1805
682 4677 718 4729 et
750 4670 843 4748 1809,
877 4666 1005 4749 quibus

175 4790 346 4853 immensa
378 4790 506 4852 damna
537 4788 753 4852 monasterio
785 4799 866 4851 sunt
896 4788 1005 4868 illata,

175 4931 394 4993 quorumque
408 4921 595 4993 computus
611 4911 657 4972 ad
671 4914 787 4989 66986
797 4908 831 4974 fl.
841 4909 1006 4973 aestima-

173 5045 246 5103 tur,
269 5053 335 5096 nec
360 5051 431 5095 non
453 5032 550 5096 iussa
575 5043 660 5095 tunc
684 5034 729 5094 ad
750 5033 1006 5095 sublevandam

174 5155 258 5220 belli
278 5157 408 5219 molem
429 5155 567 5238 patriae
588 5154 758 5218 devoveri
781 5165 889 5235 atque
912 5153 1005 5216 tradi

175 5277 341 5341 utensilia
357 5288 538 5360 argentea,
561 5276 691 5359 quibus
708 5276 949 5339 dissensiones
969 5275 1005 5338 in

173 5398 310 5484 gremio
326 5397 475 5462 fratrum
490 5399 675 5480 accedunt,
693 5418 813 5462 senem
830 5398 1004 5482 grandae-

1081 774 1293 837 dicationem
1325 776 1565 857 adduxerunt,
1598 797 1704 858 quam
1734 797 1829 840 mors
1859 777 1911 840 in·

1081 897 1274 959 exorabilis
1306 902 1352 962 13.
1377 897 1452 961 11111.
1480 917 1572 960 anno
1603 902 1682 961 1812
1711 900 1910 982 praevenit,

1081 1036 1173 1097 quae
1194 1015 1403 1080 Othmarum
1423 1018 1537 1081 virum
1561 1019 1717 1101 optimae
1738 1019 1869 1083 indolis
1890 1040 1910 1082 e

1080 1139 1297 1201 tumultuosa
1313 1140 1379 1202 hac
1395 1138 1470 1202 vita
1486 1141 1532 1202 ad
1545 1140 1704 1222 requiem
1720 1152 1911 1224 praeopta-

1080 1271 1153 1321 tam
1162 1261 1321 1322 traduxit
1330 1271 1522 1326 aeternam.
1539 1259 1615 1325 Sub
1623 1259 1795 1325 Othmaro
1808 1282 1911 1344 prae-

1081 1380 1199 1463 posito
1221 1403 1259 1461 24
1277 1381 1406 1445 fratres
1425 1382 1683 1466 professionem
1702 1385 1909 1447 sollemnem

1082 1515 1118 1567 et
1136 1526 1151 1566 2
1172 1505 1355 1568 iubilatam
1371 1505 1572 1569 emiserunt.

1169 1642 1295 1708 Series·
1309 1663 1456 1727 operum
1477 1645 1632 1709 omnium
1653 1643 1807 1709 Conradi
1823 1643 1912 1709 Oth-

1082 1766 1170 1828 mari
1197 1765 1471 1849 Raigradiensis
1498 1777 1573 1829 tum
1599 1765 1697 1850 typis
1725 1767 1909 1848 editorum,

1082 1899 1157 1950 tum
1173 1887 1507 1970 manuscriptorum:

1294 2061 1330 2143 a)
1347 2060 1461 2143 Typis
1476 2061 1693 2142 prodierunt.

1168 2204 1192 2260 I.
1214 2203 1409 2260 Assertiones
1425 2204 1617 2280 theologicae
1632 2205 1913 2281 speculativo-dog·

1082 2309 1210 2364 maticae
1226 2307 1263 2364 de
1279 2311 1477 2366 sacramentis
1489 2311 1518 2364 in
1530 2328 1644 2384 genere
1657 2323 1687 2366 et
1700 2310 1737 2366 de
1749 2310 1912 2386 baptism0‚

1083 2411 1310 2468 confirmatione
1334 2426 1364 2468 et
1387 2413 1568 2469 eucharistia
1595 2415 1624 2469 in
1648 2415 1750 2489 specie
1772 2448 1815 2455 —
1838 2433 1914 2489 quas

1082 2517 1222 2593 praeside
1239 2517 1391 2573 Richardo
1404 2516 1544 2591 Schalier
1559 2517 1763 2575 defendendas
1780 2521 1916 2595 suscepit

1083 2619 1201 2700 OthssC.
1217 2636 1266 2694 25.
1281 2620 1359 2695 Aug.
1378 2635 1468 2694 1751,
1484 2655 1527 2662 —
1543 2621 1600 2679 sub
1612 2622 1665 2678 Bn.
1687 2621 1798 2697 13699.
1816 2623 1915 2699 Typis

1083 2725 1199 2780 Brunae
1216 2725 1265 2781 W.
1283 2725 1437 2782 Linhardt.
1459 2738 1549 2798 1751.
1572 2732 1616 2798 4⁰.
1638 2724 1724 2783 8101.
1746 2726 1802 2783 sub
1819 2728 1851 2783 Β.
1875 2728 1912 2783 Il.

1083 2827 1102 2886 1.
1119 2843 1170 2901 57.
1193 2844 1217 2885 1.
1235 2829 1308 2886 bibl.

1169 2951 1206 3006 II.
1231 2951 1320 3007 Item:
1348 2949 1567 3007 Conclusiones
1593 2950 1914 3026 theologico-schola-

1082 3054 1366 3129 stico-dogmaticae
1379 3074 1416 3110 ex
1434 3069 1458 3110 1.
1473 3054 1624 3111 secundae
1637 3075 1661 3111 s.
1674 3055 1810 3112 Thomae
1819 3055 1914 3132 Aqui-

1082 3161 1169 3226 natis‚
1194 3177 1270 3234 quas
1291 3157 1496 3215 defendendas
1517 3161 1652 3235 suscepit
1673 3159 1773 3216 Othm.
1791 3160 1914 3217 Conrad

1082 3277 1134 3335 51.
1147 3261 1225 3337 Aug.
1248 3275 1325 3336 1752
1344 3262 1484 3338 praeside
1501 3262 1599 3320 Rubin
1617 3264 1767 3332 Bennone‚
1785 3263 1913 3322 sub·Bn.

1087 3380 1198 3441 15705.
1224 3367 1253 3422 T
1254 3370 1321 3442 ypis
1345 3368 1462 3423 Brunae
1487 3367 1536 3424 W.
1561 3368 1718 3424 Linhardt.
1749 3381 1839 3442 1751.
1868 3376 1913 3442 4⁰.

1083 3469 1170 3530 8101.
1188 3470 1244 3528 sub
1260 3471 1292 3526 B.
1311 3471 1347 3526 Il.
1366 3470 1384 3526 1.
1402 3485 1454 3544 57.
1471 3473 1526 3528 Νο.
1543 3486 1561 3543 5
1580 3470 1652 3529 bibl.

1169 3593 1221 3649 111.
1253 3594 1424 3649 Positiones
1455 3593 1845 3669 theologico-dogmaticae
1873 3595 1911 3652 de

1082 3701 1182 3772 gratia
1197 3696 1357 3754 salvatoris
1374 3716 1505 3754 necnon
1522 3698 1559 3754 de
1576 3700 1781 3755 incarnatione
1798 3701 1913 3773 magnis

1084 3800 1242 3858 coelitibus
1259 3801 1503 3877 martyribusque
1519 3803 1638 3859 invictis
1650 3822 1675 3859 s.
1690 3802 1868 3859 Defendenti
1886 3817 1916 3859 et

1084 3906 1271 3963 Felicissimo
1286 3904 1382 3962 —ab
1403 3906 1534 3981 indignis
1555 3906 1718 3963 eorundem
1740 3908 1914 3963 exuviarum

1084 4009 1250 4066 cultoribus
1263 4009 1390 4076 dicatae,
1405 4010 1562 4066 dedicatae
1575 4023 1605 4066 et
1618 4025 1815 4068 consecratae
1823 4025 1915 4086 atque

1084 4118 1112 4171 in
1128 4115 1296 4190 principum
1312 4114 1521 4190 apostolorum
1533 4114 1660 4172 basilica
1671 4116 1869 4190 antiquissimi
1886 4117 1915 4171 in

1084 4219 1288 4275 marchionatu
1313 4219 1466 4275 Moraviae
1491 4218 1577 4276 liberi
1602 4231 1633 4274 et
1656 4221 1786 4294 exempti
1812 4238 1915 4275 mona·

1084 4324 1167 4379 sterii
1190 4322 1416 4397 Raigradiensis
1436 4341 1465 4378 0.
1488 4341 1511 4379 s.
1530 4323 1562 4378 B.
1585 4340 1641 4398 pro
1662 4340 1760 4378 annua
1781 4323 1915 4398 disputa·

1085 4429 1167 4483 tione
1183 4429 1341 4503 expositae
1357 4445 1438 4483 a...
1456 4445 1492 4482 er
1508 4424 1763 4502 praelectionibus
1780 4427 1914 4482 Othmari

1085 4551 1109 4587 s·
1124 4532 1297 4605 theologiae
1309 4530 1503 4606 professoris.
1517 4530 1605 4587 Anno
1622 4527 1703 4604 1760
1715 4530 1764 4586 die
1777 4528 1827 4586 26.
1836 4529 1914 4605 Aug.

1085 4637 1167 4692 horis
1188 4635 1440 4692 antemeridianis.
1467 4636 1585 4692 Brunae
1609 4637 1689 4711 typis
1711 4635 1818 4690 Eman.
1836 4632 1914 4690 810-

1084 4739 1175 4797 boda.
1193 4756 1212 4813 4
1230 4739 1279 4795 101.
1297 4745 1340 4811 4⁰.
1359 4739 1415 4796 sub
1432 4740 1485 4796 Bn.
1507 4736 1619 4813 13697.
1636 4736 1721 4812 Sign.
1735 4738 1767 4794 B.
1785 4738 1822 4794 ll.
1840 4737 1859 4793 1.
1873 4751 1913 4810 57

1085 4844 1288 4902 bibliothecae
1305 4857 1437 4900 nostrae.

1346 5013 1379 5096 b)
1396 5010 1652 5093 Manuscripta.

1159 5157 1182 5213 l.
1204 5157 1237 5228 In
1253 5155 1437 5213 bibliotheca
1453 5154 1651 5231 Raigradensi
1667 5153 1841 5212 adservata:

1173 5296 1196 5352 l.
1213 5295 1377 5352 Tractatus
1397 5295 1620 5371 metaphysicus
1640 5308 1916 5372 outo-pneumato-

1085 5398 1202 5474 logicus
1222 5413 1368 5477 exceptus
1389 5417 1407 5455 a
1428 5399 1518 5456 theol.
1535 5399 1673 5458 studioso
1689 5418 1768 5457 anno
1789 5396 1869 5473 1746
1886 5413 1916 5456 et
