4178 6196
898 389 1180 457 -410-

171 572 357 654 pristinum
369 570 483 634 rediit.
514 575 680 650 1864—79
698 573 805 634 etiam
822 572 1000 635 convictui
1038 562 1042 653 Ι
1085 571 1238 634 11:Nov.
1261 576 1339 650 1814
1357 593 1422 635 nec
1439 593 1508 636 non
1529 574 1695 637 dimissus
1709 575 1842 638 litteris
1860 596 1914 638 ar-

172 694 327 777 praefuit
356 695 460 775 eique
489 694 662 756 industria
689 705 725 756 et
754 695 912 775 sollertia
936 715 1000 757 sua
1038 658 1041 803 Ι
1081 693 1563 775 chiepiscopiOlomucensis
1587 717 1633 758 ex
1655 697 1813 761 dioecesi
1835 717 1914 780 pro-

171 837 338 898 magnum
355 817 611 878 incrementum
623 836 860 898 magnamque
878 818 999 880 existi·
1039 806 1041 919 Ι
1081 816 1168 897 pria,
1185 826 1322 878 vestem
1339 817 1758 899 religiosamemanibus
1771 818 1914 883 abbatis

171 939 361 1001 mationem
375 939 605 1020 comparavit.
630 939 707 1000 Hoc
723 959 867 1001 munere
884 959 922 1002 se
940 943 1001 1001 ab·
1039 936 1042 1053 Ι
1081 937 1190 999 nostri
1222 939 1416 1020 Augustini
1448 940 1588 1023 accepit
1623 939 1788 1003 Calendis
1823 941 1911 1004 Nov.

171 1061 291 1123 dicare
308 1072 453 1122 coactus
466 1071 530 1141 est,
548 1080 626 1122 cum
644 1065 724 1139 1879
737 1062 952 1123 camerarius
966 1071 1001 1123 01
1040 1082 1043 1237 Ι
1086 1065 1165 1136 1814
1183 1069 1219 1121 et
1234 1059 1359 1122 Victor
1375 1071 1524 1123 vocatus
1541 1062 1631 1124 duce
1647 1063 1687 1126 P.
1702 1061 1837 1144 Cyrillo
1853 1082 1912 1125 no-

172 1182 362 1245 testiarius
377 1181 495 1244 factus
512 1191 617 1244 esset.
643 1180 810 1263 Scripsit:
1080 1181 1226 1243 vitiatus
1247 1202 1376 1244 annum
1399 1183 1536 1245 cunctis
1556 1184 1843 1266 approbantibus
1862 1185 1912 1247 sic

259 1310 281 1364 Ι.
305 1308 521 1384 Compendium
543 1308 596 1364 der
613 1307 796 1364 Geschichte
818 1308 871 1363 der
886 1308 1001 1363 Mathe·
1081 1303 1272 1385 transegit,
1298 1313 1336 1366 ut
1360 1305 1428 1367 iam
1454 1310 1503 1369 28.
1525 1305 1603 1369 Oct.
1630 1310 1707 1369 1815
1736 1304 1808 1369 11110
1832 1308 1913 1370 tiro·

172 1414 265 1470 maist<
281 1413 329 1470 bei
347 1413 404 1468 den
421 1412 572 1469 Griechen
590 1413 648 1468 und
666 1413 806 1468 R‘imesss·
825 1408 853 1489 V·
869 1430 894 1468 θ·
912 1413 1001 1467 0⁰³¹·
1040 1456 1043 1461 ¹
1082 1425 1174 1487 cinio
1204 1425 1370 1506 imposito
1401 1428 1594 1490 interiectis
1625 1428 1750 1509 paucis
1787 1430 1913 1492 diebus

172 1519 311 1594 pendium
325 1519 469 1574 historiae
482 1518 709 1573 mathematicae
726 1516 803 1592 apud
818 1517 955 1573 Graecos
973 1530 1002 1572 et
1040 1492 1043 1603 Ι
1083 1545 1310 1629 Olomutium,
1323 1550 1486 1631 sequenti
1499 1570 1591 1613 anno
1601 1551 1768 1632 Brunam'
1781 1554 1829 1615 ad
1842 1564 1913 1615 stu·

173 1622 556 1800 ΞίἶΞΞΞΞΙῙΞΙΞΨΜΜ
567 1640 646 1711 ca‘es'
657 1641 720 1695 reg.
736 1640 871 1696 gymnas.
883 1620 1001 1677 Seiten-
1083 1669 1141 1729 dia
1154 1669 1358 1751 theologica
1372 1672 1579 1735 mitteretur.
1598 1673 1828 1736 Professores
1839 1675 1913 1737 eius

259 1833 297 1888 II.
315 1832 532 1907 Compendium
550 1829 1002 1886 derGeschichtedcrhlathe-
1084 1789 1343 1874 Sondermann,
1369 1793 1584 1875 POWstssdsa,
1614 1794 1780 1878 schiller,
1810 1794 1913 1877 Gold,

173 1936 265 1993 matik
282 1938 319 1992 im
337 1934 589 1997 hlittelalterund
612 1934 666 1990 der
682 1953 812 1990 neueren
829 1935 903 1990 Zeit.
927 1931 956 2011 Ι1.
976 1954 1002 1990 e.
1041 1965 1044 2042 Ι
1083 1911 1250 1974 Wiesnef
1277 1924 1343 1976 etc·
1376 1915 1503 1978 litteris
1539 1916 1838 1980 iestimffllialibus
1870 1920 1914 1980 ab

173 2041 391 2117 Compendium
412 2040 555 2096 historiae
573 2038 801 2094 mathematicae
818 2040 925 2094 aetatis
942 2056 1003 2093 me·
1041 2058 1043 2065 ·
1083 2053 1175 2096 anno
1197 2037 1363 2115 1816—19
1385 2037 1479 2098 datis
1500 2038 1711 2100 unanimiter
1727 2047 1913 2121 testantur,

174 2144 241 2201 diae
258 2159 287 2201 <³1
304 2142 504 2220 recentioris.)
522 2143 595 2199 lbid.
618 2142 695 2216 Ι875
715 2158 745 2199 et
765 2141 854 2215 ¹87⁶·
1083 2156 1247 2218 clericum
1263 2157 1562 2240 Raigradiensem
1576 2160 1759 2223 Victorem
1775 2159 1915 2224 Schlos·

263 2272 484 2345 Schlossar
516 2282 667 2345 Victor
703 2282 1003 2365 (Raigradien-
1041 2274 1043 2365 Ι
1084 2299 1141 2340 sar
1171 2299 1307 2341 summo
1334 2281 1451 2342 studio
1477 2281 1673 2362 disciplinis
1703 2284 1915 2366 theologicis

175 2401 259 2481 sis).
289 2400 395 2462 Anno
417 2405 495 2478 1793
515 2420 565 2462 20.
582 2400 654 2462 Ian.
674 2400 708 2461 in
726 2399 878 2462 ecclesia
900 2419 1003 2481 paro·
1041 2376 1044 2499 Ι
1083 2399 1285 2462 incubuisse
1295 2412 1403 2481 atque
1414 2422 1479 2483 pro
1491 2403 1821 2487 dignitatevixisse,
1832 2426 1916 2488 quo·

176 2523 280 2584 chiali
296 2521 556 2584 Drahotusensi
573 2521 608 2583 in
624 2521 785 2584 Moravia
807 2523 853 2584 ad
870 2541 896 2583 s.
913 2522 1004 2584 Lau·
1041 2538 1044 2555 ¹
1083 2540 1158 2583 rum
1181 2522 1382 2585 testimonio
1406 2523 1517 2587 fretus
1540 2544 1676 2587 summo
1699 2526 1834 2609 gaudio
1855 2530 1915 2590 ab

174 2644 1004 2708 rentiumritusollemnimatrimoniuminierunt
1042 2562 1045 2705 Ι
1083 2642 1914 2724 basAugustinusaffectusVictoremCalNov.

175 2768 353 2830 Antonius
374 2766 467 2829 filius
489 2767 632 2829 Ioannis
654 2767 833 2849 agricolae
849 2767 1004 2829 Klocks-
1042 2710 1046 2863 Ι
1090 2769 1167 2842 1817
1192 2765 1237 2826 ad
1254 2784 1390 2826 sacram
1408 2766 1667 2846 professionem
1684 2769 1916 2832 emittendam

176 2890 351 2953 doriensis
380 2901 416 2952 et
443 2890 604 2952 Barbara
631 2888 704 2951 filia
731 2889 876 2950 Martini
904 2888 1004 2950 Czer-
1043 2902 1046 2960 Ι
1086 2886 1244 2949 decrevit
1261 2907 1411 2968 eumque
1432 2909 1526 2951 anno
1547 2901 1629 2970 post
1651 2901 1796 2953 tonsura
1818 2893 1915 2955 cleri-

176 3013 303 3093 nocky,
322 3031 391 3093 quo
409 3031 454 3073 ex
471 3009 694 3073 matrimonio
711 3021 918 3092 procreatus
935 3010 1005 3090 pri·
1043 3010 1045 3057 1
1086 3008 1152 3069 cali
1170 3018 1205 3070 et
1222 3019 1373 3089 quatuor
1393 3009 1576 3073 ordinibus
1598 3012 1791 3075 minoribus
1808 3013 1916 3096 insig-

175 3133 378 3214 mogenitus
391 3152 483 3194 anno
502 3138 591 3213 1793,
610 3136 660 3193 28.
675 3130 753 3195 Oct.
771 3151 898 3194 nomen
912 3133 1005 3194 Mar·
1043 3118 1046 3229 Ι
1086 3129 1183 3191 1111111.
1208 3130 1345 3211 Quibus
1363 3133 1489 3194 studiis
1513 3135 1723 3216 theologicis
1745 3137 1916 3198 absolutis

175 3255 269 3317 tinus
285 3255 435 3336 accepit.
460 3254 529 3335 Qui
552 3274 641 3335 puer
661 3274 754 3316 anno
775 3259 855 3332 1804
877 3254 1005 3315 missus
1044 3234 1046 3353 Ι
1085 3272 1177 3314 anno
1199 3257 1278 3331 1819
1296 3258 1325 3315 5.
1343 3253 1443 3336 Sept.
1465 3258 1511 3318 ad
1533 3276 1559 3319 s
1576 3261 1847 3340 presbyteratus
1864 3278 1916 3321 or·

175 3378 373 3458 Lipnicium
401 3377 552 3439 triennio
582 3378 715 3439 classes
739 3376 896 3439 triviales
921 3377 1005 3438 emi·
1044 3388 1047 3481 Ι
1087 3375 1203 3436 dinem
1219 3375 1345 3438 Victor
1369 3386 1490 3439 noster
1511 3398 1576 3459 per
1599 3379 1806 3461 episcopum
1829 3381 1915 3442 Bru·

176 3501 274 3563 nenti
306 3520 384 3562 cum
415 3519 608 3581 progressu
637 3499 811 3581 percurrit
838 3511 873 3562 et
901 3500 1005 3579 omni,
1045 3484 1047 3593 Ι
1086 3515 1231 3558 nensem
1259 3497 1295 3558 in
1323 3499 1476 3559 ecclesia
1504 3519 1530 3561 s.
1560 3499 1747 3562 Michaelis
1775 3501 1915 3564 Brunae

177 3641 268 3702 quae
295 3641 443 3683 necesse
472 3631 526 3683 est
553 3623 827 3703 praeparatione
850 3621 1005 3684 imbutus
1044 3620 1047 3695 Ι
1085 3616 1151 3679 1110
1169 3629 1224 3680 est
1241 3630 1422 3699 promotus
1436 3630 1471 3682 et
1484 3620 1520 3681 in
1533 3621 1649 3701 patria
1663 3640 1727 3683 sua
1739 3622 1915 3685 Drahotu·

179 3748 257 3821 1807
276 3742 512 3804 Kremsirium
529 3743 627 3805 venit
648 3745 693 3805 ad
709 3742 1005 3824 frequentandum
1044 3726 1046 3785 Ι
1086 3739 1128 3801 sii
1152 3740 1325 3821 primitias
1351 3742 1556 3805 celebravit.
1588 3741 1748 3806 Obtento
1772 3745 1916 3807 decreto

175 3864 400 3946 gymnasium
426 3875 450 3927 t.
476 3873 499 3926 t.
526 3865 666 3927 celebre
692 3866 902 3927 docentibus
925 3885 1005 3947 pro·
1044 3894 1046 3983 Ι
1085 3861 1337 3923 iurisdictionis
1359 3884 1428 3944 qua
1450 3874 1661 3944 cooperator
1677 3885 1789 3945 penes
1806 3867 1917 3929 eccle-

175 3986 370 4049 fessoribus
392 3986 524 4048 ordinis
545 3986 743 4048 scholarum
765 3986 913 4066 piarum.
942 3985 1005 4049 Se·
1044 4002 1046 4019 ¹
1087 3984 1174 4046 siam
1198 3984 1404 4066 Raigradii,
1429 4006 1521 4048 anno
1551 3991 1630 4048 1820
1653 3987 1918 4051 administrator

75 4098 77 4102 ’
176 4109 298 4189 quenti
310 4120 471 4189 tempore
485 4128 597 4189 usque
609 4110 655 4170 ad
670 4113 747 4170 1812
763 4110 910 4170 solerter
922 4128 1005 4190 ope·
1086 4107 1122 4167 in
1138 4106 1381 4186 spiritualibus
1399 4119 1434 4169 et
1451 4108 1708 4188 temporalibus
1724 4111 1917 4190 parochiae

178 4251 253 4292 ram
271 4231 417 4293 navavit
434 4230 608 4293 classibus
624 4230 950 4312 grammaticalibus
970 4239 1006 4292 et
1044 4264 1047 4341 Ι
1089 4213 1379 4310 Slappanicensis
1411 4230 1657 4293 denominatus
1687 4233 1807 4313 ibique
1836 4234 1916 4315 plus

175 4352 450 4432 humanioribus,
468 4354 652 4415 absolutus
669 4373 690 4413 a
706 4371 823 4413 merce
835 4371 1006 4433 praecep·
1044 4352 1047 4449 Ι
1087 4370 1156 4412 uno
1173 4371 1294 4412 mense
1308 4363 1544 4415 commoratus
1558 4364 1621 4416 est.
1639 4355 1791 4417 Domum
1804 4359 1916 4419 redux

175 4475 261 4536 toris
279 4475 325 4535 ad
341 4495 467 4556 preces
483 4474 604 4557 patris,
623 4475 682 4556 qui
700 4475 735 4536 in
748 4495 883 4536 summa
896 4494 1006 4556 penu·
1088 4494 1116 4536 2.
1133 4472 1222 4534 Nov.
1240 4472 1411 4554 magister
1427 4475 1648 4557 novitiorum,
1671 4487 1705 4539 et
1727 4496 1819 4538 anno
1836 4487 1917 4558 post

174 4597 226 4658 ria
253 4598 467 4660 constitutus
494 4617 557 4659 sex
580 4597 671 4660 filios
697 4596 921 4660 sustentandi
943 4596 1005 4658 im·
1092 4614 1137 4654 11.
1155 4593 1244 4655 Nov.
1267 4600 1342 4656 1821
1365 4596 1576 4659 secretarius
1594 4599 1626 4660 d.
1644 4597 1785 4659 abbatis
1807 4608 1842 4660 et
1864 4617 1917 4659 ar-

175 4739 297 4801 parem
321 4740 360 4782 se
385 4720 591 4784 declaravit.
615 4722 793 4783 Absoluto
817 4719 1005 4802 gymnasio
1087 4717 1263 4779 chivarius
1276 4716 1459 4780 institutus
1471 4729 1534 4781 est.
1552 4719 1622 4781 Per
1638 4719 1793 4800 quinque
1807 4739 1916 4782 annos

176 4843 278 4904 annis
303 4847 471 4921 1813-14
493 4843 754 4924 philosophiam
777 4843 813 4904 in
838 4861 1004 4904 caesareo
1086 4859 1209 4901 omnes
1243 4839 1439 4902 officiorum
1473 4842 1596 4903 horum
1636 4852 1757 4922 partes
1793 4843 1915 4904 sedulo

178 4964 278 5045 regio
295 4965 397 5046 lyceo
415 4964 641 5029 Olomucensi
658 4965 781 5026 didicit
802 4975 838 5027 et
853 4973 937 5026 tunc
954 4963 1004 5025 vi·
1086 4961 1309 5043 adimplevit,
1338 4982 1445 5042 quum
1474 4985 1502 5040 4.
1527 4962 1613 5025 Dec.
1647 4967 1725 5024 1828
1754 4964 1916 5026 absoluto

175 5084 266 5166 ginti
282 5105 394 5149 annos
411 5096 515 5149 natus
540 5089 584 5148 ad
605 5097 763 5149 nostrum
787 5086 920 5166 suscipi
944 5104 1005 5166 pe·
1086 5084 1125 5146 P.
1143 5082 1269 5145 Carolo
1292 5105 1312 5146 a
1335 5084 1559 5165 praefectura
1583 5086 1720 5148 culinae
1737 5086 1777 5149 P.
1794 5086 1916 5149 Victor

175 5205 231 5268 tiit
254 5209 515 5271 monasterium.
549 5209 707 5274 Obtenta
731 5210 885 5289 desuper
908 5227 1004 5269 more
1085 5205 1120 5267 in
1145 5205 1220 5266 eius
1248 5206 1362 5268 locum
1387 5206 1557 5269 suffectus
1580 5207 1635 5268 sit.
1660 5207 1728 5269 Die
1755 5228 1803 5284 24.
1828 5205 1915 5268 Nov.

176 5327 279 5390 solito
300 5349 321 5389 a
343 5330 517 5411 gubernio
534 5330 716 5393 Moraviae
741 5329 884 5392 licentia
908 5329 1003 5390 ddto.
1090 5331 1166 5389 1831
1192 5328 1226 5389 in
1248 5328 1441 5391 residentia
1462 5339 1583 5391 nostra
1599 5329 1774 5391 Brunensi
1796 5344 1915 5410 supre-
