4178 6196
948 436 1232 520 ..173-

216 638 380 724 genitrici
411 637 565 719 Mariae,
597 657 643 700 ss,
671 637 843 720 apostolis
870 637 980 700 Petro
1011 647 1048 700 et

214 763 328 826 Paulo
344 769 452 842 atque
468 761 575 822 beato
588 757 688 821 Patri
704 768 825 821 nostro
838 758 1046 840 Benedicto,

216 895 290 947 tum
302 903 376 946 rev.
390 883 481 946 dom.
496 881 667 946 Othmaro
680 880 804 944 abbati
819 900 898 943 meo
909 880 1047 963 totique

216 1006 383 1089 capitu10,
406 1006 501 1086 quod
518 1002 733 1067 constitutus
748 1001 784 1065 in
801 1000 919 1065 officio
935 1002 1047 1065 archi·

216 1127 307 1191 varii
321 1125 440 1190 omnia
457 1136 493 1190 et
508 1126 650 1209 singula
661 1125 696 1188 in
708 1125 853 1188 archivo
869 1135 1047 1207 contenta,

217 1250 293 1314 sive
314 1248 447 1331 scripta
468 1248 548 1329 sint,
570 1247 646 1309 sive
668 1265 725 1309 res
748 1245 840 1309 aliae
863 1245 1048 1310 cuiuscun-

217 1392 286 1454 que
303 1369 436 1452 speciei
449 1374 485 1432 et
497 1367 676 1450 momenti,
687 1366 895 1430 fidelissime
907 1387 1049 1431 conser-

216 1513 303 1557 vare
323 1493 440 1574 velim,
462 1490 547 1554 nihil
563 1490 670 1555 etiam
685 1491 880 1574 ,extradere
902 1499 963 1553 aut
987 1509 1048 1553 ex·

217 1626 379 1696 tenuare,
412 1616 597 1677 destruere
628 1622 690 1676 aut
720 1612 932 1694 abalienare,
964 1612 1050 1675 nulli

218 1738 412 1822 quidquam
443 1736 519 1799 sine
552 1754 725 1818 expressa
756 1734 949 1816 superioris
980 1735 1049 1798 mei

217 1859 363 1923 licentia
383 1856 652 1940 communicare,
673 1857 787 1920 minus
804 1857 922 1939 aliqua
937 1877 976 1920 re
991 1858 1050 1920 vel

219 1982 351 2063 scripto
383 1981 419 2043 in
450 1978 707 2061 praeiudicium
736 1978 813 2043 sive
844 1978 1050 2043 monasterii

218 2105 294 2167 sive
310 2102 463 2186 praelati
479 2102 555 2165 sive
572 2102 813 2183 cuiuscunque
833 2101 978 2165 alterius
998 2101 1049 2165 uti

219 2237 281 2290 aut
297 2224 399 2289 alteri
415 2225 584 2306 pandere.
608 2222 682 2288 Sed
702 2234 741 2287 ut
762 2224 880 2287 omnia
899 2224 935 2286 in
958 2224 1050 2305 opti·

219 2368 276 2411 mo
303 2367 368 2410 suo
394 2356 491 2410 statu
519 2355 787 2429 conserventur,
807 2346 968 2428 impense
987 2346 1049 2409 ad·

219 2471 400 2533 laborabo
429 2468 509 2531 Non
533 2487 593 2530 ero
616 2467 652 2531 in
676 2467 822 2532 consilio
849 2488 896 2537 ex
922 2468 1050 2531 notitia

220 2610 431 2674 quacunque
447 2590 591 2671 archivi,
613 2591 708 2672 quod
725 2600 821 2653 esset
837 2599 959 2654 contra
975 2610 1048 2654 mo·

218 2714 429 2795 nasterium,
458 2722 580 2776 contra
603 2713 823 2795 superiorem
846 2733 963 2777 meum
987 2723 1048 2776 aut

219 2845 342 2899 contra
373 2833 585 2926 confratrem
617 2853 872 2916 quemcunque.
905 2833 966 2899 Sic
992 2853 1048 2896 me

218 2958 318 3020 Deus
333 2957 480 3033 adiuvet
500 2966 536 3019 et
557 2957 645 3019 haec
666 2965 790 3019 sancta
805 2956 874 3019 Dei
894 2976 1049 3039 evange·

217 3077 296 3141 lia.“
314 3078 427 3141 -Ex
449 3078 549 3141 cuius
570 3077 756 3140 iuramenti
779 3087 902 3141 tenore
925 3078 1048 3160 liquet,

218 3201 373 3265 officium
390 3200 439 3264 illi
455 3200 679 3264 commissum
700 3200 775 3264 iure
796 3202 922 3263 summi
942 3200 1049 3264 aesti-

218 3335 351 3388 matum
368 3342 458 3405 esse,
471 3323 575 3386 sicuti
590 3323 786 3386 dexteritas
798 3323 936 3386 Placidi
947 3323 983 3386 in
995 3343 1050 3386 re·

218 3448 286 3509 bus
296 3446 403 3508 etiam
411 3446 514 3508 huius
523 3446 665 3529 generis
674 3446 823 3528 agendis
832 3446 910 3509 luce
923 3446 1050 3509 clarior

219 3567 350 3632 evadit.
373 3569 461 3631 Post
481 3567 783 3631 consecrationem
799 3568 971 3632 ecclesiae
988 3589 1050 3651 pa·

218 3688 383 3752 rochialis
395 3689 670 3771 Raigradiensis
683 3709 776 3752 anno
793 3708 874 3770 1770
886 3690 926 3752 Ρ.
938 3689 1050 3752 Wen·

220 3810 359 3873 ceslaus
389 3809 553 3871 Winkler
589 3810 869 3892 administrator,
906 3820 1050 3874 curatus

219 3932 297 4014 loci,
323 3950 449 3994 munus
470 3930 651 3994 abdicavit
673 3940 708 3995 et
723 3932 890 3996 Placidus
914 3932 950 3996 in
974 3932 1050 3996 eius

219 4056 336 4119 locum
367 4057 583 4137 subrogatur
613 4055 650 4117 vi
680 4056 814 4118 decreti
851 4055 1050 4120 consistorii

221 4176 467 4241 Olomucensis
495 4178 540 4240 de
568 4177 652 4240 dato
684 4182 713 4241 8.
740 4177 855 4259 Febr,
887 4178 971 4241 licet
995 4178 1050 4241 his

221 4299 347 4362 diebus
355 4298 560 4361 acutissima
573 4299 743 4362 laborarit
755 4300 928 4382 podagra.
942 4300 1050 4382 Quin·

221 4420 376 4503 quennio
404 4429 488 4501 post
517 4422 563 4483 ad
593 4420 723 4485 festum
749 4423 916 4505 ponendo
941 4420 1051 4504 lapidi

220 4541 477 4605 fundamentali
497 4543 671 4606 ecclesiae
686 4542 934 4627 Syrovicensis
949 4563 1052 4627 prae·

220 4683 303 4727 sens
323 4663 438 4728 adfuit
464 4665 528 4747 (12.
552 4666 627 4729 Iun.
658 4667 765 4748 1775);
789 4667 836 4728 ad
859 4667 1051 4728 curandam

222 4787 462 4850 valetudinem
474 4786 670 4850 Czeiczium
682 4789 728 4850 ad
740 4788 869 4850 balnea
881 4789 1050 4871 perrexit,

222 4927 269 4970 ex
285 4908 413 4990 quibus
428 4909 543 4970 redux
562 4910 727 4992 sequenti
747 4930 793 4973 ex
813 4912 935 4974 morbo
955 4911 1051 4975 nullo

222 5030 328 5092 modo
348 5031 601 5095 convalescens
623 5034 669 5095 ad
689 5032 837 5097 iteratas
858 5053 984 5116 preces
1003 5035 1050 5096 ab

223 5149 340 5214 officio
355 5154 526 5233 pastorali
546 5155 751 5238 absolvitur,
778 5165 814 5220 et
838 5176 909 5238 qua
927 5156 1051 5225 ,senior

223 5281 261 5335 et
271 5272 418 5336 fratrum
432 5275 669 5340 confessarius
683 5279 788 5360 (anno
805 5298 885 5358 1794
899 5283 949 5342 30.
960 5279 1049 5341 Nov.

223 5395 380 5458 secunda
414 5397 493 5460 vice
527 5398 723 5486 professus)
759 5401 927 5463 sacerdos
961 5399 1049 5462 iubi-

1127 640 1219 702 latus
1251 648 1370 703 aetate
1397 639 1597 721 decrepita,
1628 639 1859 722 octogenario
1886 660 1960 703 ma-

1127 761 1180 824 ior
1202 780 1406 843 supremum
1430 761 1557 825 clausit
1582 762 1676 825 diem
1698 782 1791 825 anno
1823 781 1904 843 1779
1929 767 1959 826 3.

1128 885 1240 967 April.

1213 1024 1279 1087 Vir
1306 1033 1382 1088 erat
1415 1045 1485 1088 non
1516 1024 1685 1088 mediocri
1712 1025 1873 1088 doctrina
1908 1025 1960 1088 in-

1128 1151 1293 1229 structus,
1309 1147 1362 1210 rei
1377 1147 1627 1230 diplomaticae
1643 1147 1730 1210 satis
1746 1148 1894 1231 peritus,
1908 1149 1962 1212 hi·

1128 1269 1258 1346 storiae
1278 1270 1415 1352 patriae
1435 1271 1531 1333 haud
1552 1269 1707 1353 ignarus,
1732 1270 1831 1334 cuius
1852 1272 1960 1335 docu-

1129 1363 1247 1455 me'nta
1262 1392 1407 1474 reliquit
1423 1393 1625 1474 sequentia:

1216 1539 1238 1594 l.
1256 1537 1352 1594 Gesta
1369 1539 1398 1593 in
1413 1537 1549 1595 sollemni
1566 1539 1797 1595 consecratione
1810 1538 1960 1596 ecclesiae

1128 1641 1311 1717 parochialis
1332 1644 1473 1699 semeis
1495 1662 1560 1699 cum
1582 1641 1761 1719 appendice,
1787 1643 1909 1719 quando
1929 1655 1961 1700 et

1129 1746 1283 1821 quomodo
1296 1747 1396 1803 divina
1408 1745 1517 1803 ibidem
1531 1748 1591 1803 sint
1607 1744 1798 1814 celebranda,
1815 1746 1961 1805 adnotata

1128 1869 1206 1907 anno
1224 1865 1314 1925 1770.
1340 1852 1428 1909 Fasc.
1445 1849 1541 1909 insol.
1558 1854 1623 1908 sine
1636 1870 1706 1927 pag.
1724 1854 1753 1908 in
1766 1852 1889 1910 archivo
1902 1851 1960 1910 sub

1129 1955 1162 2012 B.
1179 1956 1245 2013 Vll.
1263 1970 1292 2029 5.

1216 2078 1253 2134 ΙΙ.
1274 2078 1386 2135 Notata
1406 2079 1487 2135 circa
1503 2090 1632 2134 statuam
1648 2098 1672 2134 s.
1690 2080 1811 2136 Ioannis
1827 2081 1903 2156 Nep.
1921 2080 1960 2136 ad

1128 2180 1302 2238 fonticulum
1337 2182 1460 2239 arculae
1491 2179 1745 2239 Rebelovicensis
1780 2184 1961 2241 collocatam

1129 2288 1213 2343 annis
1234 2285 1401 2361 1771—76
1419 2299 1574 2361 congesta.
1595 2288 1620 2343 F
1621 2306 1683 2344 asc.
1702 2289 1730 2343 in
1747 2301 1789 2360 40.
1807 2291 1872 2345 sine
1889 2309 1959 2366 pag.

1129 2389 1185 2447 sub
1202 2393 1234 2447 Β.
1251 2391 1317 2448 VII.
1339 2399 1392 2448 10²
1407 2393 1531 2448 archivi.

1216 2513 1267 2569 111.
1304 2514 1440 2571 Historia
1475 2514 1638 2590 parochiae
1669 2514 1895 2590 Raigradiensis
1931 2530 1962 2574 et

1129 2618 1320 2675 miscellanea
1346 2620 1431 2675 varia
1461 2618 1518 2674 huc
1546 2620 1714 2694 spectantia
1741 2639 1758 2676 a
1786 2619 1961 2679 fundatione

1128 2725 1302 2780 monasterii
1323 2742 1419 2801 usque
1439 2721 1477 2778 ad
1493 2741 1602 2779 annum
1624 2736 1714 2797 1777.
1739 2725 1826 2781 Fasc.
1854 2727 1884 2781 in
1908 2725 1960 2783 fol.

1128 2829 1193 2885 sine
1209 2847 1278 2904 pag.
1296 2826 1352 2885 sub
1368 2829 1401 2884 B.
1418 2828 1483 2885 VII.
1506 2843 1538 2884 11
1559 2828 1682 2885 archivi.

1215 2950 1266 3007 IV.
1290 2950 1369 3007 Acta
1391 2950 1577 3026 parochialia
1601 2952 1633 3008 P.
1655 2950 1768 3009 Placidi
1792 2955 1887 3010 curati
1909 2954 1960 3009 Ni·

1127 3054 1318 3129 grosanensis
1330 3051 1617 3134 (Ostrovacicensis)
1633 3054 1672 3111 ab
1685 3075 1763 3113 anno
1781 3071 1816 3131 17
1820 3070 1959 3131 53—71.

1129 3160 1217 3216 Fasc.
1234 3161 1263 3215 in
1279 3166 1321 3232 4⁰.
1338 3161 1403 3216 sine
1419 3178 1489 3235 pag.
1505 3157 1561 3216 sub
1578 3160 1610 3215 B.
1628 3160 1679 3216 IX.
1698 3177 1716 3234 9
1733 3162 1858 3219 archivi.

1215 3283 1251 3339 V.
1268 3282 1346 3340 Acta
1362 3284 1391 3338 in
1408 3301 1498 3339 causa
1515 3285 1769 3358 praesentationis
1785 3286 1817 3341 P.
1834 3286 1859 3341 F
1862 3285 1961 3343 riede-

1129 3389 1182 3444 rici
1200 3386 1321 3444 Schmid
1338 3406 1394 3463 pro
1412 3389 1526 3443 curatia
1542 3388 1763 3463 Nigrofanensi,
1781 3408 1871 3465 quam
1888 3409 1961 3448 con-

1129 3493 1282 3549 sistorium
1302 3505 1464 3568 acceptare
1484 3493 1583 3548 renuit
1604 3490 1644 3548 ob
1661 3507 1828 3551 emanaturn
1850 3495 1961 3552 altissi-

1130 3616 1207 3653 mum
1224 3596 1377 3654 decretum
1400 3595 1437 3653 de
1458 3595 1529 3652 dato
1551 3611 1601 3652 20.
1618 3597 1705 3654 Mart.
1728 3612 1819 3671 1772,
1844 3611 1886 3665 ut,
1911 3598 1961 3656 ubi

1130 3712 1192 3757 tres
1215 3700 1254 3757 ad
1274 3702 1423 3757 minimum
1448 3700 1582 3774 religiosi
1606 3720 1666 3757 non
1689 3703 1757 3771 sint,
1782 3701 1960 3761 beneficium

1129 3805 1269 3880 regulare
1277 3804 1451 3861 conferatur
1461 3804 1685 3874 ecclesiastico;
1699 3819 1746 3862 ast
1759 3808 1816 3864 iam
1830 3823 1877 3881 15.
1889 3809 1959 3865 Maii
1984 3873 1989 3885 Ι

1094 3928 1101 3942 ·
1129 3929 1156 3966 e.
1180 3927 1229 3967 ao.
1253 3909 1418 3967 declaratio
1446 3927 1590 3966 caesarea
1618 3910 1788 3970 confusioni
1816 3915 1961 3990 imposuit

1130 4013 1217 4070 linem
1250 4027 1280 4070 et
1310 4013 1390 4071 dicta
1421 4017 1626 4091 praesentatio
1657 4019 1809 4092 acceptari
1847 4015 1960 4074 debuit.

1130 4118 1241 4174 Rerum
1264 4120 1361 4175 series
1382 4118 1535 4193 descripta
1556 4138 1635 4194 per.
1653 4161 1660 4175 .
1678 4163 1685 4176 .
1703 4163 1710 4177 .
1732 4133 1868 4178 curatum
1891 4121 1961 4177 Rai-

1130 4221 1331 4297 gradiensem.
1348 4223 1437 4279 Fasc.
1455 4224 1484 4278 in
1500 4221 1584 4291 solio,
1600 4225 1665 4281 sine
1681 4243 1752 4300 pag.
1769 4223 1826 4281 sub
1842 4226 1876 4282 B.
1890 4226 1927 4280 X.
1942 4223 1959 4281 8

1131 4326 1254 4383 archivi.

1216 4448 1267 4505 VI.
1284 4448 1444 4524 Expositio
1460 4468 1496 4506 ac
1513 4449 1666 4506 meditatio
1683 4451 1774 4526 inps.
1792 4465 1834 4524 50
1850 4451 1961 4508 Hiero·

1131 4553 1211 4627 nymi
1226 4549 1434 4610 Savonarolae
1454 4552 1491 4610 de
1507 4553 1649 4610 Ferraria
1671 4573 1708 4611 ex
1729 4554 1835 4612 Italico
1855 4557 1884 4612 in
1900 4556 1961 4612 La·

1131 4658 1224 4714 tinum
1240 4659 1393 4714 transtulit
1408 4660 1439 4715 P.
1453 4658 1496 4715 Pl.
1509 4659 1548 4715 H.
1565 4677 1644 4716 anno
1665 4659 1755 4733 1781.
1772 4661 1860 4718 Fasc.
1874 4663 1905 4718 in
1917 4666 1961 4734 4⁰.

1130 4763 1195 4818 sine
1211 4781 1283 4838 pag.
1299 4761 1356 4820 sub
1373 4763 1409 4820 E.
1427 4780 1456 4837 9.
1477 4777 1491 4836 7
1510 4765 1633 4821 archivi.

1217 4885 1282 4943 Vll.
1310 4885 1488 4943 Cantionale
1512 4888 1722 4957 monasticum,
1747 4862 1830 4963 quod
1853 4891 1961 4965 partim

1130 5007 1168 5045 ex
1192 4988 1368 5047 melodiario
1392 4992 1638 5066 congregationis
1660 4992 1962 5089 Bohemo3Moravo·

1129 5090 1300 5151 Silesiticae
1323 5113 1352 5153 o.
1374 5115 1399 5152 s.
1421 5095 1454 5151 P.
1471 5096 1543 5152 Ren.
1568 5097 1677 5171 partim
1700 5116 1738 5153 ex
1763 5097 1909 5173 psalterio
1932 5110 1963 5155 et

1128 5199 1313 5274 antiphonali
1330 5198 1530 5257 Fuldensibus
1546 5199 1584 5256 ad
1600 5201 1782 5276 regulariter
1798 5201 1963 5261 flectendas

1129 5302 1341 5378 religiosorum
1369 5306 1498 5362 tironum
1526 5323 1619 5363 voces
1651 5324 1746 5382 opera
1776 5326 1831 5363 sua
1860 5305 1963 5365 confe-

1129 5408 1170 5463 cit
1192 5407 1224 5464 P.
1244 5409 1287 5465 ΡΙ.
1305 5409 1343 5466 H.
1364 5428 1388 5466 s.
1405 5427 1454 5466 ao.
1478 5409 1535 5466 Ms.
1559 5412 1589 5465 in
1612 5409 1695 5478 folio,
1719 5411 1785 5468 sine
1808 5430 1880 5487 pag.
1904 5409 1962 5469 sub
