4178 6196
900 489 942 498 —
987 449 1174 514 LXXXII
1219 488 1262 498 -

342 677 414 742 Sed
437 678 540 760 vigor
563 689 599 740 et
622 677 789 741 alacritas
813 679 956 741 saeculo
980 679 1167 740 undecimo
1191 677 1454 741 reviviscebant
1477 678 1695 742 inflammata
1718 679 1946 742 contentione

210 819 303 880 inter
326 817 513 880 ecclesiam
537 827 573 878 et
597 816 789 880 civitatem.
820 817 911 878 Nam
935 836 1005 880 non
1029 819 1143 880 solum
1166 818 1291 899 regula
1314 838 1335 880 a
1359 817 1564 881 clarissimis
1584 817 1808 880 monasteriis
1824 818 1949 881 Hirsa·

211 957 325 1020 viensi
349 967 384 1018 et
408 958 453 1018 ad
477 976 503 1016 s.
526 955 701 1036 Blasium,
735 957 799 1017 sed
830 956 937 1018 etiam
968 956 1124 1019 studium
1153 956 1349 1018 litterarum
1380 957 1591 1019 translatum
1623 965 1678 1018 est
1708 956 1744 1017 in
1775 957 1948 1018 coenobia

213 1095 483 1158 Austriacarum
506 1093 778 1174 provinciarum,
803 1113 894 1174 quae
918 1103 1000 1156 sunt
1023 1095 1069 1156 ad
1086 1093 1200 1176 Alpes
1224 1095 1325 1176 sitae,
1349 1114 1503 1176 moxque
1520 1094 1686 1176 pulchros
1702 1092 1839 1157 fructus
1856 1095 1947 1156 tulit.

212 1231 403 1297 Constituti
426 1241 509 1295 sunt
532 1233 624 1295 enim
648 1233 682 1294 in
707 1232 869 1295 omnibus
892 1231 1126 1314 monasteriis,
1151 1234 1210 1314 qui
1233 1234 1342 1295 libros
1365 1229 1411 1296 ad
1427 1253 1484 1297 res
1500 1253 1621 1296 sacras
1638 1232 1705 1295 rite
1721 1234 1947 1315 peragendas

211 1372 431 1436 necessarios
456 1382 492 1434 et
515 1372 656 1435 codices
680 1371 889 1452 scriberent,
921 1391 1070 1453 quorum
1097 1381 1136 1434 ut
1164 1381 1241 1434 erat
1263 1373 1369 1435 lectio
1392 1373 1625 1454 praescripta,
1654 1373 1705 1436 ita
1729 1371 1948 1454 comparatio

212 1522 358 1595 propter
382 1530 530 1593 magnos
554 1520 716 1591 sumptus
741 1508 956 1573 difficillima.
992 1510 1098 1592 Loca,
1121 1510 1157 1573 in
1180 1511 1308 1592 quibus
1332 1511 1412 1573 libri
1436 1511 1723 1592 conficiebantur,
1748 1522 1850 1573 erant
1873 1509 1949 1591 qui-

212 1653 292 1714 dem
315 1650 407 1713 intra
431 1649 592 1712 coenobii
616 1669 751 1729 mur05,
783 1649 847 1711 sed
876 1649 964 1712 satis
992 1660 1144 1731 remota,
1177 1659 1225 1729 ut,
1250 1651 1310 1731 qui
1334 1650 1544 1728 scriberent,
1574 1670 1595 1712 a
1622 1649 1792 1712 fratribus
1821 1650 1948 1711 tumul·

212 1799 316 1851 tuosa
350 1789 495 1870 negotia
529 1788 736 1870 gerentibus
770 1808 840 1851 non
875 1790 1111 1852 turbarentur.
1157 1789 1269 1852 Adire
1300 1789 1431 1851 nemini
1465 1790 1596 1851 licebat
1628 1799 1771 1869 praeter
1803 1787 1949 1871 opifices

213 1948 406 2010 eorumque
423 1927 636 2009 praefectos
661 1930 828 1990 abbatem
853 1937 888 1991 et
908 1928 1106 2009 armarium,
1131 1929 1190 2010 qui
1215 1937 1250 1992 et
1274 1929 1436 2010 proxime
1459 1928 1510 1992 rei
1533 1938 1699 2009 praeerat
1723 1939 1768 2008 et,
1793 1947 1884 2009 quae
1903 1929 1949 1989 ad

213 2077 325 2130 artem
341 2067 520 2129 scribendi
536 2066 779 2151 pingendique
796 2077 897 2129 erant
913 2067 1125 2145 necessaria,
1149 2070 1381 2149 comparabat
1397 2077 1442 2148 et,
1459 2076 1498 2129 ut
1513 2077 1611 2130 recte
1626 2066 1753 2129 fierent
1769 2067 1948 2147 exempla,

213 2209 370 2269 curabat.
416 2203 661 2267 Describenda
696 2207 809 2268 abbas
845 2206 1057 2269 destinabat.
1104 2205 1282 2270 Scribenti
1316 2208 1375 2270 vel
1414 2207 1688 2289 chirographum
1727 2206 1949 2288 propositum

213 2355 290 2407 erat
313 2345 371 2406 vel
394 2345 552 2406 dictabat
574 2344 756 2406 armarius
800 2343 937 2424 Quibus
968 2344 1002 2406 in
1033 2344 1162 2406 scholis
1186 2344 1254 2406 arti
1278 2344 1503 2407 describendi
1526 2346 1707 2407 instructis
1734 2345 1814 2407 libri
1844 2344 1950 2407 etiam

214 2484 306 2547 notis
335 2481 528 2544 initialibus
553 2492 588 2544 et
612 2483 753 2544 tabellis
781 2483 975 2545 minoribus
999 2486 1264 2546 exornabantur
1288 2493 1324 2547 et
1347 2486 1677 2568 compingebantur.
1723 2485 1881 2547 Maxima
1905 2503 1951 2546 ex

214 2633 316 2706 parte
337 2622 479 2704 quidem
495 2622 756 2704 Evangeliaria,
777 2623 1072 2705 Evangelistaria,
1089 2623 1314 2704 Epistolaria,
1333 2624 1553 2705 Apostolica,
1575 2624 1808 2704 Lectionaria,
1829 2623 1951 2685 Homi-

214 2762 323 2842 liaria,
346 2761 516 2842 Missalia,
533 2760 708 2842 Plenaria,
729 2761 1000 2842 Antiphonaria,
1021 2759 1254 2841 Pontificalia,
1275 2760 1496 2842 Calendaria,
1520 2762 1753 2842 Passionalia,
1778 2762 1835 2823 alii
1859 2761 1951 2840 libri,

215 2901 274 2983 qui
302 2902 347 2963 ad
375 2902 506 2963 cultum
535 2900 692 2962 divinum
719 2902 963 2981 peragendum
991 2901 1050 2963 vel
1077 2901 1291 2963 breviarium
1314 2901 1535 2964 recitandum
1558 2900 1748 2982 pertinent,
1773 2899 1953 2962 describe·

214 3042 355 3110 bantur,
379 3039 632 3102 verumetiam
658 3058 748 3120 quae
772 3039 990 3118 scripserunt
1013 3059 1039 3102 s.
1064 3040 1201 3121 Patres,
1225 3040 1418 3121 praecipue
1442 3060 1468 3103 s.
1490 3039 1716 3122 Augustinus
1746 3052 1782 3102 et
1810 3059 1837 3102 s.
1865 3036 1952 3101 Gre-

215 3179 352 3261 gorius,
392 3187 472 3240 acta
506 3186 716 3260 martyrum,
752 3177 847 3240 vitae
882 3189 1094 3243 sanctorum.
1146 3178 1289 3261 Scripta
1327 3181 1500 3242 clarorum
1538 3179 1803 3261 theologorum,
1842 3198 1953 3258 opera

215 3339 241 3381 s.
258 3317 422 3400 Hugonis
446 3319 489 3379 de
507 3338 533 3380 S.
550 3317 705 3399 Victore,
729 3318 923 3400 praecipue
939 3317 1088 3381 Honorii
1104 3318 1442 3401 Augustodunensis
1459 3322 1492 3399 ¹),
1516 3328 1743 3381 monumenta
1759 3316 1950 3400 insignium

215 3456 300 3518 iuris
323 3455 516 3537 peritorum
540 3454 674 3535 pariter
696 3458 989 3536 proponebantur
1011 3477 1077 3520 nec
1101 3476 1169 3519 non
1195 3456 1331 3539 antiqui
1355 3457 1517 3540 magistri
1541 3467 1577 3520 et
1594 3455 1723 3519 Graeci
1740 3465 1776 3518 et
1792 3455 1950 3519 Romani

217 3614 326 3676 saepe
351 3595 655 3657 describebantur.
688 3592 901 3656 Godhardus
925 3594 1017 3658 enim
1040 3597 1153 3657 abbas
1170 3594 1446 3658 Cremisanensis
1471 3597 1516 3658 ad
1532 3595 1737 3678 Tegernsee
1761 3593 1950 3675 epistolam

216 3736 294 3797 dat:
322 3732 474 3817 ,Mittite
498 3732 600 3794 nobis
624 3733 751 3795 librum
774 3733 913 3796 Horatii
937 3743 973 3797 et
997 3734 1168 3814 epistolas
1184 3734 1295 3796 Tulii“
1313 3733 1339 3818 ²)
1364 3743 1400 3797 et
1416 3732 1644 3796 Godofredus
1661 3736 1775 3796 abbas
1791 3733 1951 3795 Admon-

216 3871 327 3934 tensis
350 3874 395 3932 ab
420 3873 545 3933 eodem
561 3872 774 3933 monasterio
791 3872 950 3951 postulat
966 3872 1155 3954 Iosephum
1172 3871 1333 3934 Flavium
1350 3872 1510 3953 aliosque
1533 3871 1643 3933 libros
1656 3873 1690 3950 ³).
1723 3870 1793 3952 Qui
1817 3871 1950 3932 descri-

216 4010 324 4072 bendi
348 4019 448 4072 erant
471 4009 568 4084 libri,
598 4008 709 4071 mutui
732 4010 962 4071 sumebantur
985 4012 1031 4071 ab
1055 4009 1133 4072 aliis
1157 4010 1339 4073 coenobiis
1368 4010 1522 4073 amicitia
1550 4010 1766 4090 coniunctiS,
1795 4008 1949 4070 maxime

217 4171 238 4213 a
254 4150 468 4231 Tegernsee,
491 4147 714 4210 monasteriis
731 4147 926 4229 Bavaricis,
949 4148 1120 4211 coenobio
1144 4150 1191 4212 ad
1213 4171 1239 4212 s.
1257 4150 1412 4212 Petrum.
1445 4151 1566 4231 Atque
1590 4149 1691 4230 ipsae
1712 4147 1953 4211 bibliothecae

218 4289 356 4352 urbium
391 4287 647 4369 episcopalium
682 4286 815 4349 ordinis
848 4287 1031 4350 sodalibus
1065 4291 1255 4370 patebant,
1289 4310 1359 4370 qua
1395 4289 1430 4351 in
1465 4309 1503 4351 re
1540 4285 1750 4370 praesertim
1781 4287 1955 4350 Passavia

218 4427 413 4491 officiosam
437 4447 475 4489 se
499 4428 706 4507 praebebat.
738 4426 829 4489 Nam
844 4427 1033 4490 memoriae
1054 4428 1223 4490 traditum
1239 4437 1294 4491 est
1310 4429 1480 4509 episcopo
1497 4426 1630 4491 Ottone
1655 4446 1674 4489 e
1698 4445 1830 4509 genere
1854 4426 1953 4488 nobi·

217 4567 302 4630 lium
330 4568 374 4628 de
397 4563 575 4628 Loosdorf
598 4575 770 4647 regnante
801 4554 1038 4647 (1254-1'265)
1063 4567 1186 4630 abbati
1210 4565 1396 4631 Garstensi
1426 4567 1609 4647 „pustillos
1634 4564 1765 4628 domini
1788 4565 1953 4647 Hugonis

219 4725 326 4787 super
348 4704 586 4787 psalterium“,
610 4705 718 4786 priori
741 4704 976 4768 Lambacensi
999 4705 1126 4767 librum
1152 4705 1362 4788 „Sermones
1386 4705 1548 4788 magistri
1571 4704 1732 4767 Danielis
1760 4706 1804 4766 de
1830 4704 1953 4766 ordine

219 4844 525 4925 praedicatorum“
554 4863 573 4906 e
599 4843 815 4906 bibliotheca
843 4843 1037 4926 episcopali
1070 4863 1149 4906 esse
1182 4846 1443 4908 commodatum
1458 4847 1492 4924 4).
1536 4842 1636 4924 Quae
1673 4862 1729 4906 ars
1765 4842 1954 4922 scribendi,

351 5071 371 5151 ¹)
396 5075 482 5143 Quae
506 5075 637 5150 scripsit,
662 5074 691 5128 in
714 5071 852 5129 omnibus
876 5071 938 5128 iere
963 5072 1129 5128 Austriacis
1155 5075 1344 5130 monasteriis
1368 5076 1566 5131 inveniuntur.

351 5183 373 5264 ²)
397 5186 590 5261 Pachmayer,
615 5184 718 5242 Series
741 5183 811 5242 abb.
836 5184 997 5242 Cremisan.
1023 5186 1043 5242 l.

348 5296 371 5376 ³)
395 5298 572 5355 Thesaurus
595 5298 733 5354 anecdot.
757 5297 807 5354 Vl.

350 5407 372 5488 ⁴)
396 5410 527 5465 Monuni.
552 5411 634 5466 Boic.
659 5411 769 5466 XXIX.
795 5410 831 5466 ll.
