4178 6196
822 471 865 480 -
909 433 1095 496 LXXXV
1139 470 1181 479 —

130 670 241 742 atque
264 659 420 741 pedibus
444 659 683 722 consentirent
698 659 731 740 ¹).
777 659 877 739 Quae
901 680 959 722 ars
982 659 1160 722 scribendi
1183 659 1424 741 pingendique
1445 678 1515 721 non
1531 659 1644 722 minus
1661 660 1696 722 in
1713 657 1865 724 Slavicis

129 798 267 861 ordinis
291 798 403 860 nostri
426 798 648 861 monasteriis
672 800 908 861 exercebatur
922 819 1028 880 quam
1051 799 1087 861 in
1104 796 1303 862 Germanis,
1333 798 1423 860 Nam
1440 798 1732 879 pretiosissimum
1750 800 1865 862 Evan-

130 936 329 1020 geliarium,
354 956 418 1018 per
441 939 536 1018 quod
561 939 739 1018 quondam
762 957 867 1020 reges
892 936 1019 1001 Gallici
1043 939 1244 1001 diademate
1269 939 1382 1000 ornati
1411 939 1614 1001 iuraverant
1628 941 1668 1020 ²),
1701 939 1868 1002 tribuitur

132 1094 161 1137 s.
185 1074 363 1156 Procopio
395 1075 518 1137 abbati
546 1075 750 1138 monasterii
773 1077 819 1138 ad
842 1075 1026 1140 Sazavam.
1071 1076 1291 1139 Dietmarum
1320 1078 1563 1159 praepositum
1591 1077 1867 1140 Breunoviensis

131 1214 340 1277 monasterii
363 1224 491 1295 postea
513 1217 681 1277 abbatem
698 1214 947 1279 Sazaviensem
968 1218 1114 1279 annales
1138 1226 1282 1279 narrant
1306 1215 1363 1278 die
1380 1236 1421 1279 ac
1438 1226 1542 1279 nocte
1558 1217 1728 1279 immenso
1745 1219 1866 1281 labore

131 1352 389 1434 conscripsisse
426 1354 535 1416 libros
573 1354 743 1428 slavicos3
782 1355 960 1437 iidemque
998 1357 1144 1418 annales
1181 1356 1419 1419 Boletachum
1458 1356 1617 1418 eiusdem
1656 1357 1862 1420 monasterii

133 1494 304 1554 abbatem
328 1493 499 1574 optimum
522 1503 653 1554 vocant
676 1493 897 1574 pictorem).
944 1493 1036 1574 Quin
1065 1504 1183 1557 autern
1206 1493 1457 1556 monasterium
1481 1495 1748 1557 Breunoviense
1772 1496 1867 1576 prin·

134 1652 223 1714 ceps
246 1652 268 1694 a
292 1631 439 1694 coloniis
469 1652 540 1694 non
571 1632 617 1694 sit
647 1643 867 1714 superatum,
896 1653 966 1696 non
994 1634 1189 1714 dubitatur,
1223 1634 1355 1715 quippe
1381 1635 1476 1715 quod
1499 1633 1650 1715 primum
1675 1634 1867 1697 Bohemiae

134 1771 362 1853 scriptorem,
392 1769 628 1833 Christianum
652 1772 878 1853 monachum,
913 1771 948 1834 in
972 1773 1045 1834 suis
1068 1783 1238 1834 numerat.
1286 1771 1510 1834 Clarissimus
1534 1772 1695 1834 Bavarus
1728 1774 1868 1854 (1294—

139 1911 232 1989 1322)
265 1912 379 1972 abbas
409 1919 521 1972 artem
552 1910 731 1973 scribendi
769 1911 888 1973 multis
923 1920 959 1973 et
989 1911 1128 1993 magnis
1157 1911 1326 1992 impensis
1355 1911 1491 1973 adiuvit
1504 1914 1538 1992 ⁴).
1584 1911 1625 1973 In
1655 1911 1869 1974 monasterio

134 2048 394 2132 Raigradiensi
427 2048 635 2131 praeposito
667 2050 804 2112 Thoma
835 2048 958 2112 Gallus
992 2052 1184 2112 monachus
1218 2050 1494 2113 Bievnoviensis
1529 2053 1640 2133 (1313)
1676 2052 1869 2134 pretiosum

136 2188 382 2270 Antiphonale
407 2188 560 2269 scripsit,
586 2189 733 2269 eiusque
750 2208 935 2252 successor
950 2190 1056 2252 Vitus
1073 2188 1226 2253 confecit
1248 2191 1334 2252 illud
1351 2189 1572 2253 Breviarium
1588 2191 1869 2271 Benedictinum,

135 2328 232 2408 quod
256 2326 349 2389 iuste
373 2346 463 2407 opus
486 2326 702 2408 praecipuae
725 2327 811 2389 artis
834 2328 985 2389 habetur
998 2328 1032 2409 5).
1080 2327 1204 2390 Artem
1235 2328 1412 2390 scribendi
1440 2339 1476 2390 et
1504 2329 1675 2412 pingendi
1703 2330 1809 2392 etiam
1834 2330 1869 2391 in

135 2465 308 2528 Polonico
323 2466 537 2527 monasterio
553 2464 741 2527 Tinecensi
757 2484 837 2526 esse
858 2465 1090 2528 exercitatam
1107 2467 1213 2547 plane
1230 2466 1363 2529 indicat
1380 2464 1581 2529 Stanislaus
1598 2466 1869 2550 Sczygcelski6).

135 2606 177 2667 In
200 2603 410 2686 Hungariae
442 2604 665 2667 monasteriis
697 2605 788 2666 hauc
815 2613 928 2666 artem
960 2604 1090 2665 cultam
1122 2622 1200 2666 esse
1232 2607 1484 2685 comprobatur
1507 2606 1652 2687 vigente
1684 2605 1805 2668 schola
1835 2615 1871 2668 et

136 2744 239 2824 libro,
264 2743 324 2826 qui
347 2753 402 2807 est
425 2746 470 2806 de
496 2742 601 2827 ,Vita
623 2763 670 2806 ss.
687 2744 856 2807 Andreae
880 2752 916 2806 et
939 2742 1158 2823 Benedicti“,
1182 2763 1203 2805 a
1227 2762 1253 2804 s.
1278 2743 1404 2805 Mauro
1429 2744 1677 2826 conscriptor).

270 2882 491 2964 Quamquam
508 2883 603 2964 illud,
618 2884 712 2964 quod
727 2882 855 2964 ferunt,
872 2884 966 2945 solos
984 2883 1141 2963 clericos,
1159 2882 1328 2964 imprimis
1344 2883 1405 2964 qui
1423 2883 1537 2945 secuti
1553 2884 1623 2945 sint
1640 2904 1666 2945 s.
1684 2884 1871 2947 Benedicti

137 3022 308 3104 regulam,
333 3023 469 3084 artibus
492 3021 698 3084 liberalibus
714 3031 832 3084 aetate
849 3021 966 3084 media
982 3041 1061 3084 esse
1079 3020 1230 3101 deditos,
1255 3021 1415 3083 exomni
1439 3031 1541 3103 parte
1565 3040 1634 3083 non
1659 3022 1827 3085 convenit
1836 3021 1870 3104 ⁸),

138 3170 259 3223 tamen
282 3181 416 3250 negare
440 3181 510 3224 non
533 3180 731 3242 possumus,
759 3164 823 3224 hos
846 3161 1026 3243 simplices
1049 3162 1240 3224 monachos
1271 3160 1519 3223 ardentissimo
1550 3161 1667 3223 studio
1699 3181 1761 3224 eas
1792 3183 1871 3225 esse

138 3300 357 3381 complexos.
402 3301 579 3364 Rationes
603 3302 696 3364 enim
718 3300 896 3364 Libitinae
920 3321 947 3364 s.
973 3300 1070 3363 Petri
1094 3299 1295 3382 Salisburgi
1320 3310 1594 3362 commemorant
1619 3297 1810 3363 Geroldum
1836 3311 1872 3362 et

139 3440 346 3503 Udalricum
370 3441 537 3522 pictores,
562 3439 788 3503 Chunradum
810 3438 1009 3518 incisorem,
1034 3438 1233 3502 Ortliebum
1256 3449 1293 3501 et
1316 3438 1546 3500 Pertholdum
1570 3437 1742 3519 aurificeS,
1765 3439 1872 3501 Hart-

138 3578 271 3641 liebum
295 3579 571 3659 carpentarium,
596 3576 821 3641 Guilielmum
845 3586 881 3640 et
904 3576 1122 3640 Fridericum
1146 3576 1335 3658 lapicidas,
1363 3577 1560 3639 Erhardum
1583 3577 1782 3659 vitrarium,
1813 3577 1872 3659 qui

137 3737 262 3780 omnes
285 3716 322 3780 in
345 3717 405 3779 illo
430 3717 644 3779 monasterio
667 3727 843 3799 tempore,
875 3718 971 3798 quod
1002 3716 1187 3779 interiacet
1215 3717 1306 3778 inter
1329 3736 1459 3778 annum
1488 3722 1568 3778 1160
1591 3727 1627 3778 et
1656 3720 1752 3797 1250,
1778 3728 1872 3778 artes

137 3866 376 3920 exercuerunt
389 3859 423 3934 ⁹).
470 3855 699 3917 Thiemonem
723 3856 890 3916 abbatem
915 3866 950 3917 et
974 3853 1295 3936 archiepiscopum,
1321 3855 1380 3935 qui
1403 3855 1498 3917 bello
1521 3874 1586 3936 pro
1609 3853 1679 3917 fide
1703 3865 1872 3936 suscepto

143 4017 221 4059 1102
248 4006 384 4078 martyr
408 3993 591 4076 occubuit,
621 4013 690 4056 non
721 3994 834 4056 solum
865 3993 900 4055 in
932 4003 1069 4075 septem
1100 3993 1236 4056 artibus
1265 3993 1486 4073 liberalibus,
1519 3995 1582 4055 sed
1606 3993 1713 4056 etiarn
1737 3993 1772 4056 in
1795 4003 1872 4056 arte

136 4133 321 4218 pingendi,
346 4153 407 4196 aes
429 4132 611 4214 fundendi,
637 4133 820 4214 sculpendi
843 4131 954 4196 fuisse
971 4131 1151 4214 artificem,
1175 4132 1315 4215 magnis
1338 4132 1502 4195 laudibus
1526 4131 1638 4213 effert,
1663 4131 1721 4212 qui
1745 4131 1871 4194 librum

138 4348 450 4356 ——.——..„——.

268 4489 289 4569 ¹)
313 4490 427 4564 Egger‚
452 4482 776 4544 Gescbicbtschreiber
799 4503 858 4541 von
881 4483 978 4540 Tirol.

267 4601 290 4680 2)
314 4602 424 4670 Dudik,
450 4602 583 4675 Raigern
606 4599 624 4656 l.
649 4618 676 4655 c.

267 4715 292 4796 3)
316 4717 488 4774 Chronicon
511 4713 704 4771 Sazaviense.

268 4830 292 4909 4)
317 4829 525 4904 Ziegelbauer,
550 4828 664 4884 Histor.
690 4826 905 4881 Bievnoviens.

269 4941 293 5023 ⁵)
317 4942 428 5010 Dudik,
453 4942 584 5015 Raigern
609 4940 625 4995 l.
650 4958 676 4995 c.

269 5054 293 5134 ⁶)
317 5054 516 5132 Ziegclbauer
540 5054 557 5110 l.
583 5072 609 5109 c.
633 5053 670 5108 ll.

270 5171 293 5250 ⁷)
317 5173 425 5229 Czinar
448 5170 466 5226 l.
491 5188 517 5226 c.

271 5279 294 5364 8)
318 5284 475 5362 Springer,
500 5282 546 5337 De
569 5275 734 5336 artificibus
758 5275 911 5332 monachis
935 5288 966 5331 et
989 5275 1072 5330 laicis
1096 5272 1184 5330 medii
1207 5274 1283 5328 aevi.

270 5396 295 5476 9)
318 5399 451 5476 Sighart,
476 5395 571 5453 Maler
595 5393 653 5450 und
677 5391 838 5449 Malereien
863 5363 1128 5444 desMittelalters
1152 5387 1190 5441 im
1215 5382 1497 5458 Salzburgerlande.
