4178 6196
899 459 1181 532 ...9,-

170 649 377 717 'senor-Solo,
400 649 550 720 Quartett,
575 651 695 707 Homer
711 649 770 706 und
787 649 893 725 Orgel.
917 651 999 708 Nach

170 754 296 812 Handel.
327 752 418 828 1870.

257 883 388 978 Meng
408 890 640 977 Gregorius
665 893 914 978 (Murensis),
947 914 1001 957 or·

171 1020 245 1074 tum
259 1011 370 1074 habet
385 1031 431 1074 ex
445 1010 536 1093 Gipf
548 1011 583 1074 in
596 1012 758 1095 Argovia
771 1012 829 1075 die
846 1016 897 1076 28.
909 1013 999 1107 Nov.

175 1137 265 1215 1800,
289 1142 453 1196 votorum
474 1133 666 1216 sponsione
687 1153 726 1197 se
747 1133 921 1218 obligavit
942 1133 999 1197 die

171 1275 200 1334 9.
210 1254 297 1318 Maii
314 1259 394 1335 1819
412 1264 449 1319 et
463 1255 555 1319 inter
571 1257 777 1320 sacerdotes
792 1259 1001 1321 adnumera-

170 1388 228 1439 tus
245 1386 301 1440 est
317 1377 375 1440 die
397 1381 443 1442 18.
456 1379 543 1442 Dec.
561 1382 652 1456 1824.
676 1378 762 1441 Erat
774 1377 954 1461 professor
965 1379 1000 1443 in

169 1499 358 1582 gymnasio
382 1499 540 1563 Murensi
568 1510 604 1564 et
628 1501 838 1582 catechista,
871 1502 999 1565 deinde

169 1620 324 1683 vicarius
339 1621 376 1683 in
388 1621 558 1703 parochia
570 1621 736 1704 Wohlen,
747 1623 881 1704 'postea
896 1642 1000 1704 paro·

171 1744 257 1805 chus
278 1745 374 1824 apud
395 1742 518 1806 Muros
542 1746 719 1822 1836—67.
751 1743 894 1807 Electus
920 1749 999 1808 1855

171 1866 327 1927 decanus
348 1865 494 1946 capituli
516 1865 643 1928 ruralis
662 1865 858 1948 Mellingen
882 1866 1000 1930 simul·

170 2004 240 2066 que
261 1985 483 2049 consiliarius
504 1987 700 2051 ecclesiast.
723 1997 759 2050 et
779 1988 1001 2053 examinator

170 2109 313 2191 paroch.
342 2109 444 2173 Nunc
467 2112 514 2173 ab
540 2129 632 2173 anno
661 2114 738 2190 1867
765 2121 1000 2174 commoratur

170 2229 205 2292 in
221 2229 442 2313 Villmergen
458 2251 528 2312 qua
544 2232 751 2313 capellanus
774 2233 820 2293 ad
836 2233 999 2314 11010105,

170 2352 340 2416 iubilatus
352 2352 573 2434 professione
586 2363 622 2417 et
635 2355 851 2418 sacerdotio:
862 2355 999 2418 Edidit:

256 2479 279 2536 1.
296 2480 360 2536 Das
372 2480 570 2557 Landcapitel
585 2480 746 2557 Mellingen
759 2484 788 2538 in
801 2481 854 2539 der
867 2482 1000 2539 Diocese

169 2584 268 2640 Basel.
292 2581 321 2662 (i.
348 2603 374 2641 e.
396 2586 560 2643 Districtus
584 2586 790 2662 Mellingensis
814 2584 1001 2664 descriptio)

170 2688 247 2744 Muri
264 2706 312 2764 ap.
331 2689 442 2758 Keller,
469 2688 559 2764 1869.
583 2688 626 2748 8⁰.
652 2688 710 2747 106
727 2710 757 2767 p.

257 2792 294 2849 ll.
319 2792 504 2851 Geschichte
528 2795 582 2852 des
598 2795 703 2852 Amtes
728 2796 786 2852 und
810 2796 864 2853 der
886 2795 1000 2854 Pfarrei

169 2897 256 2953 Muri.
287 2893 316 2973 (i.
341 2916 368 2954 e.
393 2899 588 2974 Magistratus
612 2914 642 2957 et
664 2901 827 2977 parochiae
851 2902 1000 2959 Murensis

171 2999 318 3080 historia.)
341 3003 516 3078 Programm
542 3005 597 3062 der
612 3005 841 3063 Bezirksschule
862 3009 891 3063 in
912 3006 999 3064 Muri.

170 3106 281 3176 Aarau,
292 3106 501 3166 Sarmenstorf
507 3110 565 3166 und
575 3112 661 3179 Muri,
676 3110 852 3184 1858-62.
863 3110 905 3169 8⁰.
918 3127 957 3185 42
970 3131 999 3188 p.

259 3213 310 3269 111.
332 3213 568 3271 Andachtsbuch
586 3214 632 3271 1111
647 3215 835 3273 katholische
848 3216 998 3276 Christen.

170 3311 199 3392 (i.
212 3335 238 3373 e.
248 3316 341 3374 Liber
350 3317 497 3396 precum.)
510 3316 718 3377 Sarmenstorf
728 3339 776 3396 ap.
786 3319 897 3389 Keller,
908 3319 999 3393 1848.

167 3407 233 3478 ¹12⁰.
251 3421 352 3478 Editio
365 3423 507 3492 secunda,
521 3422 612 3480 Stans
624 3444 673 3501 ap.
687 3426 720 3482 C.
735 3443 794 3481 von
806 3426 891 3491 Matr,
909 3423 999 3482 1862.

256 3526 306 3583 IV.
323 3526 533 3584 Catechismen
550 3528 604 3585 der
619 3529 923 3586 christkatholischen
940 3530 1000 3586 Re·

171 3629 272 3706 ligion.
294 3629 323 3708 (i.
337 3650 363 3688 e.
379 3629 473 3688 Liber
486 3631 712 3712 catecheticus.)
732 3635 765 3697 a)
784 3633 831 3690 fiir
850 3633 898 3690 die
919 3647 1000 3691 erste

172 3734 276 3792 Classe
303 3735 357 3792 der
381 3736 504 3805 Kinder,
533 3738 651 3794 Luzern
674 3757 723 3814 ap.
749 3737 878 3806 Raeber‚
908 3737 998 3813 1844.

171 3839 272 3897 Editio
297 3841 346 3898 lV.
382 3839 472 3914 1851.
504 3841 536 3916 b)
558 3842 605 3900 fiir
628 3843 676 3899 die
700 3845 805 3901 zweite
828 3843 886 3899 und
910 3842 999 3901 dritte

172 3943 285 4001 Classe.
310 3944 385 4001 lbid.
407 3945 486 4021 1839
504 3960 534 4003 et
549 3946 651 4003 Baden
666 3965 715 4023 ap.
734 3948 879 4017 Huwiler,
908 3947 998 4021 1851.

172 4046 212 4105 8⁰.
242 4048 300 4106 126
317 4068 346 4124 p.

257 4154 294 4209 V.
318 4154 523 4231 Manuscripta
539 4157 567 4211 in
584 4156 696 4213 archiv.
713 4157 837 4232 paroch.
852 4158 999 4215 Murensi:

171 4259 203 4330 u)
218 4257 353 4314 Chronik
369 4278 429 4314 von
446 4260 533 4316 Muri.
558 4258 587 4338 (i.
606 4279 631 4316 0.
650 4261 822 4318 Chronicon
838 4261 1000 4341 Murense.)

171 4361 234 4418 801.
264 4375 323 4418 100
346 4381 417 4438 pag.
449 4363 480 4437 b)
504 4364 722 4422 Psarrstatistik
746 4363 914 4446 (statistica)
940 4386 1001 4423 von

171 4468 257 4534 Muri,
282 4467 331 4523 die
351 4465 783 4527 Sterblichkeitsverhaltnisse
804 4490 864 4527 von
881 4472 1000 4529 Decen-

170 4574 249 4627 nium
262 4591 297 4627 zu
307 4572 491 4629 Decennium
506 4574 598 4631 durch
615 4572 784 4654 1601111110.
802 4579 830 4650 c)
842 4577 1000 4634 Familien·

170 4677 372 4734 verzeichniss
401 4673 500 4753 (index
524 4678 711 4758 familiarum)
738 4679 784 4736 fiir
811 4680 860 4738 die
884 4680 999 4763 Pfarrei

170 4782 257 4837 Muri.
282 4783 380 4855 51101.
405 4789 449 4855 4⁰.

253 4913 522 5008 Mentberger
561 4923 812 4989 Guilielmus
849 4928 1000 5007 (Emau-

171 5041 283 5103 tinus
299 5041 703 5123 Montserratensis),
717 5043 895 5107 Bohemus
908 5045 998 5109 Pils·

173 5164 301 5244 11011515,
318 5173 422 5226 natus
440 5184 529 5246 1794,
546 5164 730 5246 professus
747 5170 837 5247 1818,
851 5168 999 5251 presby·

172 5296 225 5348 ter
249 5285 432 5349 ordinatus
465 5293 553 5366 1817.
585 5288 794 5351 Praefectus
822 5290 1000 5372 gymnasii

174 5407 395 5471 Benedictini
427 5408 603 5473 Emautini
631 5411 666 5473 in
697 5410 842 5474 civitate
871 5411 999 5476 Klato·

1079 644 1169 725 viae,
1187 656 1313 726 postea
1330 652 1474 706 curatus
1491 641 1652 706 militaris
1672 640 1823 725 legionis
1839 652 1909 705 tor·

1080 760 1909 847 11100101101111110111011105,11101111115185680119-

1080 887 1126 950 511
1148 888 1271 970 lingua
1293 885 1504 950 Germanica
1527 885 1709 949 historiam
1732 892 1909 948 monaste·

1080 1009 1124 1072 rii
1140 1009 1317 1072 Emautini
1333 1008 1469 1071 infolio
1488 1020 1584 1072 tomo
1600 1027 1681 1090 un0,
1707 1026 1799 1089 quae
1815 1024 1909 1069 anno

1086 1134 1165 1209 1848
1197 1131 1231 1193 in
1259 1131 1413 1193 iubilaeo
1445 1129 1718 1213 quingentesimi
1749 1128 1832 1192 anni
1862 1130 1908 1191 ab

1081 1262 1201 1316 erecto
1216 1252 1431 1315 monasterio
1447 1251 1635 1315 Emautino
1655 1250 1753 1334 typis
1769 1252 1908 1314 edenda

1080 1373 1157 1457 fuit,
1176 1393 1245 1455 quo
1262 1393 1355 1437 anno
1371 1374 1478 1438 etiam
1489 1373 1703 1437 universitas
1715 1372 1908 1456 Pragensis

1080 1496 1270 1559 iubilaeum
1287 1496 1561 1578 quingentesimi
1578 1495 1661 1558 anni
1672 1497 1718 1558 ab
1731 1494 1909 1558 erectione

1081 1619 1385 1681 suacelebratura
1401 1618 1476 1680 fuit.
1501 1617 1660 1681 Historia
1679 1618 1767 1680 haec
1790 1620 1831 1679 80
1846 1635 1909 1697 pa·

1080 1740 1183 1822 ginas
1200 1751 1370 1803 numerat.
1396 1740 1447 1803 At
1457 1739 1604 1802 historia
1619 1740 1707 1802 haec
1720 1740 1766 1801 ad
1782 1749 1907 1822 typum

1080 1881 1150 1924 non
1173 1862 1272 1924 venit
1295 1864 1342 1925 ob
1364 1863 1587 1925 turbulentos
1606 1880 1699 1924 anno
1715 1861 1787 1924 isto
1807 1880 1909 1923 exor-

1080 1995 1136 2048 tos
1152 1994 1278 2048 motus.
1303 1985 1493 2047 Adservat.
1508 1983 1543 2046 in
1559 1983 1719 2047 biblioth.
1736 1983 1906 2046 abbatiali

1080 2108 1276 2170 Emautina.

1166 2259 1306 2333 Menzl
1334 2269 1575 2333 Fridericus
1605 2269 1909 2365 (Btevnoveno

1081 2386 1364 2469 Braunensis),
1388 2407 1409 2450 a
1426 2386 1596 2469 Qualisch
1619 2387 1824 2468 Bohemiae,
1848 2407 1908 2449 na-

1080 2520 1137 2572 tus
1152 2531 1200 2588 24.
1211 2510 1307 2593 Aug.
1325 2514 1413 2573 1828.
1431 2509 1617 2573 Absolutis
1630 2510 1795 2572 Braunae
1808 2529 1908 2592 gym-

1080 2631 1169 2695 nasii
1187 2643 1223 2694 et
1239 2632 1380 2717 Pragae
1402 2631 1648 2715 philosophiae
1669 2633 1795 2695 studiis
1815 2632 1907 2695 ordi·

1080 2774 1160 2817 nem
1177 2756 1363 2837 amplexus
1377 2755 1450 2818 divi
1462 2756 1501 2818 P.
1515 2755 1703 2818 Benedicti
1714 2755 1906 2818 Bievnovii

1080 2888 1181 2940 veste
1198 2896 1225 2940 s.
1242 2877 1385 2940 indutus
1401 2888 1456 2939 est
1474 2880 1562 2955 1848.
1587 2876 1793 2958 Disciplinis
1808 2877 1907 2940 theo·

1079 2998 1206 3082 logicis
1221 2999 1257 3061 in
1273 2999 1367 3062 univ.
1380 2998 1545 3082 Pragena
1558 2997 1764 3061 incumbens
1781 3004 1809 3062 5.
1827 2998 1905 3063 Oct.

1085 3126 1161 3185 1851
1181 3141 1317 3184 sacram
1334 3121 1450 3184 emisit
1466 3120 1722 3203 professionem
1736 3134 1772 3184 et
1785 3121 1842 3185 die
1855 3127 1905 3186 31.

1080 3243 1159 3306 Iulii
1184 3247 1263 3305 1853
1286 3245 1331 3304 ad
1353 3246 1623 3327 presbyteratus
1644 3244 1801 3307 ordinem
1825 3263 1906 3326 pro·

1079 3376 1195 3430 motus
1205 3376 1268 3429 est.
1285 3366 1408 3429 Iussus
1416 3368 1463 3429 ab
1472 3367 1823 3451 abbatesuoPragae
1832 3377 1907 3430 ten-

1079 3489 1211 3551 tamina
1224 3488 1384 3571 rigorosa
1398 3488 1505 3551 subiit
1515 3509 1560 3551 ex
1570 3489 1751 3573 theologia
1768 3489 1907 3553 univer·

1080 3631 1128 3692 sa,
1146 3612 1406 3692 decoratusque
1420 3612 1625 3674 doctoratus
1638 3612 1759 3675 laurea
1771 3613 1905 3693 potitus

1080 3744 1135 3796 est
1150 3754 1294 3797 munere
1310 3734 1468 3797 adiuncti
1484 3734 1663 3797 facultatis
1683 3735 1907 3819 theologicae

1079 3857 1114 3918 in
1127 3858 1252 3918 eadem
1265 3856 1497 3919 universitate
1510 3857 1692 3940 Pragensi.
1714 3855 1788 3920 Sed
1799 3859 1906 3939 paulo

1079 3989 1161 4060 post
1182 3979 1360 4042 Braunam
1385 3989 1533 4042 vocatus
1555 3978 1622 4041 fuit
1644 3980 1690 4041 ad
1711 3981 1906 4043 docendam

1079 4102 1114 4171 in
1129 4101 1317 4184 gymnasio
1334 4100 1550 4184 religionem,
1568 4120 1638 4181 quo
1650 4100 1686 4162 in
1700 4098 1817 4164 officio
1830 4102 1906 4183 plu-

1079 4224 1176 4286 ribus
1193 4223 1295 4286 annis
1308 4223 1464 4305 peractis
1476 4222 1604 4304 prioris
1616 4223 1718 4285 simul
1731 4234 1906 4286 monaste-

1080 4345 1120 4407 rii
1137 4346 1313 4429 dignitate
1329 4357 1473 4409 ornatus
1491 4345 1650 4428 dupplici
1665 4347 1731 4407 hoc
1747 4344 1907 4427 fungitur

1080 4488 1235 4531 munere.

1166 4610 1315 4672 Praeter
1337 4609 1406 4671 alia
1427 4629 1496 4672 non
1517 4608 1614 4671 edita
1635 4608 1733 4690 prelo
1755 4607 1906 4671 subiecit

1079 4732 1246 4813 poemata
1262 4734 1364 4794 haec:

1165 4877 1187 4933 1.
1200 4876 1398 4953 Jubelklange
1411 4896 1463 4932 zur
1473 4876 1572 4932 hohen
1581 4878 1669 4933 80101
1678 4875 1731 4933 des
1741 4890 1791 4949 25.
1800 4874 1905 4932 Wahl-

1079 4994 1165 5055 tages
1185 4979 1233 5038 Sr.
1255 4980 1381 5038 Gnaden
1404 4980 1457 5036 des
1478 4993 1498 5037 t.
1519 5000 1549 5056 p.
1567 4981 1666 5038 Herrn
1682 4979 1783 5037 Abten
1803 4981 1905 5056 Nepo-

1079 5105 1230 5142 muccnus.
1244 5083 1384 5163 (Carmen
1397 5083 1544 5163 lyricum.)
1560 5093 1602 5159 4⁰.
1620 5087 1746 5161 Pragae,
1760 5105 1815 5162 per
1827 5084 1904 5141 Bell·

1079 5209 1175 5247 mann.
1198 5188 1286 5264 1869.

1166 5314 1202 5371 11.
1224 5315 1351 5372 Caritate
1368 5332 1402 5370 zu
1419 5312 1579 5370 derselben
1592 5315 1690 5372 Feier.
1707 5312 1903 5382 Braunaviae,

1080 5418 1158 5495 apud
1175 5418 1365 5495 Mayrhofier.
1392 5416 1482 5491 1869.
1507 5425 1555 5491 4⁰..

1646 5522 1678 5583 38
