4178 6196
1843 401 1865 435 Ν

892 437 1147 511 -35..

146 630 226 706 dung
246 631 305 688 und
326 629 506 689 Schicksale
526 629 582 687 des
601 627 912 687 Benedictinerstit'tes
933 625 978 685 St.

146 735 290 794 Lambert
305 756 342 792 zu
354 735 524 811 Altenburg
540 736 569 791 in
581 733 905 791 Nieder·Oesterreich
921 745 978 790 etc.

147 843 215 900 Von
238 842 394 898 Honorius
416 842 545 915 Burger,
569 837 632 896 Abt
658 838 712 895 des
736 835 852 895 Stistes.
882 838 978 895 Horn.

152 946 242 1022 1869.
259 945 364 1002 Druck
379 964 439 1002 von
455 943 625 1001 Ferdinand
641 945 757 1019 Berger
773 946 802 999 in
818 944 913 1000 Hom.
936 941 978 1000 8⁰.

235 1112 346 1186 Buss
364 1122 586 1185 Anselmus
608 1119 977 1202 (San-Blasianus).

148 1240 262 1305 Natus
278 1251 335 1303 est
349 1240 386 1303 in
402 1239 648 1324 Gengenbach
667 1240 702 1303 in
721 1258 852 1323 magno
873 1239 979 1301 duca-

148 1373 188 1427 tu
211 1363 368 1426 Badensi
389 1363 447 1425 die
472 1382 520 1425 10.
542 1361 621 1427 Oct.
642 1366 738 1444 1759,
763 1360 980 1423 sollemniter

148 1483 332 1568 professus
357 1484 415 1547 die
440 1488 470 1547 8.
494 1484 584 1549 Nor.
614 1502 710 1563 1779;
738 1484 905 1546 sacerdos
928 1482 978 1544 in-

148 1616 345 1691 auguratus
361 1606 419 1669 die
437 1611 486 1670 25.
503 1605 604 1689 Sept.
626 1610 717 1687 1783.
740 1605 796 1668 De
815 1606 884 1668 hoc
902 1603 979 1667 viro

148 1729 277 1811 iuveni,
299 1729 359 1811 qui
376 1729 506 1793 eximio
523 1728 667 1813 ingenio
688 1739 724 1792 et
740 1726 867 1791 studiis
887 1725 979 1788 miri-

147 1850 216 1914 fice
231 1851 374 1915 deditus
390 1860 476 1934 erat,
493 1853 606 1914 abbas
618 1849 794 1914 Martinus
810 1847 980 1930 optimam

147 1992 249 2055 spem
273 1974 453 2055 concepit,
477 1994 556 2037 eum
583 1972 849 2056 registratorem
870 1979 906 2034 et
924 1990 979 2033 ar-

149 2094 343 2159 chivarium
372 2095 571 2177 constituit,
599 2095 645 2158 ad
673 2093 899 2158 Germaniam
925 2112 980 2155 sa·

149 2237 245 2281 cram
261 2217 479 2281 exarandam
497 2215 635 2280 adscito
655 2215 884 2279 demandavit
907 2214 980 2296 epi-

149 2349 335 2420 scopatum
373 2336 595 2420 Spirensem,
631 2357 725 2401 anno
764 2358 845 2418 1790
878 2336 980 2399 itine-

149 2462 198 2525 ris
215 2460 503 2524 vindobonensis
526 2460 690 2523 comitem
715 2459 783 2522 sibi
806 2456 979 2540 adiunxit,

150 2584 255 2666 eique
286 2583 433 2646 iuvenes
464 2581 644 2664 professos
675 2602 722 2645 ex
752 2581 829 2644 aliis
859 2599 980 2642 mona·

141 2676 268 2768 ssiteriis
290 2705 464 2768 admissos
494 2703 530 2766 in
556 2702 703 2767 historia
728 2702 978 2783 ecclesiastica,

151 2827 226 2890 iure
252 2826 437 2907 canonico,
464 2825 595 2909 linguis
622 2825 851 2888 orientalibus
879 2833 916 2887 et
941 2842 979 2885 re

151 2948 380 3030 diplomatica
401 2949 627 3011 instruendos
648 2947 831 3011 commisit.
860 2947 980 3009 Histo-

151 3070 224 3133 riae
248 3068 408 3153 Spirensi
436 3070 645 3132 scribendae
672 3088 765 3133 anno
793 3073 873 3148 1788
901 3086 980 3131 coe-

151 3193 205 3275 pit
227 3202 438 3276 argumenta
459 3193 636 3275 colligere,
660 3202 697 3255 at
718 3189 981 3254 vicissitudines

151 3335 267 3378 rerum
279 3315 452 3395 ardorem,
466 3334 536 3395 quo
548 3334 638 3396 opus
651 3322 828 3396 coeperat,
847 3311 981 3374 exstin-

152 3436 249 3500 xisse
268 3437 445 3501 videntur.
467 3436 574 3498 Anno
600 3456 677 3515 1792
700 3436 736 3498 in
757 3433 982 3518 gymnasium

152 3559 393 3643 Friburgense
413 3557 595 3641 professor
610 3576 762 3639 poeseos
782 3567 818 3620 et
837 3555 982 3639 linguae

152 3700 304 3764 graecae
327 3680 552 3762 amandatus,
580 3699 673 3743 anno
701 3684 780 3759 1793
805 3679 981 3759 Friburgo

154 3811 342 3867 revocatus
368 3812 406 3866 et
431 3803 467 3865 in
490 3821 587 3885 pago
611 3799 884 3865 Grafenhusano
908 3800 981 3862 ani-

153 3946 287 3988 marum
303 3944 409 3988 curae
424 3925 606 4007 gerendae
617 3923 817 4005 adplicatus
829 3931 894 3985 est.
911 3922 982 3984 Ve-

154 4067 229 4111 rum
249 4047 313 4129 vir,
338 4049 383 4110 de
403 4066 473 4129 quo
493 4046 628 4128 optima
651 4064 813 4127 quaeque
837 4063 981 4126 sperare

154 4169 293 4251 licebat,
303 4169 445 4231 funesto
458 4168 738 4242 fatosuccubuit;
752 4168 827 4231 vita
836 4166 981 4230 defunc-

155 4300 210 4354 tus
231 4301 287 4353 est
307 4290 440 4353 saeculi
458 4290 712 4353 undevicesimi
727 4309 821 4353 anno
834 4288 980 4352 incerto.

239 4446 444 4528 Sequuntur
460 4446 536 4509 eius
552 4446 685 4528 scripta
696 4446 793 4529 typis
809 4445 982 4526 impressa

156 4578 191 4631 et
205 4568 462 4649 manuscripta:

239 4731 262 4787 1.
291 4729 397 4786 Plures
420 4731 687 4786 commentationes
711 4731 790 4805 typis
814 4731 982 4804 impressae

156 4835 196 4892 in:
218 4833 398 4909 Hirschings
417 4834 799 4891 historisch·literarischer
820 4833 981 4891 Handwei-

155 4955 203 4994 ser
213 4938 266 4996 111.
281 4953 334 5012 47,
347 4953 357 4994 1
369 4953 417 5006 12,
429 4938 488 4994 und
502 4941 540 4995 1111
553 4935 655 4994 811119-
668 4937 726 4994 und
739 4938 981 4995 Klosterlexicon

154 5038 290 5119 (Leipzig
310 5041 411 5122 1792).
428 5044 451 5100 1.
470 5040 542 5117 629.

239 5182 277 5238 11.
305 5181 439 5257 Regeste
466 5200 520 5239 aus
548 5181 614 5238 dem
639 5181 747 5238 Theile
773 5182 827 5239 des
852 5181 982 5256 grassich

154 5285 340 5363 Lippischen
363 5286 527 5355 ArchiveS,
551 5285 683 5343 welches
707 5286 782 5343 nach
806 5285 838 5344 S.
863 5287 981 5343 Blasien

153 5392 343 5466 gekommen‚
356 5410 416 5449 von
429 5390 649 5465 1256—1423.
667 5389 696 5469 (1.
709 5409 735 5448 e.
750 5392 882 5466 Regesta
895 5389 982 5447 tabu·

1059 628 1123 685 larii
1141 630 1282 685 comitum
1299 628 1336 685 de
1352 625 1473 706 Lippe.)
1494 630 1731 706 Manuscriptum
1747 628 1891 686 adserva·

1058 746 1106 791 tur
1121 735 1150 789 in
1165 734 1290 790 archivo
1307 733 1570 813 61110101111191191.Ι

1144 839 1197 895 111.
1221 837 1344 912 Auszug
1368 856 1422 894 aus
1444 837 1502 894 den
1525 857 1561 893 zu
1582 834 1614 894 S.
1636 837 1756 894 Blasien
1776 835 1891 894 befind·

1058 941 1155 998 lichen
1178 943 1276 998 Acten
1304 943 1358 999 des
1384 942 1719 1000 Pralatenstandischen
1742 933 1891 999 Archiues

1058 1065 1118 1103 von
1150 1044 1369 1120 1523—1636.
1398 1043 1427 1125 (i.
1453 1066 1479 1104 e.
1508 1047 1653 1104 Extracta
1681 1065 1718 1103 ex
1742 1045 1891 1104 tabulario

1059 1151 1260 1226 praelatorum
1289 1154 1318 1208 in
1344 1169 1424 1208 mon.
1449 1149 1486 1207 ad
1509 1149 1541 1208 S.
1566 1150 1696 1207 Blasium
1720 1147 1891 1229 existente.)

1059 1256 1295 1332 Manuscriptum
1317 1256 1377 1312 hoc
1400 1255 1514 1311 evolvit
1537 1257 1709 1312 continuam
1733 1256 1889 1312 historiam

1058 1362 1220 1418 anterioris
1246 1360 1387 1418 Austriae
1414 1362 1492 1416 intra
1519 1372 1636 1435 tempus
1667 1357 1890 1433 1523—1636‚

1060 1465 1194 1541 inprimis
1214 1484 1331 1541 pugnas
1347 1464 1485 1522 ordinum
1499 1464 1547 1520 vel
1564 1476 1693 1521 statuum
1711 1466 1890 1539 Brisgoviae

1060 1569 1097 1624 de
1113 1567 1259 1625 reditibus
1275 1567 1404 1646 publicis
1424 1588 1491 1625 cum
1513 1570 1639 1644 imperio
1655 1569 1807 1626 Austriae.
1828 1568 1890 1626 Ad-

1059 1686 1199 1729 servatur
1215 1675 1243 1729 in
1259 1674 1383 1730 archivo
1399 1673 1645 1730 Caroloruhensi.

1146 1784 1346 1858 Buswald
1364 1795 1607 1859 Dominicus
1625 1796 1890 1877 (Admonten-

1059 1911 1139 1994 sis).
1161 1912 1298 1975 Fanum
1315 1933 1341 1978 s.
1354 1915 1592 1997 Magdalenae
1609 1914 1645 1976 in
1662 1912 1769 1978 Stiria
1785 1916 1891 1999 origi·

1059 2056 1140 2098 nem
1161 2036 1260 2099 dedit
1281 2036 1467 2100 Dominico
1488 2059 1518 2116 4.
1534 2037 1621 2099 Dec.
1644 2041 1733 2116 1814.
1756 2035 1891 2102 Studiis

1059 2178 1195 2222 summa
1208 2178 1287 2221 cum
1300 2159 1405 2221 laude
1417 2159 1599 2240 absolutis,
1613 2160 1726 2222 ordini
1739 2180 1766 2225 s.
1779 2161 1891 2242 patris

1059 2279 1246 2344 Benedicti
1274 2302 1321 2360 19.
1338 2281 1424 2344 Maii
1445 2285 1525 2360 1839
1548 2281 1641 2344 votis
1665 2283 1891 2346 sollemnibus

1060 2401 1197 2465 emissis
1214 2412 1269 2465 est
1284 2412 1505 2485 aggregatus
1521 2413 1557 2465 et
1573 2426 1603 2482 4.
1621 2404 1715 2487 Aug.
1733 2405 1891 2468 eiusdem

1059 2523 1142 2587 anni
1157 2523 1331 2606 primitias
1344 2525 1539 2589 celebravit
1552 2528 1749 2608 sollemnes,
1763 2548 1808 2589 ex
1821 2548 1891 2609 quo

1059 2647 1095 2709 in
1116 2647 1303 2729 gymnasio
1320 2647 1567 2729 Admontensi,
1589 2649 1838 2733 Marburgensi
1855 2658 1891 2713 et

1059 2778 1238 2850 postremo
1248 2766 1441 2832 Graecensi
1450 2770 1688 2851 professorem
1697 2771 1771 2852 egit
1780 2770 1891 2852 philo-

1059 2890 1176 2973 logiae
1189 2909 1301 2972 usque
1314 2892 1360 2954 ad
1373 2899 1531 2973 mortem,
1548 2891 1604 2954 cui
1617 2891 1891 2956 inflammatione

1060 3014 1262 3094 pulmonum
1281 3013 1447 3076 occubuit
1467 3018 1514 3078 18.
1527 3013 1613 3076 Dec.
1632 3018 1722 3079 1862.
1734 3013 1890 3077 Domini·

1061 3154 1123 3198 cus
1149 3136 1231 3198 albo
1259 3136 1442 3198 doctorum
1467 3135 1712 3218 philosophiae
1738 3136 1890 3198 insertus

1062 3267 1148 3321 erat.
1174 3257 1307 3339 Opera:

1147 3386 1170 3442 1.
1193 3383 1295 3442 Ueber
1316 3383 1370 3439 das
1393 3383 1511 3446 101111911
1526 3382 1667 3439 Bildende
1688 3382 1742 3439 des
1759 3381 1890 3459 Sprach·
1994 3371 1996 3375 ¹

1062 3490 1270 3547 unterrichtes.
1296 3484 1324 3565 (i.
1342 3507 1368 3544 e.
1390 3488 1437 3544 De
1457 3489 1577 3562 ingenio
1599 3486 1785 3543 educationis
1808 3488 1904 3554 insti·,

1062 3595 1166 3650 tutioni
1193 3592 1410 3668 grammaticali
1439 3589 1549 3669 insito.)
1581 3590 1759 3665 Marburger
1782 3592 1890 3668 Gymn.

1060 3701 1237 3774 Programm
1257 3697 1348 3770 1854.
1407 3716 1410 3723 ·

1148 3805 1185 3860 11.
1209 3801 1325 3870 Leben‚
1347 3780 1584 3869 Wissentffhait,
1608 3799 1729 3858 Schule.
1754 3802 1891 3876 Padago·

1060 3906 1361 3985 gisch·didactische
1385 3906 1613 3980 Bemerkungen
1637 3908 1690 3962 mit
1713 3908 1808 3963 einem
1829 3905 1891 3963 An·

1060 4015 1159 4089 hange
1175 4010 1251 4069 iiber
1266 4011 1324 4068 den
1336 4011 1675 4066 Elementarunterricht
1691 4013 1720 4066 in
1736 4010 1791 4067 der
1805 4009 1891 4067 Satz·

1061 4118 1153 4174 lehre.
1179 4114 1208 4195 (i.
1230 4136 1256 4173 e.
1278 4117 1389 4172 Notata
1412 4114 1559 4190 quaedam
1580 4113 1751 4194 didactica.)
1777 4114 1892 4171 Grazer

1062 4223 1170 4298 Gymn.
1187 4223 1294 4295 Progr.
1316 4218 1406 4292 1858.

1147 4327 1200 4382 111.
1229 4326 1345 4384 Unsere
1372 4325 1437 4380 Zeit
1462 4342 1532 4379 rom
1559 4323 1758 4380 universellen
1782 4321 1890 4379 Stand·

1061 4431 1175 4508 punkte
1195 4449 1250 4486 aus
1265 4428 1447 4486 beleuchtet.
1473 4425 1503 4505 (i.
1524 4446 1550 4484 e.
1571 4428 1616 4484 De
1640 4429 1730 4501 genio
1755 4427 1889 4483 moderni

1061 4533 1150 4615 aevi.)
1168 4535 1258 4592 Graz.
1280 4533 1371 4592 1861.
1389 4533 1432 4590 8⁰.

1149 4643 1473 4721 Canandschian
1509 4654 1693 4717 Elissus
1726 4651 1890 4734 (Mechi-

1061 4775 1270 4856 tharista),
1298 4771 1607 4852 Constantinopoli
1634 4770 1691 4832 die
1720 4789 1769 4848 27·
1795 4769 1889 4852 Aug.

1067 4903 1146 4961 1828
1163 4907 1278 4979 natuS,
1294 4895 1456 4958 Viennae
1473 4894 1509 4956 in
1521 4894 1642 4955 Austr.
1655 4890 1779 4952 habitu
1793 4911 1818 4952 s.
1833 4876 1893 4952 die

1062 5042 1091 5098 4.
1111 5016 1191 5082 Oct.
1212 5021 1292 5096 1846
1310 5016 1463 5095 indutus,
1481 5015 1539 5077 die
1555 5018 1585 5076 3.
1602 5012 1688 5075 Maii
1709 5015 1789 5090 1848
1806 5019 1891 5074 vota

1063 5139 1188 5222 emisit,
1206 5150 1242 5202 et
1258 5137 1315 5202 die
1337 5159 1362 5200 1.
1379 5136 1467 5198 Maii
1488 5143 1715 5198 consecratus
1736 5142 1792 5197 est
1811 5154 1890 5217 pre-

1063 5265 1196 5347 sbyter.
1223 5262 1265 5325 In
1288 5257 1503 5324 monasterio
1525 5256 1594 5321 fuit
1617 5255 1890 5339 subpraefectus

1062 5383 1274 5448 novitiorum
1298 5393 1335 5445 et
1355 5381 1538 5465 professor
1555 5379 1800 5444 humaniorum
1818 5387 1890 5440 stu·

1430 5486 1436 5504 .
1631 5485 1666 5549 5,
