4178 6196
914 421 1196 504 -176-

182 619 312 703 quibus
332 621 372 685 P.
395 619 596 683 Fridolinus
612 620 736 703 Kopp,
761 622 954 684 monachus
978 631 1014 684 et

183 753 310 824 postea
325 744 439 805 abbas
455 762 497 806 ac
509 742 676 826 princeps
687 742 865 806 Murensis
881 742 916 806 in
927 743 1013 806 Hel-

177 864 279 944 vetia
293 864 543 948 genealogiam
556 864 821 948 diplomaticam
837 877 1013 949 augustae

181 985 301 1068 gentis
315 986 591 1070 Habsburgicae
606 987 814 1070 impetebat,
831 987 943 1050 solide
958 1007 1012 1051 re-

181 1108 328 1190 spondit
349 1109 384 1171 in
408 1128 473 1172 suo
497 1128 673 1192 anonymo
702 1110 882 1173 denudato
906 1119 942 1173 et
966 1111 1012 1173 ad

181 1231 297 1293 locum
312 1231 488 1313 restituto,
508 1231 571 1294 ubi
585 1233 775 1313 probatum
795 1231 891 1314 fecit,
915 1243 1012 1296 acto-

181 1371 258 1415 rum
272 1352 491 1416 Murensium
507 1363 698 1436 auctorem,
715 1364 869 1436 excepta
880 1374 1012 1437 genea-

180 1474 287 1557 logia,
301 1494 407 1556 quam
416 1463 653 1557 Marquardus
665 1474 840 1559 Herrgott
852 1495 922 1539 non
934 1476 1010 1539 sine

180 1596 378 1659 rationibus
387 1596 660 1680 impugnaverit,
670 1597 876 1665 Blasianum
888 1597 1009 1679 fuisse,

181 1736 200 1780 e
221 1738 247 1780 s.
264 1718 385 1781 Blasio
406 1719 452 1780 ad
473 1718 655 1782 abbatiam
670 1718 873 1782 Murensem
888 1729 1011 1802 postu·

179 1840 300 1903 latum.
321 1840 414 1903 Huic
430 1840 529 1923 operi
545 1840 676 1904 adiecit
692 1841 882 1905 chronicon
894 1841 1010 1924 Biirg·

178 1962 288 2044 lense,
305 1972 412 2025 antea
428 1962 609 2044 ineditum,
623 1964 718 2045 quod
731 1961 924 2045 Conradus,
937 1983 1010 2027 mo-

179 2085 313 2148 nachus
337 2083 636 2167 San-Blasianus,
659 2085 860 2149 Wemhero
884 2085 1009 2148 iuniori

180 2207 225 2269 de
238 2206 468 2270 Kaltenbach
483 2177 693 2290 Biirglensis
707 2209 817 2271 cellae
828 2207 1009 2271 fundatori

179 2347 343 2410 coaevus,
364 2328 400 2391 in
420 2329 561 2392 laudem
586 2329 767 2411 piissimae
787 2329 943 2393 familiae
964 2331 1008 2393 de

178 2449 407 2513 Kaltenbach
420 2450 642 2533 conscripsit,
658 2451 800 2514 insertis
814 2471 919 2533 quam
931 2452 1008 2535 plu·

178 2570 286 2654 rimis,
303 2592 395 2654 quae
411 2574 457 2635 ad
472 2572 719 2636 illustrandam
728 2573 912 2637 historiam
928 2594 1008 2638 coe-

177 2693 274 2756 nobii
290 2713 317 2758 s.
330 2694 442 2757 Blasii
455 2695 645 2778 pertinent.
661 2696 793 2758 Postea
806 2696 1008 2759 senescenti

178 2826 214 2879 et
236 2815 315 2878 aliis
337 2816 520 2879 laboribus
545 2816 701 2880 distento
726 2818 766 2882 P.
789 2817 1007 2900 Marquardo

176 2936 364 3020 Herrgott,
392 2939 453 3020 qui
481 2959 560 3002 cum
591 2939 694 3002 titulo
724 2938 1006 3023 vices-gerentis

176 3059 475 3144 Krotzingensem
488 3061 771 3145 praeposituram
784 3062 1006 3126 administra-

175 3185 248 3266 bat,
257 3183 293 3247 in
305 3184 503 3248 subsidium
514 3186 629 3268 datus,
642 3184 890 3268 agriculturae,
904 3205 1006 3266 prae-

175 3306 297 3369 sertim
313 3326 406 3369 nova
421 3308 589 3370 methodo
603 3308 822 3371 excolendae
838 3307 1005 3389 intentus,

175 3429 286 3492 multa
303 3448 348 3491 ex
370 3411 468 3491 libris
488 3429 662 3493 eiusmodi
685 3429 834 3493 collecta
853 3430 1006 3493 tentavit

175 3551 276 3617 vario
313 3570 497 3625 successu;
538 3552 691 3615 societas
735 3551 877 3634 agraria
919 3551 1005 3634 pagi

176 3672 433 3756 Aargaviensis
466 3673 502 3736 in
525 3661 700 3737 ¹Heluetia
732 3693 811 3736 eum
847 3674 1005 3736 sodalem

176 3794 342 3877 suscepit.
363 3794 618 3858 Felicissimam
630 3805 749 3858 autem
765 3795 898 3858 sociam
911 3795 1005 3858 Mar-

176 3919 311 3999 quardo
330 3917 504 4000 Herrgott
524 3917 640 3980 iunxit
663 3937 808 3999 operam
831 3918 877 3980 ad
900 3916 1005 3999 perfi-

175 4039 302 4103 cienda
321 4050 548 4102 monumenta
565 4040 767 4122 Austriaca,
789 4058 889 4122 quae,
911 4039 1005 4103 Mar·

175 4164 311 4244 quardo
337 4162 512 4245 Herrgott
538 4161 622 4225 fatis
649 4161 787 4243 functo,
815 4162 1004 4243 parochiae

173 4284 328 4348 vicarius
341 4284 376 4347 in
388 4283 667 4368 Neggenschwil
684 4294 719 4347 et
731 4303 917 4367 supremus
929 4284 1004 4347 uni·
1042 4270 1045 4345 l

174 4417 289 4471 tarum
306 4408 535 4471 ecclesiarum
555 4406 820 4470 administrator
835 4406 870 4470 in
885 4407 1004 4469 Bonn-

174 4529 257 4593 dorf
275 4529 440 4612 perfecit,
469 4548 688 4612 quorumque
712 4538 845 4592 tomum
868 4529 929 4594 IV.
957 4550 1003 4592 ex

174 4654 313 4716 duabus
340 4651 502 4733 partibus
530 4651 765 4734 compositum
791 4651 889 4735 typis
914 4651 1003 4716 San-

174 4774 351 4838 Blasianis
365 4773 549 4837 commisit.
567 4775 608 4837 In
619 4773 815 4855 praemium
831 4754 1002 4858 laborum,

174 4916 263 4979 quos
279 4917 344 4977 pro
356 4897 567 4960 illustranda
578 4896 725 4959 historia
736 4897 873 4959 Domus
884 4896 1002 4960 Habs-

171 5018 1002 5102 burgiaeetLotharingiaeinsumpserat,abim-

172 5140 646 5222 peratriceMariaTheresia
654 5160 768 5221 aeque
777 5151 886 5223 atque
894 5140 1002 5202 Herr-

173 5272 295 5346 gottus
322 5262 513 5326 consiliarii
540 5282 581 5325 ac
608 5262 886 5345 historiographi
915 5261 1002 5341 regii

171 5384 275 5448 titulo
296 5395 332 5448 et
355 5384 487 5446 honore
509 5395 654 5448 omatus
678 5395 742 5449 est.
771 5383 859 5447 Cum
882 5393 1001 5448 autem

1052 629 1055 650 ¹
1092 640 1182 704 opus
1205 622 1273 684 hoc
1296 620 1522 704 splendidum
1546 629 1582 682 et
1607 639 1727 683 carum
1749 619 1852 683 fatali
1872 619 1924 683 in·

1092 743 1218 807 cendio
1242 744 1405 807 coenobii
1426 763 1453 809 s.
1470 743 1584 807 Blasii
1599 763 1692 807 anno
1713 747 1793 823 17b8
1815 743 1923 806 inter·

1090 865 1179 948 lerit,
1193 867 1239 928 ad
1251 865 1336 929 illud
1348 865 1607 930 restituendum
1622 864 1718 928 misit
1730 865 1923 948 Augustis·

1090 988 1179 1052 sima
1198 988 1314 1052 Maria
1329 989 1499 1052 Tberesia
1521 1008 1606 1067 4000
1625 987 1789 1070 florenos,
1811 997 1848 1051 et
1867 1006 1922 1050 re-

1089 1110 1215 1192 stituit,
1236 1130 1315 1173 cum
1336 1110 1476 1174 interim
1495 1111 1536 1174 P.
1552 1111 1739 1174 Rustenus
1759 1129 1922 1193 praema-

1090 1242 1170 1296 tura
1185 1241 1297 1296 morte
1314 1233 1372 1296 die
1389 1254 1418 1296 2.
1436 1234 1524 1316 Apr.
1546 1238 1626 1312 1769
1644 1232 1801 1315 obiisset,
1818 1232 1922 1296 auxit

1090 1365 1127 1419 et
1141 1356 1188 1418 ad
1204 1375 1269 1418 sua
1280 1365 1442 1437 tempora
1455 1355 1604 1418 deduxit
1616 1357 1731 1418 abbas
1743 1355 1920 1418 Martinus

1090 1477 1253 1543 Gerbert.

1176 1600 1382 1683 Sequuntur
1401 1619 1512 1682 opera
1532 1600 1608 1662 eius
1627 1600 1725 1683 typis
1747 1600 1921 1682 impressa

1090 1736 1126 1788 et
1141 1744 1247 1787 manu
1263 1723 1412 1806 scripta:

1176 1852 1198 1908 I.
1215 1850 1391 1926 Anonymus
1406 1851 1556 1906 Murensis
1579 1848 1746 1905 denudatus
1767 1861 1798 1905 et
1819 1847 1857 1905 ad
1875 1849 1920 1906 lo·

1089 1976 1156 2014 cum
1171 1975 1257 2013 suum
1273 1957 1440 2022 restitutus,
1456 1957 1521 2011 sive
1536 1965 1605 2010 acta
1619 1952 1802 2011 fundationis
1815 1972 1920 2012 mona·

1088 2062 1171 2118 sterii
1187 2061 1335 2117 Murensis
1351 2059 1449 2117 denuo
1466 2059 1644 2115 examinata.
1669 2057 1808 2114 Accessit
1829 2059 1919 2116 chro-

1088 2166 1176 2221 nicon
1211 2164 1386 2239 Bilrglense.
1426 2161 1566 2237 Friburgi
1597 2163 1790 2237 Brisgoviae,
1827 2176 1917 2236 1755.

1087 2288 1116 2345 p·
1133 2267 1207 2342 384·
1225 2275 1268 2342 4⁰·

1173 2374 1210 2429 II.
1220 2373 1467 2449 .Taph0graphia
1483 2376 1651 2450 principum
1667 2371 1819 2440 nustriae,
1837 2389 1916 2447 quae

1087 2491 1134 2534 est
1145 2496 1217 2554 pars
1231 2479 1253 2534 1.
1264 2490 1294 2534 et
1303 2479 1340 2534 ΙΙ.
1351 2478 1440 2534 Tomi
1451 2478 1501 2535 IV.
1512 2491 1541 2534 et
1550 2477 1643 2533 ultimi
1657 2489 1916 2533 monumentorum

1086 2582 1165 2656 Aug.
1187 2583 1302 2639 Domus
1318 2581 1507 2639 Austriacae.
1532 2583 1604 2638 Post
1625 2594 1751 2638 mortem
1773 2580 1838 2636 RR.
1859 2581 1917 2637 ΡΡ.

1086 2686 1258 2762 Marquardi
1284 2687 1433 2761 Herrgott
1459 2700 1489 2743 et
1517 2687 1642 2743 Rusteni
1671 2687 1752 2742 Heer
1779 2705 1808 2742 0.
1833 2701 1858 2742 s.
1884 2685 1917 2741 B.

1086 2793 1332 2866 congregationis
1348 2790 1386 2847 ad
1402 2811 1426 2848 s.
1440 2791 1570 2847 Blasium
1586 2792 1616 2846 in
1632 2788 1714 2846 Silva
1730 2791 1817 2863 nigra
1834 2791 1917 2865 capi·

1086 2896 1234 2965 tularium,
1255 2915 1312 2953 nec
1332 2915 1392 2953 non
1412 2894 1444 2953 S.
1461 2896 1495 2953 C.
1513 2896 1549 2952 R.
1565 2895 1602 2951 A.
1621 2896 1787 2951 Maiestatis
1809 2894 1916 2950 consil.

1086 3001 1117 3058 et'
1139 3000 1468 3077 historiographorum,
1492 3001 1632 3067 restituit,
1654 3000 1742 3055 novis
1762 2999 1915 3055 accessio·

1085 3104 1173 3162 nibus
1193 3107 1276 3161 auxit
1299 3118 1329 3162 et
1352 3104 1389 3161 ad
1414 3105 1489 3161 haec
1510 3122 1606 3180 usque
1630 3118 1768 3178 tempora
1792 3101 1915 3159 deduxit

1084 3211 1231 3266 Martinus
1248 3207 1427 3276 Gerbertus,
1448 3207 1581 3265 eiusdem
1599 3208 1846 3281 congregationis
1861 3205 1916 3263 ab·

1085 3313 1141 3371 bas
1161 3313 1194 3371 S.
1212 3314 1246 3371 U.
1264 3314 1300 3371 R.
1317 3314 1340 3369 I.
1357 3313 1389 3368 P.
1412 3345 1454 3354 -
1478 3314 1552 3368 Pars
1573 3313 1658 3387 prior
1678 3312 1813 3367 continet
1833 3328 1916 3367 com·

1084 3421 1275 3488 memmium,
1300 3436 1361 3493 quo
1386 3415 1506 3474 tabulae
1528 3435 1641 3473 aeneae
1665 3435 1701 3473 ac
1724 3427 1916 3472 monumenta

1084 3536 1185 3580 cetera
1202 3535 1401 3599 exponuntur,
1416 3520 1561 3578 subiectis
1576 3520 1685 3577 tabulis
1699 3518 1912 3594 necrologicis.

1083 3628 1113 3683 T
1115 3630 1182 3704 ypis
1195 3625 1429 3694 San-Blasianis,
1445 3639 1535 3699 1772.
1549 3644 1578 3701 p.
1589 3638 1661 3698 552.
1675 3625 1699 3680 F
1701 3624 1771 3681 olio.
1785 3624 1914 3685 —Pars

1085 3733 1237 3809 posterior
1264 3732 1407 3797 continet,
1432 3731 1598 3806 praemisso
1622 3727 1780 3802 singulari,
1808 3726 1916 3784 librum

1083 3837 1226 3904 ultimum,
1243 3835 1281 3892 de
1297 3837 1379 3891 urnis
1392 3849 1529 3908 extorum
1545 3847 1575 3891 et
1587 3833 1732 3899 cordium,
1749 3834 1915 3889 auctarium

1083 3942 1278 4019 diplomatum
1297 3959 1362 3997 cum
1379 3939 1485 4007 indice,
1508 3951 1537 3995 et
1559 3936 1677 3994 tabulas
1697 3956 1769 3994 aere
1790 3955 1915 4013 expres·

1083 4065 1133 4104 sas
1157 4064 1236 4101 num.
1259 4044 1393 4123 CXVIII.
1423 4043 1521 4119 Typis
1544 4040 1793 4104 San-Blasianis.
1823 4053 1913 4115 1772.

1084 4171 1112 4228 p.
1135 4164 1207 4224 1933
1225 4169 1254 4226 p.
1272 4148 1331 4205 ind.
1348 4163 1400 4222 39.
1417 4147 1485 4204 Fol.

1170 4256 1221 4311 111.
1243 4255 1425 4311 Dissertatio
1443 4251 1481 4309 de
1497 4252 1662 4308 litterarum
1679 4249 1785 4306 studiis
1802 4251 1831 4305 in
1848 4268 1912 4307 mo·

1083 4361 1215 4417 nasterio
1236 4378 1260 4415 s.
1277 4357 1368 4414 Blasii
1389 4358 1487 4431 magis
1508 4358 1666 4429 magisque
1687 4352 1913 4430 promovendis.

1082 4465 1278 4539 Manuscript.
1296 4464 1465 4520 continetur
1481 4463 1510 4518 in
1527 4459 1668 4517 Stanislai
1682 4457 1825 4516 Wdlberz
1838 4477 1913 4515 ana·

1082 4569 1227 4626 lectorum
1243 4581 1326 4624 tomo
1342 4567 1378 4623 V.
1396 4585 1425 4642 p.
1442 4580 1515 4638 322.

1168 4674 1218 4731 IV.
1242 4673 1483 4730 Commentarius
1504 4688 1596 4746 super
1618 4669 1752 4743 regulam
1773 4688 1798 4725 s.
1815 4669 1912 4725 Bene·

1081 4779 1151 4835 dicti
1169 4789 1198 4835 et
1214 4777 1433 4834 meditationes.
1458 4776 1655 4850 Manuscript.
1682 4787 1758 4847 1755
1783 4774 1812 4828 in
1829 4772 1912 4830 folio.

1080 4885 1154 4940 Pars
1176 4883 1198 4938 I.
1223 4880 1450 4979 continettiolia
1479 4893 1553 4953 197,
1578 4897 1648 4954 pars
1674 4873 1711 4934 ΙΙ.
1741 4876 1813 4934 lolia
1840 4870 1912 4950 205.

1080 4987 1269 5044 Adservatur
1285 4988 1313 5042 in
1329 4986 1455 5042 archivo
1471 4983 1645 5041 San-Paulo
1662 4984 1718 5038 Νο.
1736 4996 1809 5055 230.

1166 5132 1391 5207 Heilmann
1416 5142 1658 5206 Fridericus
1685 5141 1910 5223 (Mellicen·

1080 5263 1160 5345 sis),
1178 5263 1391 5326 Austriacus
1408 5260 1703 5342 Taiskirchensis,
1726 5271 1832 5322 natus
1854 5258 1912 5322 die

1081 5405 1131 5447 20.
1147 5385 1221 5448 Ian.
1243 5388 1333 5468 1817,
1355 5384 1499 5448 indutus
1516 5385 1573 5447 die
1594 5407 1618 5446 1.
1637 5383 1716 5448 Oct.
1738 5386 1830 5464 1836,
1853 5379 1910 5444 die
