4208 6194
909 477 1190 549 -42,..

266 671 315 727 IV.
339 669 460 727 Statura
480 672 652 727 monasterii
674 672 706 726 B.
724 672 764 726 M.
778 672 813 728 V.
837 669 875 724 ad
897 667 1009 725 Scotos

178 775 321 832 Viennae,
351 791 361 831 1
382 775 441 832 vol.
467 781 511 848 4⁰.
533 775 677 842 Viennae,
699 773 789 841 1860,
812 776 892 849 typis
907 773 1010 829 Caroli

180 878 393 936 Ueberreuter.

265 985 301 1040 V.
318 983 522 1039 Antrittsrede
540 983 598 1039 und
610 981 878 1039 Abschiedsworte
895 982 948 1038 des
964 981 1011 1037 sur

179 1088 232 1143 das
249 1086 443 1161 Studienjahr
463 1083 575 1165 185o,s1
596 1087 765 1161 gewahlten
782 1088 813 1142 P.
828 1086 866 1142 T.
881 1087 1011 1142 Rectors

180 1192 234 1246 der
247 1191 372 1247 Wiener
384 1191 578 1247 Universitait.
604 1191 665 1266 Ipsi
682 1191 741 1248 duo
758 1209 914 1246 sermones
931 1192 1011 1266 typis

180 1296 309 1352 mandati
327 1309 418 1370 atque
435 1297 463 1351 in
480 1296 604 1352 archivo
622 1297 826 1352 universitatis
839 1296 945 1352 Vienn.
963 1314 1010 1351 re·

180 1402 271 1475 positi
288 1413 457 1456 servantur.

268 1528 557 1602 Schumacher
571 1539 780 1602 Henricus
798 1539 830 1621 (a
844 1558 871 1602 s.
885 1539 1011 1601 Petro

181 1656 374 1720 Salisbur
380 1656 444 1739 gi),
459 1657 670 1720 Austriacus
684 1678 730 1718 ex
742 1657 892 1736 Weitra,
906 1667 1010 1719 natus

183 1802 231 1857 29.
246 1780 336 1843 Nov.
354 1799 444 1860 1709,
461 1779 616 1841 novitius
638 1801 662 1840 1.
676 1779 765 1842 Nov.
785 1784 875 1862 1819,
893 1800 1011 1842 mona-

182 1903 267 1963 chus
284 1900 467 1982 professus
488 1922 513 1963 1.
531 1901 621 1964 Nov.
643 1906 733 1982 1822,
756 1911 942 1984 neomysta
959 1905 1009 1963 31.

182 2023 276 2104 Aug.
295 2027 385 2103 1823,
402 2022 533 2084 exinde
550 2042 614 2103 per
628 2027 667 2084 28
681 2041 793 2083 annos
806 2022 926 2084 docuit
938 2032 1012 2084 tum

181 2145 215 2206 in
228 2144 414 2226 gymnasio
425 2143 691 2226 Salisburgensi
706 2147 755 2225 (17
771 2146 894 2224 annos)
909 2143 1012 2206 disci-

182 2267 297 2348 plinas
323 2267 549 2329 humaniores
578 2277 613 2329 et
640 2268 674 2329 in
702 2268 804 2349 lyceo
831 2267 1012 2329 historiam

182 2389 418 2450 universalem
441 2399 477 2451 et
498 2389 739 2472 philologiam,
764 2388 896 2452 additis
920 2388 1013 2451 curis

182 2518 217 2571 et
232 2510 415 2572 laboribus
432 2510 592 2592 magistri
605 2510 818 2573 novitiorum
834 2521 870 2573 et
885 2510 1012 2571 biblio·

180 2632 337 2713 thecarii,
355 2632 529 2712 praefecti
546 2652 608 2694 seu
623 2631 807 2695 directoris
823 2632 1011 2716 gymnasii,

180 2764 254 2814 tum
272 2752 480 2833 Ottoburae,
498 2754 558 2815 ubi
576 2753 723 2815 clericos
739 2754 1011 2836 philosophiam,

181 2883 217 2936 et
244 2875 432 2956 Augustae
460 2874 742 2956 Vindelicorum,
774 2876 835 2937 ubi
861 2875 1010 2956 primum

181 2997 384 3078 disciplinas
407 2997 649 3079 humaniores,
677 2997 778 3077 dein,
800 3009 917 3060 rector
940 3008 1012 3060 stu-

181 3118 317 3181 diorum
339 3120 592 3182 catholicorum
616 3140 657 3183 ac
682 3120 785 3182 simul
805 3120 1012 3182 scholarcha

181 3241 443 3321 provinciarum
457 3239 611 3304 Sueviae
625 3251 660 3304 et
672 3242 857 3324 Neoburgi
871 3253 906 3304 et
919 3262 1012 3304 com-

181 3361 362 3423 missarius
397 3362 518 3444 regius
552 3363 790 3425 bibliothecae
826 3362 945 3425 circuli
976 3374 1012 3424 et

181 3484 277 3545 urbis
299 3483 489 3566 Augustae
505 3485 646 3548 Vindel.
668 3485 879 3566 nominatus,
902 3485 1012 3548 histo·

180 3604 267 3666 riam
276 3605 513 3667 universalem
527 3616 563 3668 et
575 3607 786 3669 Bavaricam
800 3607 1011 3669 etarchaeo-

182 3727 313 3808 logiam
337 3728 457 3790 doeuit
483 3737 584 3791 tanto
611 3749 690 3791 curn
714 3748 899 3810 successu,
928 3737 967 3790 ut
991 3750 1012 3791 a

180 3868 266 3930 rege
280 3849 463 3911 Ludovico
479 3860 621 3912 moneta
634 3871 699 3931 pro
713 3851 846 3913 meritis
860 3854 904 3912 de
917 3851 1011 3931 prin-

181 3971 260 4051 cipe
282 3980 318 4033 et
338 3970 454 4051 patria
476 3972 713 4035 decoraretur.
740 3972 838 4036 Obiit
859 3994 905 4036 12.
923 3972 1010 4054 Apr.

185 4097 274 4154 1852.

268 4220 428 4277 Leitfaden
450 4221 503 4276 der
526 4219 725 4293 allgemeinen
742 4220 1010 4295 Weltgcschichte.

180 4323 209 4402 (i.
232 4345 258 4381 e.
280 4326 434 4382 Historiae
456 4325 634 4382 universalis
654 4322 808 4404 analysis.)
833 4327 889 4382 Ms.
915 4328 944 4381 in
967 4332 1010 4399 4⁰.

180 4447 197 4501 3
213 4434 295 4487 tomi.
318 4429 495 4504 1840-48.
510 4430 631 4486 Archiv.
650 4429 898 4485 CCLXXXVIII.
921 4445 1010 4502 1-3.

267 4560 465 4634 Schuster
490 4570 606 4632 Beda
634 4569 947 4652 (Mellicensis),
977 4571 1012 4633 in

182 4688 373 4770 Purgstall,
397 4687 567 4750 Austriae
588 4686 764 4749 inferioris
786 4687 928 4769 oppido,
955 4689 1012 4750 die

182 4829 231 4887 24.
250 4811 323 4873 Iun.
346 4829 425 4888 1724
447 4821 562 4892 natus,
592 4829 670 4888 1742
697 4810 755 4872 die
781 4831 806 4873 1.
827 4810 901 4873 Ian.
924 4829 950 4874 s.
972 4810 1010 4872 P.

179 4932 368 4994 Benedicti
395 4933 555 5014 regulam
579 4931 761 5013 professus
786 4941 822 4994 et
850 4936 931 5010 1748
955 4931 1012 4993 die

185 5060 231 5118 13.
243 5053 321 5119 Oct.
334 5055 536 5117 sacerdotio
549 5054 782 5137 inauguratus
795 5064 859 5118 est.
872 5055 1012 5137 Dignus

180 5176 387 5259 Hieronymi
411 5177 482 5239 Pez
506 5176 716 5258 discipulus,
746 5177 806 5258 qui
831 5177 1013 5258 professor

179 5299 376 5361 litterarum
392 5299 646 5382 humaniorum,
669 5299 871 5380 theologiae
893 5308 929 5361 et
948 5297 1012 5360 lin-

180 5440 273 5502 guae
290 5419 451 5484 Graecae
472 5421 611 5503 magnis
633 5423 668 5483 in
688 5421 853 5483 laudibus
874 5419 951 5501 fuit,
975 5428 1012 5482 et

1091 681 1170 724 cum
1189 661 1430 723 bibliothecae
1453 679 1537 721 cura
1563 659 1596 721 ei
1616 661 1819 723 concredita
1839 661 1924 723 fuis-

1090 793 1146 845 set
1163 802 1293 845 novum
1309 783 1479 844 librorum
1495 781 1657 861 indicem,
1682 783 1816 845 assidui
1837 803 1923 864 quo-

1090 904 1288 986 tidianique
1312 904 1444 966 laboris
1468 923 1559 985 opus
1568 953 1576 983 ,
1602 904 1823 985 conscripsit.
1859 906 1924 967 Vir

1092 1027 1161 1088 iam
1178 1026 1390 1108 decrepidus
1407 1026 1562 1107 praesuli
1576 1017 1723 1088 Urbano
1739 1047 1760 1087 a
1777 1026 1923 1089 secretis

1093 1168 1172 1210 esse
1185 1148 1335 1229 iubetur,
1347 1167 1416 1228 quo
1430 1148 1464 1209 in
1474 1167 1618 1210 munere
1628 1147 1808 1210 archivum
1816 1150 1923 1212 Vien-

1093 1289 1160 1331 nae
1175 1268 1318 1332 facilem
1336 1279 1372 1331 et
1388 1269 1597 1331 concinnum
1621 1269 1655 1331 in
1677 1270 1836 1332 ordinem
1854 1272 1923 1333 dis-

1092 1391 1227 1472 posuit<
1257 1392 1318 1453 Ad
1348 1392 1618 1473 monasterium,
1649 1412 1768 1454 amore
1801 1392 1923 1454 solitu·

1094 1512 1185 1574 dinis
1213 1522 1354 1594 captuS,
1385 1515 1514 1594 redux,
1545 1514 1681 1594 reliquo
1710 1515 1805 1576 vitae
1837 1534 1923 1576 suae

1093 1645 1253 1715 tempore
1266 1636 1410 1698 archivo
1424 1635 1619 1698 domestico
1631 1636 1796 1718 praefuit,
1811 1639 1923 1698 donec

1093 1756 1150 1818 die
1177 1762 1206 1821 3.
1231 1757 1335 1821 Febr.
1370 1762 1450 1820 1806
1480 1757 1574 1820 diem
1600 1759 1688 1820 obiit
1710 1777 1923 1840 supremum.

1093 1879 1168 1960 Vir,
1186 1880 1245 1960 qui
1261 1880 1380 1941 multis
1396 1879 1575 1961 variisque
1596 1879 1806 1961 perfunctus
1826 1881 1925 1943 labo-

1093 2000 1201 2082 ribus,
1218 2022 1239 2062 a
1255 2002 1390 2083 pietate
1408 2003 1443 2064 in
1459 2003 1575 2065 Deum
1592 2014 1628 2065 et
1644 2003 1814 2084 homines,
1837 2002 1924 2066 Ger-

1094 2144 1197 2185 mana
1213 2123 1293 2205 fide,
1315 2125 1478 2187 veritatis
1495 2125 1690 2207 diligentia,
1714 2146 1849 2187 morum
1870 2147 1924 2188 se·

1092 2245 1245 2307 veritate
1261 2256 1297 2308 et
1314 2247 1489 2308 modestia
1506 2256 1543 2309 et
1558 2268 1579 2308 a
1596 2248 1772 2310 continuis
1790 2248 1923 2310 littera-

1092 2386 1169 2428 rum
1185 2368 1312 2429 studiis
1328 2369 1446 2431 nobile
1462 2371 1653 2432 adsecutus
1671 2382 1725 2433 est
1741 2391 1879 2434 nomen.

1179 2514 1344 2598 Scripsit:

1179 2670 1200 2724 I.
1218 2668 1413 2725 Assertiones
1430 2670 1621 2744 theologicae
1638 2669 1675 2725 de
1690 2673 1833 2745 peccatis,
1853 2690 1923 2745 gra·

1093 2775 1132 2829 tia
1149 2786 1179 2829 et
1196 2775 1312 2840 merit0‚
1330 2793 1405 2847 quas
1421 2792 1499 2830 anno
1519 2774 1598 2847 1748
1616 2775 1665 2831 die
1684 2788 1711 2847 7.
1725 2777 1836 2831 mensis
1848 2777 1922 2831 Iunii

1093 2876 1213 2954 publice
1241 2878 1478 2953 propugnandas
1504 2882 1641 2956 suscepit
1668 2879 1750 2935 Beda
1778 2878 1924 2936 Schuster

1092 3002 1137 3039 aa.
1156 2982 1183 3039 ll.
1207 2996 1237 3038 et
1253 2984 1464 3059 philosophiae
1485 2986 1629 3058 magister
1653 3003 1677 3040 s.
1701 2984 1873 3058 theologiae
1894 2986 1922 3040 in

1092 3102 1230 3161 quartum
1248 3107 1356 3145 annum
1372 3089 1501 3156 auditor,
1526 3089 1721 3163 eiusdemque
1745 3107 1802 3164 pro
1825 3090 1921 3164 prima

1093 3192 1195 3247 laurea
1221 3192 1406 3248 candidatus.
1439 3193 1572 3249 Viennae
1599 3192 1741 3249 Austriae
1768 3212 1804 3248 ex
1833 3205 1920 3267 typo·

1092 3297 1220 3371 graphia
1237 3296 1454 3352 Kaliwodiana.
1472 3296 1537 3352 Pol.

1180 3420 1217 3475 II.
1240 3420 1441 3476 Directorium
1459 3417 1734 3475 hebdomadarium.
1758 3425 1800 3491 4⁰.
1818 3420 1874 3474 Ms.
1894 3421 1923 3474 in

1093 3521 1278 3580 bibliotheca
1294 3523 1469 3579 Mellicensi.

1180 3645 1231 3700 III.
1264 3644 1446 3700 Mellicensis
1478 3645 1651 3700 monasterii
1683 3645 1860 3700 exercitatio
1894 3646 1923 3699 in

1094 3748 1206 3805 thema:
1224 3748 1402 3823 Rudolphus
1418 3749 1440 3804 1.
1455 3748 1587 3804 Electus.
1605 3748 1748 3814 Viennae,
1771 3761 1861 3820 1753.
1880 3756 1922 3820 4⁰.

1093 3854 1169 3909 Eine
1181 3851 1389 3927 Schuldbung.
1406 3886 1449 3893 —
1464 3853 1511 3908 De
1528 3852 1585 3908 hoc
1602 3870 1696 3927 opere
1713 3854 1742 3907 in
1755 3853 1924 3928 ephemeri·

1094 3955 1181 4013 dibus
1198 3960 1350 4032 prioratus
1363 3957 1544 4013 Mellicensis
1561 3957 1634 4012 haec
1648 3956 1790 4012 adnotata
1807 3959 1923 4012 inveni:

1094 4064 1163 4119 Fuit
1184 4063 1346 4137 productio
1363 4080 1417 4117 seu
1434 4063 1588 4137 peroratio
1611 4049 1764 4116 cuiusdam
1788 4064 1922 4117 exercitii

1093 4167 1265 4223 scholastici
1283 4169 1312 4222 in
1329 4167 1446 4222 theatro
1463 4179 1587 4221 auctore
1612 4184 1634 4220 r.
1652 4165 1684 4220 P.
1701 4165 1793 4231 Beda,
1811 4168 1923 4240 repeti·

1093 4285 1159 4328 tore
1186 4271 1360 4346 politiorum
1385 4271 1560 4335 litterarum,
1588 4281 1618 4324 et
1642 4269 1761 4343 linguae
1784 4268 1923 4325 Graecae

1093 4375 1279 4451 professore,
1289 4377 1318 4430 in
1331 4374 1389 4430 hoc
1399 4374 1498 4430 thema
1507 4374 1696 4428 historicum:
1711 4371 1890 4457 Rudolphus
1901 4373 1922 4428 I.

1093 4483 1122 4535 in
1131 4480 1297 4535 Romanum
1308 4478 1523 4553 Imperatorem
1537 4477 1661 4546 electus,
1673 4477 1766 4532 variis
1778 4476 1922 4550 eloquen-

1093 4588 1152 4640 tiae
1169 4581 1433 4639 exercitationibus
1450 4578 1600 4637 exhibitus
1620 4599 1638 4636 a
1658 4581 1718 4636 FF.
1735 4579 1923 4655 Engelberto

1093 4691 1209 4755 Mliller‚
1226 4688 1400 4745 Alexandro
1417 4685 1610 4755 Fixlmiilner,
1634 4686 1777 4742 Leandro
1793 4685 1921 4753 Woller‚

1093 4807 1123 4850 et
1149 4792 1356 4851 saecularibus
1384 4811 1401 4847 a
1428 4792 1541 4848 Ioanne
1568 4790 1780 4864 Kimmerling‚
1804 4790 1922 4864 Ignatio

1093 4899 1181 4955 Tueil
1203 4912 1233 4954 et
1253 4897 1385 4973 Iosepho
1404 4896 1553 4964 Pachncr;
1576 4914 1681 4952 omnes
1697 4893 1768 4950 boni
1793 4895 1924 4950 oratoris

1093 5006 1236 5078 vicesque
1261 5022 1331 5059 suas
1351 5000 1429 5058 bene
1450 5002 1662 5076 impleverunt;
1687 5000 1741 5055 has
1757 5000 1922 5063 orationes,

1092 5128 1158 5164 cum
1180 5107 1221 5164 ob
1244 5109 1412 5181 argumenti
1437 5105 1621 5179 dignitatem,
1646 5117 1706 5159 tum
1730 5101 1772 5158 ob
1792 5104 1923 5178 purioris

1092 5212 1151 5269 stili
1169 5211 1277 5267 cultum
1291 5210 1563 5266 reverendissimus
1575 5208 1712 5264 dominus
1724 5205 1820 5263 abbas
1832 5206 1923 5263 Vien-

1092 5335 1148 5373 nae
1172 5318 1252 5391 typis
1268 5315 1400 5371 mandari
1419 5313 1490 5370 fecit
1505 5326 1535 5369 et
1552 5314 1621 5369 mihi
1638 5313 1765 5387 aliisque
1781 5308 1923 5367 fratribus

1092 5419 1250 5479 distribuit.
1268 5420 1355 5476 Conl.
1369 5421 1460 5494 Ignaz
1472 5416 1657 5492 Keiblinger,
1671 5415 1854 5473 Geschichte
1867 5416 1921 5472 des

1663 5521 1715 5581 54*
