4178 6196
916 460 1196 532 -359-

270 642 321 699 IX.
340 641 441 701 Ucber
458 644 694 720 Kdrperwarme
712 645 769 702 und
786 646 1011 706 Aetherdichte.

181 742 210 825 (i.
229 766 255 804 e.
274 747 319 803 De
335 766 497 824 corporum
516 750 619 806 calore
635 750 827 826 aetherisque
844 749 1012 828 densitate.)

182 849 462 925 Sitzungsberichte
486 848 529 930 (ut
553 853 608 910 No.
637 852 676 932 2).
706 853 796 928 1874.
817 855 884 913 Vol.
902 856 1011 913 LXIX.

182 957 303 1012 Parsz.

268 1062 305 1117 X.
331 1058 433 1116 Ueber
453 1061 519 1117 eine
537 1061 742 1119 ModisrcatIon
764 1063 817 1120 der
833 1064 1013 1122 herrschen·

181 1165 239 1221 den
256 1164 448 1221 Gastheorie.
474 1161 503 1241 (i.
525 1184 551 1221 e.
573 1166 620 1223 De
640 1166 864 1225 modificatione
884 1169 1012 1244 quadam

121 1338 124 1344 Ι
181 1270 317 1326 theoriae
343 1269 501 1327 fluidorum
526 1271 718 1329 elasticorum
743 1276 941 1330 communiter
964 1293 1012 1331 re·

181 1371 312 1453 ceptae)
335 1372 614 1450 Srtzungsberrchte
630 1373 673 1455 (ut
689 1378 744 1434 No
764 1376 803 1457 2).
831 1377 920 1452 1875.
944 1380 1011 1436 Vol

180 1478 276 1535 LXX.
293 1480 413 1536 Parsz.

268 1584 320 1640 XI.
336 1583 437 1641 Ueber
447 1582 500 1640 das
510 1583 1011 1663 VerhaltengesattrgterDampl

180 1686 209 1764 (i.
228 1707 254 1745 e.
273 1689 319 1745 De
335 1708 482 1765 vaporum
498 1702 701 1746 saturatorum
714 1688 839 1769 habitu.)
855 1690 1012 1767 Sitzungs·

181 1792 316 1850 berichte
333 1790 376 1871 (ut
392 1795 447 1851 No.
468 1791 507 1872 2).
525 1794 593 1853 Vol.
611 1794 705 1852 LXX.
724 1797 798 1852 Pars
816 1812 843 1853 2.

268 1898 334 1954 XII.
349 1897 449 1956 Ueber
459 1899 506 1954 die
516 1899 838 1976 Volumveranderung
851 1900 905 1957 des
917 1901 1011 1958 Kaut-

180 2003 293 2061 schuks
318 2003 412 2059 durch
436 2003 568 2060 Warme.
593 2000 622 2082 (i.
645 2023 671 2061 e.
694 2005 740 2061 De
762 2007 873 2081 gummi
895 2006 1011 2063 elastici

180 2109 339 2165 volumInis
362 2110 526 2165 mutatione
554 2129 609 2185 per
633 2108 787 2189 calorem.)
815 2108 1012 2185 Sitzungsbe·

180 2213 277 2269 richte
293 2209 336 2289 (ut
353 2213 408 2269 No.
428 2211 466 2291 2).
489 2213 580 2288 1875.
598 2215 664 2273 Vol.
682 2215 806 2271 LXXII.
825 2216 899 2272 Pars
917 2230 944 2272 2.

269 2317 350 2374 XIII.
377 2317 478 2376 Ueber
501 2319 558 2375 den
584 2319 715 2376 Einssuss
738 2338 798 2376 von
822 2319 926 2377 Druck
952 2319 1011 2376 und

179 2423 245 2496 Zug
257 2421 311 2479 aui
320 2421 368 2478 die
382 2422 583 2480 thermischen
592 2423 1011 2499 Ausdehnungs·Coefs1cien·

179 2539 229 2583 ten
238 2526 292 2583 der
303 2528 423 2601 Korper
436 2527 495 2583 und
509 2525 583 2584 iiber
596 2527 649 2585 das
660 2526 837 2604 bezdgliche
846 2528 1011 2585 Verbalten

178 2651 239 2688 von
256 2632 384 2688 Wasser
401 2631 460 2687 und
476 2632 663 2690 Kautschuk.
688 2629 716 2710 (1.
735 2652 761 2691 1.
780 2634 826 2690 De
842 2634 1010 2709 pressionis

177 2748 207 2793 et
223 2739 379 2793 tractionis
396 2737 505 2792 influxu
520 2738 548 2792 in
562 2736 767 2795 coessicientes
781 2739 944 2795 thermicos
956 2757 1009 2795 ex·

177 2843 323 2898 tensionis
341 2860 502 2918 corporum
516 2856 546 2898 et
558 2841 595 2898 de
608 2844 780 2918 respectIvo
796 2841 898 2900 habitu
911 2860 1009 2918 aquae

177 2961 208 3003 et
224 2948 334 3022 gummi
357 2943 495 3024 elastici.)
518 2943 798 3021 SitzungsberIchte
821 2941 864 3023 (ut
887 2947 942 3003 Νο.
968 2944 1008 3025 2).

182 3050 272 3125 1876.
290 3051 358 3110 Vol.
376 3050 500 3107 LXXII.
518 3050 592 3106 Pars
611 3065 638 3106 2.

263 3155 344 3213 XIV.
361 3156 445 3212 Neue
458 3152 549 3211 Satze
565 3154 619 3211 der
631 3155 1009 3212 mechanischenWarme·

177 3262 304 3318 theorie.
333 3276 357 3316 1.
375 3261 440 3317 Von
453 3236 507 3315 der
519 3257 568 3315 bei
583 3259 944 3335 Volumveranderungen
956 3260 1010 3317 der

176 3368 298 3442 Korper
314 3363 524 3421 entwicltelten
540 3362 615 3420 oder
627 3362 860 3420 verschluckten
873 3364 1007 3421 Warme.

176 3486 204 3528 2.
223 3471 289 3527 Von
307 3469 364 3526 den
382 3469 436 3524 das
453 3468 601 3526 Volumen
621 3467 676 3524 der
698 3469 820 3544 Korper
844 3467 1008 3544 bedingen-

176 3575 233 3632 den
247 3573 381 3631 Krasten.
396 3570 461 3649 (1.1.
475 3574 580 3629 Novae
597 3574 699 3630 theses
716 3573 907 3630 mechanicae
923 3574 1008 3630 theo·

175 3682 238 3736 riae
255 3678 375 3736 caloris.
405 3693 430 3733 1.
448 3677 495 3733 De
512 3677 613 3734 calore
630 3680 658 3732 in
671 3679 836 3734 mutatione
849 3678 1008 3735 voluminis

175 3802 337 3860 corporum
365 3783 489 3839 dimisso
514 3795 565 3838 aut
588 3780 745 3858 absorpto.
772 3797 799 3838 2.
826 3782 873 3838 De
894 3780 1007 3840 viribus

174 3890 327 3947 volumina
355 3907 515 3965 corporum
544 3884 819 3963 constituentibus.)
849 3886 1007 3962 Sitzungs-

174 3993 310 4051 berichte
327 3991 370 4071 (ut
386 3994 441 4049 No.
460 3991 499 4070 2).
522 3990 611 4065 1876.
635 3992 702 4050 Vol.
721 3992 861 4049 LXXIII.
886 3993 960 4050 Pars
977 4007 1006 4049 2.

262 4099 328 4155 XV.
346 4096 447 4155 Ucber
462 4096 520 4152 den
537 4097 660 4170 inneren
677 4097 808 4153 Zustand
826 4097 884 4153 und
899 4097 947 4154 die
964 4097 1006 4154 la·

175 4217 256 4260 tente
269 4203 395 4259 Warme
410 4202 463 4258 der
480 4201 618 4278 Dampse.
636 4198 666 4280 (i.
684 4222 710 4259 e.
728 4203 775 4259 De
790 4216 871 4259 statu
888 4205 1006 4260 interno

173 4309 339 4383 caloreque
352 4308 454 4363 latenti
469 4303 653 4384 corporum.)
670 4305 950 4382 Sitzungsberichte
964 4305 1006 4385 (ut

175 4414 230 4470 No.
250 4410 289 4491 2).
312 4411 402 4485 1877.
420 4411 487 4469 Vol.
505 4411 658 4468 LXXVII.
675 4411 750 4467 Pars
768 4427 796 4468 2.

260 4518 339 4574 XVI.
366 4516 551 4592 Grundziige
579 4516 632 4573 der
656 4498 843 4573 alttinischen
867 4516 1006 4574 Warme·

173 4623 299 4679 theorie.
317 4619 346 4699 (i.
361 4641 387 4678 e.
402 4622 552 4698 Principia
566 4621 701 4677 theoriae
713 4623 861 4677 actinicae
873 4620 1005 4700 caloris.)

174 4725 454 4801 Sitzungsberichte
466 4723 510 4803 (ut
521 4727 577 4782 No.
589 4724 628 4804 2).
651 4723 741 4799 1878.
759 4725 826 4783 Vol.
836 4725 1003 4783 LXXVIII.

174 4834 247 4888 Pars
264 4847 292 4889 2.

259 4937 354 4993 XVII.
369 4933 469 4993 Ucber
481 4935 528 4991 die
541 4935 651 4992 latente
664 4934 787 4992 Warme
800 4934 854 4991 der
865 4933 1003 5012 Dampfe.

172 5038 202 5121 (i.
220 5061 246 5098 e.
264 5041 310 5097 De
328 5040 428 5097 calore
445 5040 548 5097 latenti
566 5036 732 5117 vaporum.)
756 5039 855 5108 Wien,
879 5039 1003 5096 Hdlder.

177 5145 266 5219 1879.

259 5274 528 5348 Pusterhofer
553 5284 780 5366 Philippus
809 5284 1004 5366 (Admon-

172 5403 335 5483 tensis),
360 5402 483 5464 Leobii
506 5402 540 5463 in
557 5400 678 5484 Styria
703 5401 876 5483 superiori
901 5414 1004 5465 natus

1094 666 1144 722 24.
1161 645 1250 710 Nov.
1273 651 1363 728 1748,
1377 649 1576 712 Admontes
1594 649 1823 755 professus4
1837 650 1923 714 Dec.

1097 773 1187 850 1767,
1204 778 1391 851 neomysta
1404 770 1504 833 stetit
1516 772 1562 832 ad
1575 791 1672 834 aram
1686 776 1715 836 3
1727 771 1817 837 Nov.
1833 793 1923 853 1771.

1092 890 1211 954 Primo
1228 892 1322 954 domi
1339 911 1483 954 munere
1499 893 1711 975 professoris
1735 896 1924 979 gymnasii,

1093 1013 1352 1077 concionatoris
1373 1024 1408 1077 et
1428 1015 1587 1097 regentis
1604 1017 1702 1080 chori
1717 1017 1843 1082 musici
1859 1039 1924 1100 pro

1092 1136 1226 1199 viribus
1243 1135 1407 1219 fungens,
1432 1146 1561 1219 postea
1585 1159 1704 1203 curam
1729 1140 1924 1204 animarum

1092 1259 1283 1340 attingens
1301 1272 1569 1341 cooperatorem
1581 1264 1627 1325 ad
1640 1282 1666 1325 s.
1682 1260 1776 1326 Galli
1789 1274 1826 1327 et
1839 1283 1924 1346 poe-

1093 1379 1332 1444 nitentiarium
1349 1382 1382 1444 in
1399 1382 1522 1446 Monte
1539 1383 1717 1448 Culmensi
1734 1386 1819 1469 egit.
1847 1386 1923 1449 Pri·

1094 1523 1171 1565 mus
1198 1504 1233 1566 in
1260 1515 1450 1568 neoerecta
1474 1507 1610 1569 curatia
1636 1506 1746 1572 Gams
1769 1508 1924 1571 vicarius

1093 1626 1317 1707 constitutus,
1327 1628 1506 1690 oculorum
1516 1629 1595 1693 luce
1608 1631 1771 1712 privatus
1781 1632 1923 1694 domum

1092 1749 1206 1811 redux
1229 1748 1317 1811 vitio
1341 1750 1546 1830 pulmonum
1574 1761 1807 1835 consumptus
1835 1753 1923 1817 obiit

1094 1874 1144 1934 23.
1160 1869 1264 1933 Mart.
1287 1876 1376 1950 1804.

1180 1998 1360 2076 Composuit
1395 1998 1453 2072 164
1481 1998 1664 2068 Gradualia,
1697 2018 1716 2074 4
1747 2000 1922 2069 0111110111,

1097 2117 1108 2158 1
1130 2102 1260 2159 Tantum
1278 2121 1363 2179 ergo,
1382 2104 1575 2180 2Vesperas,
1594 2122 1612 2179 9
1629 2106 1766 2181 Hymnos
1778 2121 1922 2183 vespert..

1097 2221 1107 2262 1
1127 2206 1215 2264 Alma
1230 2206 1441 2284 redemptoris,
1464 2224 1474 2265 1
1495 2209 1612 2285 Regma
1629 2211 1716 2279 coeli,
1738 2226 1748 2267 1
1769 2208 1859 2268 Salve
1876 2230 1923 2269 re·

1091 2313 1172 2385 gina,
1191 2327 1206 2368 2
1225 2311 1282 2368 sub
1299 2325 1391 2380 tuum,
1409 2316 1516 2371 missas
1528 2314 1630 2389 lingua
1642 2315 1813 2384 vernacula,
1831 2317 1923 2372 musi·

1091 2435 1156 2473 cam
1185 2435 1241 2493 pro
1265 2417 1474 2492 purificatione
1496 2420 1528 2475 B.
1554 2420 1594 2475 M.
1613 2420 1649 2478 V.
1678 2433 1708 2476 et
1735 2419 1922 2478 hebdomade

1090 2535 1210 2588 sancta,
1234 2524 1318 2577 varia
1341 2524 1459 2579 cantica
1481 2522 1590 2580 festiva
1613 2538 1643 2580 et
1666 2524 1738 2594 alia,
1764 2544 1842 2601 quae
1865 2544 1921 2602 pro

1090 2628 1217 2682 maxima
1233 2638 1320 2700 parte
1331 2645 1410 2683 anno
1428 2625 1505 2701 1865
1521 2628 1639 2684 llamma
1652 2644 1829 2707 consumpta
1842 2644 1920 2687 sunt.

1175 2736 1919 2836 Raablsidorus(Seitenstadiensis),

1085 2863 1219 2948 Styrae
1231 2866 1267 2929 in
1280 2866 1414 2948 oppido
1427 2868 1595 2932 Austriae
1610 2871 1803 2953 superioris
1815 2884 1919 2935 natus

1090 2986 1148 3050 die
1169 3009 1215 3068 19.
1233 2988 1336 3051 Febr.
1358 2994 1439 3053 1826
1455 2992 1628 3055 absolutis
1641 2992 1831 3056 Cremifani
1848 3005 1919 3058 stu·

1089 3110 1157 3173 diis
1185 3131 1211 3174 s.
1240 3112 1373 3175 ordinis
1400 3114 1513 3177 nostri
1539 3115 1699 3178 habitum
1723 3115 1837 3178 induit
1862 3117 1919 3179 die

1093 3236 1140 3295 15.
1158 3234 1253 3316 Aug.
1272 3238 1349 3314 1847
1367 3235 1532 3317 votisque
1548 3238 1776 3300 sollemnibus
1793 3237 1851 3301 die
1870 3260 1917 3318 19.

1087 3356 1260 3420 Ι1111.1851
1286 3375 1325 3419 se
1346 3357 1548 3421 obstrinxit.
1572 3358 1762 3423 Incruento
1787 3358 1938 3423 sacrifi-⁰

1088 3477 1142 3540 cio
1159 3478 1238 3541 Deo
1259 3478 1394 3561 optimo
1418 3479 1475 3542 die
1503 3500 1529 3545 1.
1546 3481 1640 3563 Aug.
1662 3485 1740 3544 1852
1766 3481 1918 3564 primum

1087 3600 1218 3682 oblat0,
1241 3612 1451 3683 cooperator
1473 3602 1509 3664 in
1531 3603 1700 3684 parochia
1715 3604 1918 3668 Asbacensi

1086 3720 1203 3784 factus
1219 3732 1291 3795 est;
1317 3724 1472 3806 quinque
1494 3725 1595 3788 annis
1617 3704 1700 3808 post
1723 3727 1769 3789 ad
1791 3746 1917 3789 munus

1087 3844 1239 3906 docendi
1263 3845 1297 3907 in
1321 3865 1350 3908 c.
1366 3866 1393 3910 r.
1415 3849 1604 3929 gymnasio
1621 3846 1918 3911 Seitenstadiensi

1087 3975 1143 4028 est
1159 3967 1363 4030 devocatus.
1388 3967 1501 4031 Paulo
1517 3980 1599 4052 post
1616 3990 1736 4033 curam
1752 3969 1917 4033 tabularii

1087 4098 1123 4151 et
1133 4089 1352 4152 collectionis
1365 4111 1585 4155 nummorum
1595 4103 1631 4155 et
1645 4096 1723 4155 1863
1734 4091 1917 4156 camerarii

1086 4232 1212 4304 munus
1229 4214 1396 4296 suscepit,
1419 4234 1512 4295 quae
1533 4213 1650 4278 officia
1672 4214 1839 4277 sustinuit
1860 4233 1916 4275 us·

1087 4355 1155 4416 que
1172 4336 1217 4397 ad
1233 4334 1338 4399 finem
1355 4335 1451 4398 vitae
1468 4335 1526 4398 die
1543 4341 1593 4399 23.
1611 4335 1715 4400 Febr.
1738 4340 1827 4415 1879.

1173 4448 1339 4531 Scripsit:

1172 4569 1195 4624 I.
1217 4568 1407 4625 Historische
1423 4569 1549 4624 Notizen
1573 4567 1648 4624 iiber
1668 4568 1716 4624 die
1738 4568 1804 4624 dem
1827 4565 1916 4624 Stiite

1086 4669 1303 4728 Seitenstetten
1317 4674 1538 4747 incorporIrten
1549 4671 1702 4729 Plarreien
1716 4671 1771 4728 der
1783 4672 1915 4728 Didcese

1085 4775 1130 4833 St.
1152 4777 1266 4833 Polten.
1295 4774 1324 4854 (1.
1351 4795 1377 4833 e.
1402 4777 1534 4835 Notitiae
1561 4778 1722 4834 historicae
1753 4779 1915 4854 parochias

1085 4885 1256 4938 monasterii
1278 4881 1539 4940 Seitenstettensis
1560 4885 1589 4939 111
1608 4882 1741 4938 dioecesi
1762 4881 1915 4957 San-HIp·

1085 4987 1228 5063 polytana
1255 5001 1429 5055 cernentes,
1457 4987 1567 5044 editum
1596 4989 1625 5044 in
1655 4986 1749 5043 diario
1780 4987 1914 5043 dioecesi

1002 5147 1008 5161 ,
1085 5094 1329 5167 praenominatae
1345 5091 1496 5148 destinato
1513 5088 1615 5170 1850.)
1632 5089 1676 5149 St.
1690 5092 1805 5159 Polten,
1824 5090 1928 5166 1859.'

1172 5196 1208 5252 II.
1245 5194 1488 5254 Urkundenbuch
1522 5197 1575 5254 des
1606 5194 1915 5254 Benedictinerstiltes

1085 5300 1309 5358 Seitenstetten.
1334 5298 1363 5378 (i.
1381 5320 1407 5358 e.
1430 5300 1524 5359 Liber
1544 5303 1717 5358 monasterii
1733 5300 1914 5359 Seitenstet-

1085 5408 1179 5463 tensis
1195 5405 1358 5482 diplomata
1374 5403 1552 5485 contInens.)
1568 5406 1668 5474 Wien,
1691 5404 1779 5480 1870.
