4178 6196
951 410 1237 480 „530-

222 590 381 652 eiusdem
398 589 480 653 anni
495 590 650 653 maxima
666 612 746 654 cum
763 593 999 656 sollemnitate
1016 594 1052 656 in

222 714 345 776 sedem
361 713 603 795 episcopalem
615 714 729 776 Lincii
746 715 968 779 introductus
985 727 1049 779 est.

221 837 291 898 Per
304 837 460 918 quinque
471 836 583 898 lustra
596 836 837 918 episcopusin
850 839 1051 901 exercendo

222 958 392 1040 pastorali
408 978 552 1021 munere
568 959 805 1022 zelosissimus
822 970 859 1022 et
875 970 1051 1022 monaste-

220 1081 350 1142 riorum
373 1080 492 1142 fautor
515 1081 731 1162 praecipuus
753 1081 866 1144 ordini
890 1102 918 1145 s.
935 1083 1052 1143 Bene-

221 1202 307 1265 dicti
324 1222 437 1283 usque
454 1204 499 1263 ad
516 1212 663 1264 mortem
677 1202 942 1264 addictissimus
955 1223 1051 1265 man-

222 1324 277 1405 sit,
291 1325 425 1386 ordinis
437 1324 549 1386 nostri
562 1325 671 1386 decus
681 1344 765 1386 vere
778 1325 1049 1404 praedicandus.

221 1446 285 1509 Pie
302 1447 338 1508 in
353 1446 507 1508 Domino
525 1446 613 1508 obiit
629 1446 686 1508 die
709 1449 756 1509 15.
773 1447 861 1527 Apr.
884 1451 975 1511 1852.

306 1587 422 1649 Huius
438 1586 724 1649 reverendissimi
741 1586 807 1648 viri
824 1587 958 1668 scripta
970 1597 1052 1649 sunt

220 1710 326 1771 haec:

308 1837 330 1891 I.
348 1835 453 1910 Opera
470 1837 544 1902 eius,
562 1854 641 1908 quae
656 1853 712 1910 pro
729 1834 901 1890 erudiendis
918 1836 946 1889 in
963 1835 1052 1891 scho-

221 1941 256 1995 lis
270 1939 427 1996 iuvenibus
440 1941 633 2013 conscripsit:
652 1940 876 2009 ,Institutiones
890 1941 964 1995 artis
978 1957 1052 2014 poe·

222 2045 318 2100 tieae“
349 2057 379 2099 et
410 2044 486 2114 „Die
514 2042 698 2098 Geschichte
725 2042 778 2098 des
803 2043 922 2098 Hauses
953 2040 1052 2098 Habs·

221 2146 317 2221 burg“
348 2144 378 2224 (i.
401 2166 427 2203 e.
452 2147 586 2202 Historia
614 2145 771 2220 dynastiae
797 2143 1051 2224 Habsburgicae)

221 2270 401 2326 quamquam
419 2253 499 2325 typis
512 2249 633 2324 vulgata
647 2268 796 2324 nunquam
813 2262 891 2318 sunt,
908 2264 1007 2306 tamen
1024 2251 1052 2304 in

221 2357 395 2431 gymnasiis,
413 2353 624 2428 Wiblingensi,
642 2355 865 2412 constantiensi
882 2369 912 2411 et
928 2354 1052 2411 Fribur·

221 2463 307 2535 gensi
323 2460 361 2516 ad
379 2461 599 2536 praelectiones
616 2458 725 2515 crebro
743 2459 975 2535 usurpabantur.

307 2597 421 2679 Typis
438 2616 571 2658 excusa
587 2596 811 2676 prodierunt:

308 2740 345 2796 II.
368 2740 452 2796 Rede
468 2738 544 2795 iiber
559 2739 607 2794 die
624 2738 814 2813 Einliihrung
829 2739 883 2795 der
899 2738 1052 2796 erblichen

222 2843 437 2900 Kaiserwiirde
461 2843 683 2900 Oesterreichs.
713 2840 742 2920 (i.
766 2863 792 2899 e.
816 2843 924 2899 Oratio
951 2841 1053 2898 habita

221 2948 327 3004 eodem
344 2967 433 3016 ann0,
452 2967 517 3003 cum
531 2948 652 3002 Austria
669 2948 824 3022 imperium
841 2947 1052 3003 hereditarium

221 3053 437 3128 proclamatum
463 3049 565 3129 esset.)
592 3050 768 3126 Giinzburg,
791 3052 880 3123 1804.
902 3052 928 3127 J.
946 3053 1051 3127 Beyer.

307 3158 359 3213 III.
388 3158 558 3213 Positiones
586 3170 616 3212 11
643 3156 852 3231 compendium
880 3156 1053 3230 theologiae

220 3264 352 3318 moralis.
369 3263 575 3329 Constantiae‚
598 3261 688 3333 1805.

307 3368 356 3423 IV.
384 3367 521 3422 Litterae
547 3364 716 3440 pastorales
744 3364 842 3419 editae
869 3363 908 3419 ab
932 3364 1053 3420 Andrea

221 3471 305 3524 Rara
320 3470 512 3537 GawronskI,
537 3472 684 3545 episcopo
707 3469 903 3524 Cracoviensi
928 3467 965 3523 ad
987 3470 1052 3523 uni-

221 3591 340 3628 versum
358 3574 469 3629 clerum
487 3576 655 3648 praemisso
673 3573 797 3628 decreto
815 3591 895 3628 caes.
913 3574 998 3646 regio
1016 3572 1052 3627 de

222 3692 272 3748 29.
289 3677 363 3752 Apr.
385 3677 475 3733 1802.
493 3679 670 3743 Cracoviae,
692 3676 783 3733 1808.

307 3781 343 3837 V.
366 3782 473 3837 Oratio
494 3781 627 3838 funebris
650 3785 678 3837 in
700 3783 836 3855 exequiis
858 3781 1004 3837 illustriss
1023 3794 1052 3836 et

221 3885 462 3941 excellentissimi
487 3885 535 3941 dd.
559 3886 697 3959 Philippi,
722 3887 840 3940 comitis
864 3884 901 3940 de
921 3884 1052 3942 Swarts·

220 3990 333 4065 Spork,
343 3992 473 4066 supremi
487 3990 628 4065 appellat.
641 3987 796 4044 tribunalis
806 3990 963 4063 praesidis.
978 3991 1052 4046 Cra·

220 4097 335 4174 corsiae,
359 4094 448 4168 1809,
466 4094 546 4170 apud
563 4094 600 4150 G.
619 4093 772 4149 Trassler.

220 4304 286 4358 11111
302 4301 351 4358 811
369 4302 602 4359 Deutschland’s
613 4299 858 4375 Wiedergeburt.
870 4296 899 4377 (i.
910 4320 936 4357 1.
947 4302 1051 4358 Iustis-

219 4409 295 4462 sima
312 4426 403 4463 causa
419 4407 605 4464 hierarchiae
622 4407 822 4463 Germanicae
843 4408 872 4461 in
888 4424 1051 4480 regenera-

221 4513 302 4567 tione
319 4509 522 4590 Germaniae.)
539 4510 716 4584 Augsburg,
739 4510 828 4582 1815.

307 4617 372 4673 Vll.
390 4616 447 4670 Die
465 4617 552 4671 Fcier
568 4616 622 4671 der
638 4616 706 4671 heil.
724 4616 867 4689 Firmung
884 4617 913 4670 in
930 4616 983 4671 der
999 4616 1053 4672 ka·
1091 4656 1093 4671 .

1218 598 1270 654 IX.
1288 599 1496 655 Institutiones
1513 600 1686 674 theologiae
1699 601 1895 675 dogmaticae
1908 602 1973 658 En·

1132 701 1260 776 gelbert.
1279 703 1410 778 Klypfel.
1428 704 1466 760 II.
1485 718 1587 779 partes
1604 708 1719 779 quartis
1735 708 1818 762 curis
1836 708 1970 763 revisae.

1131 806 1275 874 Viennae,
1292 807 1372 882 apud
1387 808 1413 883 J.
1432 808 1469 864 G.
1487 810 1567 865 Binz.
1590 808 1768 882 1819-.-21.

1217 929 1254 983 X.
1273 927 1350 984 Aeta
1366 942 1396 985 et
1413 931 1526 1004 scripta
1539 930 1716 1004 Eugelberti
1730 931 1865 1006 Klypfet
1879 933 1968 989 theo·

1132 1030 1192 1105 logi
1210 1030 1433 1106 Friburgensis.
1457 1033 1547 1090 1820.

1217 1136 1270 1192 XI.
1296 1137 1420 1211 Predigt
1440 1138 1516 1195 11811
1535 1138 1594 1194 den
1612 1139 1719 1196 Werth
1736 1140 1791 1196 des
1806 1141 1911 1198 Alters
1928 1144 1967 1198 im

1132 1240 1383 1307 Christenthume,
1408 1242 1549 1316 gehalten
1573 1241 1623 1299 bei
1647 1243 1702 1300 der
1723 1243 1889 1320 Jubelseier
1912 1246 1966 1302 des

1132 1342 1277 1401 Probstes
1290 1365 1325 1400 zu
1336 1345 1607 1422 Klosterneuburg‚
1619 1348 1805 1405 Gaudentius
1816 1349 1964 1407 Dunkler.

1132 1446 1202 1527 (1.1.
1221 1450 1328 1506 Oratio
1345 1468 1433 1506 sacra
1449 1451 1486 1506 de
1503 1451 1649 1525 dignitate
1662 1456 1827 1509 senectutis
1844 1456 1873 1509 in
1888 1456 1966 1511 chri·

1132 1555 1229 1610 stiana
1251 1551 1419 1631 religione.)
1443 1555 1543 1623 Wien,
1569 1556 1607 1612 G.
1629 1556 1844 1614 Ueberreuter.
1874 1540 1964 1615 1821.

1133 1658 1175 1714 8⁰.
1194 1673 1235 1714 20
1251 1677 1281 1733 p.

1217 1763 1285 1818 XII.
1311 1763 1374 1818 Das
1399 1764 1587 1821 katholische
1610 1764 1886 1842 Glaubensprincip
1911 1786 1965 1823 aus

1133 1865 1380 1923 derGeschichte
1389 1867 1443 1923 der
1453 1868 1646 1924 christlichen
1656 1867 1965 1944 Offeubarungnach·

1133 1974 1295 2046 gewiesen.
1313 1968 1343 2047 (i.
1360 1991 1386 2027 e.
1403 1973 1553 2048 Principia
1570 1972 1638 2029 fidei
1656 1975 1822 2031 catholicae
1839 1974 1963 2032 demon·

1133 2088 1226 2131 strata
1243 2095 1280 2131 ex
1297 2077 1423 2132 historia
1435 2078 1628 2135 revelatIonis
1645 2077 1848 2157 christianae.)
1864 2080 1963 2146 Wien,

1134 2180 1203 2236 Ant.
1221 2178 1353 2236 Schmid.
1377 2181 1466 2253 1823.
1486 2181 1527 2237 8⁰.
1547 2197 1605 2255 293
1621 2202 1650 2258 p.

1218 2303 1300 2358 XIII.
1317 2304 1454 2360 Litterae
1471 2304 1641 2379 pastorales
1657 2304 1801 2379 Gregorii
1815 2306 1964 2372 Thomas,

1133 2409 1226 2482 episc.
1244 2408 1433 2482 Tynecensis
1454 2409 1491 2464 ad
1507 2409 1618 2465 clerum
1636 2409 1849 2484 Tynecensem
1875 2422 1905 2467 et
1927 2411 1965 2466 ad

1133 2530 1205 2567 suos
1218 2512 1287 2566 olim
1302 2512 1466 2569 auditores.
1476 2512 1685 2581 Vindobonae,
1701 2512 1791 2586 1824.
1806 2513 1848 2571 80.
1867 2530 1922 2588 153
1936 2535 1963 2591 p.

1219 2634 1299 2691 XIV.
1317 2632 1349 2690 S.
1364 2635 1471 2690 Petrus
1487 2637 1601 2711 primus
1614 2637 1845 2693 christianorum
1863 2657 1963 2694 sacer·

1133 2738 1188 2794 dos
1206 2737 1309 2813 lapsus
1326 2752 1357 2794 et
1372 2739 1517 2795 velociter
1538 2758 1665 2814 surgens
1688 2742 1738 2816 pia
1760 2741 1963 2809 meditatione,

1133 2843 1237 2917 quales
1250 2861 1318 2898 esse
1331 2842 1461 2898 debeant
1474 2845 1608 2911 ministri,
1619 2842 1720 2899 verbis
1733 2843 1836 2901 docuit
1848 2859 1880 2902 et
1891 2849 1964 2903 acti·

1132 2945 1198 3002 bus.
1217 2947 1401 3014 Tarnoviae,
1424 2946 1513 3020 1825.
1532 2947 1574 3004 80.
1592 2962 1630 3019 43
1649 2966 1679 3023 p.

1219 3071 1284 3127 XV.
1307 3070 1443 3126 Litterae
1466 3071 1636 3146 pastorales
1660 3074 1822 3128 occasione
1843 3072 1962 3129 iubilaei

1134 3174 1312 3230 universalis
1336 3174 1434 3230 editae
1463 3173 1552 3231 1826.
1581 3175 1769 3243 Tarnoviae,
1798 3179 1880 3252 typis
1905 3179 1962 3233 Ios.

1135 3278 1311 3334 Karnstadt.
1333 3295 1388 3335 122
1408 3299 1437 3355 p.

1219 3401 1299 3457 XVI.
1314 3400 1503 3457 Hirtenbrief
1518 3401 1608 3475 1827.
1625 3399 1654 3479 (1.
1669 3421 1695 3458 1.
1709 3403 1847 3460 Litterae
1859 3418 1963 3479 pasto·

1133 3502 1234 3583 rales.)
1250 3506 1350 3573 Wien,
1373 3505 1463 3579 1827.
1481 3505 1521 3578 96
1538 3526 1567 3581 p.

1219 3628 1314 3683 XVII.
1326 3626 1514 3683 Hirtenbrief
1521 3630 1549 3684 in
1560 3628 1673 3685 Betreff
1678 3628 1732 3685 des
1741 3629 1963 3705 Leopoldinen·

1132 3733 1260 3789 Vereins
1276 3733 1314 3786 im
1331 3732 1419 3806 Jahre
1440 3730 1530 3804 1829.
1548 3728 1577 3809 (1.
1595 3751 1621 3788 1.
1638 3733 1775 3789 Litterae
1792 3734 1962 3808 pastorales

1133 3836 1171 3892 de
1199 3836 1405 3911 promovenda
1433 3854 1525 3891 causa
1552 3838 1707 3892 societatis
1735 3857 1760 3893 s.
1791 3838 1962 3914 Leopoldi.)

1132 3941 1216 4007 Linz,
1239 3939 1329 4013 1829.
1347 3946 1387 3996 2⁰.
1407 3938 1424 3995 ὁ
1442 3959 1471 4014 p.

1219 4061 1329 4119 XVIII.
1355 4060 1439 4116 Rede
1463 4062 1604 4135 gehalten
1628 4083 1663 4118 zu
1685 4063 1806 4119 Olmiitz
1835 4079 1883 4120 12.
1901 4065 1962 4120 Iuni

307 4199 357 4256 VI.
383 4199 440 4254 Die
463 4197 650 4273 guteSache
671 4197 724 4253 der
747 4197 910 4253 deutschen
928 4198 1052 4253 Hierat-
1090 4188 1093 4225 ἶ
1137 4168 1226 4239 1831,
1249 4166 1294 4222 ³¹³
1318 4186 1364 4221 ³¹¹¹
1382 4166 1540 4240 Tagedes
1558 4181 1584 4239 7¹
1602 4165 1963 4243 sacular-Einweihung

1090 4236 1093 4323 1
1133 4273 1186 4329 der
1202 4273 1341 4346 dortigen
1357 4271 1688 4346 Metropolitankirche.
1706 4267 1773 4348 (1.1.
1789 4274 1899 4330 Oratio
1911 4276 1962 4330 ha·

1132 4377 1193 4433 bita
1219 4379 1247 4432 in
1271 4376 1471 4432 sollemnitate
1492 4376 1557 4433 VII.
1580 4374 1699 4433 iubilaei
1724 4380 1964 4435 conseeratIonis

1133 4481 1280 4538 ecclesiae
1308 4480 1558 4554 metropolitanae
1589 4479 1822 4561 Olomucensis.)
1855 4484 1963 4546 Brimn,

1132 4586 1198 4661 Joh.
1215 4584 1294 4640 Gall.
1316 4582 1407 4655 1831.
1425 4583 1466 4639 8⁰.
1485 4581 1524 4639 26
1542 4604 1570 4659 p.

220 4721 388 4777 tholischen
402 4721 524 4777 Kirche.
542 4718 571 4797 (i.
586 4740 612 4776 e.
628 4720 674 4775 De
688 4717 803 4787 ritibus,
817 4723 867 4795 qui
881 4723 910 4775 in
924 4721 1053 4776 eeclesia
1091 4680 1094 4811 J
1219 4706 1301 4762 XIX·
1319 4705 1514 4762 Hirtenbrief·
1532 4725 1600 4763 80ῐῦ
1622 4722 1667 4763 12.
1679 4706 1769 4764 Febr·
1784 4709 1876 4783 1837.
1894 4708 1923 4787 V·
1938 4729 1962 4767 0·

219 4826 368 4881 catholica
385 4828 413 4881 in
430 4825 666 4881 administrando
688 4845 712 4880 s.
731 4839 921 4881 sacramento
944 4827 1052 4883 confrr-

221 4931 360 4985 mationis
377 4926 601 5005 observantur.)
619 4928 717 4993 Wien,
740 4929 775 4985 A.
794 4929 873 4984 Doll.
896 4929 985 5002 1817.
1009 4930 1051 4987 80.
1091 4972 1094 4979 ·

221 5047 279 5104 235
301 5053 329 5108 1>-

221 5241 321 5313 logico
342 5254 400 5297 etc.
426 5243 621 5315 evangelicae
645 5255 674 5297 et
698 5241 879 5298 reformatae
903 5244 1052 5301 ecclesiae
1090 5236 1093 5331 J

220 5346 334 5418 pariter
350 5345 541 5402 adversante.
566 5347 709 5411 Viennae,
731 5345 821 5402 1818.
840 5348 881 5403 8⁰.

1091 4814 1094 4959 J
1133 4812 1269 4867 Litterae
1286 4806 1478 4887 pastorales.)
1495 4811 1578 4866 Liuz.
1597 4817 1637 4867 20.
1657 4827 1675 4884 9
1692 4831 1721 4887 p.

1219 4933 1286 4987 XX.
1304 4930 1493 4988 Hirtenbrief
1502 4932 1550 4988 bei
1564 4931 1617 4988 der
1631 4933 1721 4988 Feier
1734 4932 1788 4989 des
1798 4934 1964 5009 Jubilaums

1138 5037 1227 5108 1833.
1242 5037 1298 5092 Ein
1308 5036 1548 5093 vollkommener
1558 5038 1729 5094 Unterricht
1742 5038 1819 5095 tiber
1831 5039 1890 5095 den
1903 5040 1964 5096 Ab·

279 5138 386 5225 1111.
398 5139 505 5194 Oratio
519 5137 738 5194 academicade
751 5138 955 5194 rationalismo
968 5141 1052 5196 theo·
1091 5082 1094 5231 J
1133 5142 1203 5197 lass.
1229 5137 1305 5218 (1.1.
1328 5141 1463 5197 Litterae
1484 5141 1653 5216 pastorales
1674 5142 1712 5198 ad
1733 5143 1963 5201 sollemnitatem

1133 5244 1253 5301 iubilaei
1275 5244 1364 5316 1833.
1386 5247 1548 5302 Continent
1564 5247 1729 5304 doctrinam
1753 5249 1790 5304 de
1807 5248 1963 5324 indulgen·

1090 5338 1094 5423 J
1133 5345 1195 5428 tia.)
1211 5351 1296 5418 Linz,
1312 5350 1379 5426 Joh.
1398 5351 1538 5409 Huemer.
1561 5351 1650 5424 1833.
1668 5352 1709 5411 80.
1728 5369 1766 5427 92
1785 5373 1815 5429 p.
