4178 6196
893 436 1150 511 ,75-

149 632 304 688 senatoria
327 630 473 704 dignitate
495 626 682 708 eorundem.)
707 629 797 685 Mser.
819 631 848 684 in
867 629 981 684 archiv.

148 736 291 792 Admont.

238 840 287 896 IV.
317 840 414 895 Daten
442 858 494 894 zur
518 837 704 895 Geschichte
731 837 785 894 der
808 837 913 894 Plarre
936 836 982 895 St.

151 943 313 1000 Leonhard
330 945 359 999 in
375 943 425 1000 W.
441 945 474 999 B.
492 961 552 998 von
574 941 794 1015 1548—1792.
812 940 841 1019 (i.
860 960 886 998 e.
904 942 984 997 Data

150 1048 298 1123 quaedam
319 1048 464 1103 historica
485 1047 659 1122 parochiam
684 1045 721 1102 ad
746 1065 769 1103 s.
791 1046 983 1102 Leonardum

151 1148 387 1230 concernentia.)
408 1152 499 1207 Mscr.
516 1151 554 1219 Q.
572 1151 610 1220 Q.
629 1150 667 1220 Q.
684 1165 726 1224 40
743 1154 772 1207 in
789 1151 903 1207 archiv.
920 1150 983 1206 Ad-

150 1271 242 1314 mont.

238 1402 437 1478 Eckstein
462 1413 725 1480 Severinus
754 1433 903 1496 eques
931 1415 985 1476 de

152 1532 488 1616 (Gottvicensis),
511 1533 674 1595 Viennae
697 1534 732 1595 in
755 1533 904 1597 Austria
928 1533 985 1595 die

157 1679 182 1719 1.
204 1658 290 1720 Dec.
318 1660 398 1736 1775
423 1666 538 1741 natus,
560 1656 734 1720 absolutis
755 1657 882 1720 studiis
903 1656 985 1719 iuri-

154 1778 243 1841 dicis
264 1780 298 1841 in
321 1778 417 1843 univ.
427 1779 555 1843 Vienn.
577 1779 613 1842 in
634 1789 765 1842 statum
785 1799 814 1842 c.
831 1800 857 1842 1.
874 1779 985 1862 magi-

153 1912 286 1965 stratus
303 1913 493 1984 susceptus
509 1915 545 1966 01
562 1902 774 1985 dignitatem
795 1902 986 1965 consiliarii

153 2025 382 2105 provincialis
393 2026 546 2108 adeptus
561 2036 626 2089 est.
636 2025 725 2088 Post
739 2035 886 2088 mortem
899 2044 986 2087 uxo-

155 2147 202 2210 ris
219 2167 305 2209 snae
327 2152 404 2226 1827
424 2146 481 2210 die
503 2152 548 2210 18.
566 2146 672 2211 Mart.
695 2167 720 2209 s.
741 2146 865 2209 habitu
885 2146 986 2209 indu-

154 2279 221 2350 1113,
239 2269 297 2331 die
316 2291 343 2350 7.
361 2270 450 2351 Apr.
472 2273 552 2332 1828
570 2269 787 2332 sollemniter
803 2268 986 2351 professus

155 2403 209 2455 031
233 2403 269 2455 01
292 2392 350 2455 die
379 2414 405 2456 1.
429 2392 519 2456 Nou.
545 2393 704 2454 eiusdem
732 2391 814 2452 anni
838 2391 984 2472 primam

153 2514 306 2578 hostiam
317 2513 563 2596 Omnipotenti
576 2513 715 2577 obtulit.
730 2514 789 2576 Ab
799 2532 891 2575 anno
905 2517 985 2575 1828

155 2657 267 2718 usqne
295 2641 374 2715 1842
406 2635 524 2699 officio
555 2636 669 2699 curati
697 2635 731 2698 in
760 2633 985 2716 monasterio

159 2763 324 2837 1842—45
347 2758 530 2822 secretarii
552 2757 743 2821 abbatialis
764 2757 907 2820 functus
931 2766 986 2818 est

155 2891 189 2944 et
213 2881 270 2943 die
296 2902 343 2946 12.
362 2881 426 2944 Iul.
454 2884 532 2944 1852
559 2880 647 2944 obiit
671 2879 769 2942 senio
792 2878 985 2942 confectus

154 3001 319 3086 Scripsit:

241 3131 263 3185 1.
293 3130 350 3185 Die
375 3129 594 3186 Wirksamkeit
618 3128 672 3185 der
695 3104 874 3203 geistlicheii
898 3125 987 3184 Stilte

154 3234 460 3290 Niederdsterreichs
478 3230 506 3311 (i.
524 3252 550 3290 e.
568 3233 648 3303 Quid
665 3232 819 3289 effecerint
834 3246 986 3289 monaste·

155 3341 198 3394 ria
215 3338 266 3394 inl.
284 3334 450 3416 Austriae.)
467 3339 592 3395 Wiener
609 3338 873 3410 Kirchenzeitung,
896 3335 986 3409 1848.

155 3443 192 3499 28
255 3487 262 3500 .

196 3459 276 3604 91il.
300 3548 363 3603 Das
387 3548 529 3604 Biichlein
552 3545 625 3603 tiber
646 3547 694 3603 die
715 3508 817 3603 uiahrc
833 3545 987 3602 Todesart

152 3652 232 3727 Jesu.
257 3649 286 3728 (i.
312 3672 338 3709 e.
365 3653 412 3708 De
436 3670 509 3708 vera
534 3653 638 3707 mortis
662 3652 730 3708 lesu
756 3648 894 3729 ratione.)
919 3651 937 3707 l.
960 3670 985 3706 c.

158 3757 248 3831 1849.
267 3773 324 3830 241
345 3778 375 3833 p.

239 3863 292 3919 111.
308 3863 367 3919 Ein
383 3860 549 3918 Kdrbchen
564 3863 617 3917 mit
630 3860 849 3917 Lesesriichten
866 3860 913 3916 fiir
927 3860 986 3918 alle

153 3968 272 4044 Jahres·
297 3967 355 4022 und
377 3967 609 4023 Kirchenzeiten
632 3986 685 4022 zur
701 3967 907 4040 Zerstreuung
927 3965 986 4022 und

154 4070 337 4146 Sammlung.
366 4069 395 4149 (1.
423 4089 450 4127 0.
479 4068 624 4147 Sportula
651 4069 798 4127 fructibus
828 4072 920 4127 variis
948 4089 986 4127 ex

154 4174 236 4232 libris
254 4176 390 4232 collectis
407 4171 540 4252 referta.)
563 4176 682 4241 Krems,
705 4177 740 4231 K.
759 4175 872 4250 Mayer.
895 4174 984 4248 1851.

240 4282 291 4338 IV.
316 4279 568 4337 Severin·Bilder.
594 4277 623 4357 (i.
645 4298 671 4337 e.
693 4278 725 4336 S.
743 4277 881 4336 Severini
905 4282 985 4337 vitae

156 4382 362 4463 elucubratio.)
373 4385 458 4441 Oest.
469 4383 682 4452 Volkssreund,
698 4382 787 4457 1852.
802 4399 826 4441 1.
837 4386 869 4442 B.
888 4383 946 4458 169
956 4405 984 4460 p.

238 4531 351 4606 Eder
378 4543 581 4606 Albertus
604 4544 665 4625 (ad
688 4563 714 4606 s.
731 4544 899 4607 Petrum
916 4542 985 4607 Sa-

154 4661 356 4744 11310101),
370 4658 664 4744 Salisburgensi5‚
678 4672 783 4724 natus
796 4661 830 4725 111
843 4660 985 4725 Hallein

155 4783 293 4847 301011.
315 4787 406 4865 1818,
427 4783 584 4846 novitius
606 4789 656 4846 23.
674 4781 774 4866 Sept.
801 4788 891 4867 1830,
912 4804 985 4848 mo-

155 4908 286 4969 nachus
315 4906 499 4987 professus
528 4912 557 4968 3.
583 4906 670 4988 Apr.
699 4912 790 4990 1843,
818 4908 985 4971 sacerdos

159 5050 183 5092 1.
204 5029 298 5112 Aug.
326 5033 405 5108 1843
431 5039 467 5092 01
491 5029 666 5092 absolutis
682 5029 808 5093 studiis
831 5030 985 5113 philoso-

154 5151 265 5232 phicis
287 5170 453 5233 suprema
473 5152 595 5213 laurea
614 5151 860 5234 philosophiae
881 5152 985 5215 deco-

154 5284 250 5336 ratus
277 5274 427 5357 primum
458 5294 524 5357 per
556 5284 707 5356 quatuor
737 5293 848 5337 annos
880 5293 985 5337 curae

153 5396 346 5459 animarum
373 5397 408 5460 in
432 5398 617 5478 Abtenau,
646 5397 727 5459 dein
754 5415 819 5478 per
846 5405 985 5477 septem

1062 642 1174 685 annos
1198 621 1414 685 erudiendae
1441 621 1476 684 in
1504 619 1692 704 gymnasio
1720 618 1896 684 Salisbur·

1062 745 1165 828 gensi
1188 745 1364 807 iuventuti
1391 744 1561 808 incubuit.
1596 742 1723 805 Abbas
1747 763 1773 805 s.
1798 744 1895 806 Petri

1067 888 1114 948 17.
1131 868 1204 931 Ian.
1230 870 1308 946 1857
1333 868 1468 929 electus
1489 885 1562 929 rem
1584 865 1791 929 litterariam
1816 886 1896 946 pro-

1062 991 1183 1071 movit,
1211 990 1350 1052 scholas
1378 988 1627 1052 elementarias
1653 989 1689 1052 in
1719 989 1896 1070 parochiis

1063 1113 1278 1176 monasterio
1301 1112 1409 1175 unitis
1432 1111 1575 1193 fovens,
1606 1130 1807 1191 novamque
1832 1131 1896 1191 pro

1064 1235 1191 1317 puellis
1215 1235 1249 1296 in
1270 1235 1439 1297 Abtenau
1463 1234 1616 1317 erigens
1643 1233 1896 1297 bibliothecam

1065 1357 1235 1437 preciosis
1255 1357 1354 1418 libris
1370 1376 1517 1439 augens,
1534 1358 1726 1419 monachos
1742 1355 1896 1418 1111110103

1064 1479 1232 1560 Romam,
1254 1478 1503 1540 Vindobonam
1528 1488 1564 1541 et
1587 1477 1827 1561 Oenipontum
1850 1480 1896 1541 ad

1065 1601 1184 1663 studia
1218 1600 1399 1683 generalia
1430 1600 1574 1662 mittens
1605 1610 1640 1662 et
1672 1600 1895 1682 gymnasium

1066 1724 1314 1786 dioecesanum
1339 1723 1454 1784 missis
1475 1723 1610 1803 aliquot
1635 1722 1897 1803 professoribus

1066 1845 1275 1927 approbatis
1291 1845 1474 1908 adiuvans

1152 1971 1412 2048 Archiepiscopus
1421 1971 1665 2046 Salisburgensis
1677 1988 1727 2047 27.
1736 1975 1804 2030 Maii
1816 1973 1896 2048 1876

1066 2077 1181 2133 electus
1197 2077 1290 2133 edidit
1307 2078 1420 2133 litteras
1438 2079 1608 2151 pastorales
1623 2079 1715 2134 variis
1727 2081 1896 2136 occasioni·

1066 2180 1123 2238 bus
1143 2181 1180 2237 ad
1202 2182 1313 2237 clerum
1330 2195 1361 2237 et
1376 2181 1479 2237 fideles
1497 2200 1570 2238 suae
1588 2182 1739 2239 dioecesis
1755 2183 1895 2241 directas.

1153 2309 1265 2383 Eder
1284 2322 1422 2384 David
1444 2321 1812 2407 (Cremifanensis),
1837 2347 1898 2389 an-

1066 2448 1125 2501 tea
1146 2439 1360 2522 Bernardus‚
1377 2440 1591 2504 Austriacus
1607 2442 1818 2523 Welsensis,
1840 2446 1897 2508 die

1071 2559 1118 2624 111.
1138 2560 1235 2644 Aug.
1264 2566 1339 2640 1751
1368 2567 1484 2644 natus,
1511 2563 1737 2628 humaniores
1760 2567 1898 2630 litteras

1067 2680 1278 2766 Salisburgi,
1301 2683 1492 2747 Cremifani
1513 2686 1711 2750 severiores
1728 2690 1897 2762 absolvit:

1071 2825 1118 2868 10.
1136 2806 1230 2886 Aug.
1252 2811 1331 2886 1775
1353 2807 1548 2889 0101033113,
1571 2809 1654 2872 anni
1678 2810 1898 2893 insequentis

1067 2927 1124 2989 die
1156 2950 1185 3005 4.
1217 2929 1311 3012 Aug.
1343 2930 1378 2992 in
1410 2933 1633 2995 sacerdotem
1667 2943 1796 2996 unctus
1832 2948 1896 3000 est.

1066 3048 1286 3131 Cooperator
1312 3052 1347 3114 in
1374 3053 1575 3135 Δ110111101οῐ1,
1600 3055 1839 3139 Viechtwang
1862 3071 1897 3122 et

1067 3170 1356 3238 Steinerkirchen
1373 3176 1461 3239 obiit
1481 3197 1528 3238 10.
1544 3177 1632 3240 Maii
1652 3184 1743 3258 1796.

1153 3296 1302 3360 Praeter
1326 3298 1395 3360 alia
1418 3308 1585 3380 poemata
1610 3309 1645 3362 01
1667 3300 1818 3382 hymnos
1842 3320 1897 3364 sa·

1067 3437 1147 3481 cros
1163 3420 1263 3500 prelo
1280 3420 1456 3502 vulgavit:

1154 3547 1177 3601 Ι.
1191 3544 1385 3602 Feldblumen
1397 3568 1432 3602 zu
1446 3548 1499 3602 der
1512 3549 1593 3604 Urne
1607 3549 1703 3604 Mariti
1713 3549 1898 3610 Theresiens

1066 3650 1264 3723 hingestreut.
1283 3647 1311 3726 (i.
1327 3669 1352 3707 e.
1367 3652 1494 3707 Carmen
1507 3651 1635 3727 lugubre
1649 3655 1677 3709 in
1693 3669 1820 3712 mortem
1835 3657 1897 3714 Ma·

1064 3757 1128 3811 riae
1160 3755 1327 3811 Theresiae
1354 3756 1573 3837 imperatricis)
1605 3756 1710 3833 Steyr‚
1742 3759 1897 3818 Wimmer.

1070 3858 1161 3935 1781.
1179 3859 1221 3917 8⁰.
1239 3859 1257 3918 8
1275 3880 1304 3937 p.
1699 3929 1702 3936 ⁴

1154 3966 1191 4022 11.
1215 3964 1383 4022 Gedanken
1407 3965 1482 4022 iiber
1502 3967 1719 4024 verschiedene
1741 3969 1828 4025 Oden
1849 3971 1902 4027 auf

1066 4071 1124 4127 den
1140 4070 1210 4126 Tod
1228 4071 1322 4125 Maria
1339 4069 1533 4127 Theresiens.
1555 4069 1629 4148 (1.0.
1651 4072 1698 4128 De
1718 4075 1811 4129 variis
1831 4093 1898 4130 car·

1066 4174 1195 4232 minibus
1209 4177 1237 4231 in
1250 4189 1375 4231 mortem
1388 4176 1503 4232 Mariae
1515 4176 1683 4233 Theresiae
1696 4177 1898 4258 conscriptis.)

1066 4278 1166 4356 Steyr‚
1185 4280 1341 4336 Wimmer.
1359 4279 1401 4337 8⁰.
1419 4279 1437 4337 8
1456 4301 1484 4357 p.

1152 4409 1265 4482 Eder
1284 4418 1407 4484 Odilo
1424 4417 1667 4502 (Scotensis)
1686 4423 1732 4483 ad
1749 4420 1897 4485 s.Geor·

1065 4539 1163 4622 gium
1179 4538 1214 4600 in
1231 4537 1380 4602 Austria
1396 4539 1453 4601 die
1471 4559 1520 4617 ²9·
1537 4538 1601 4602 Iul.
1627 4543 1708 4618 1750
1724 4551 1839 4620 natus,
1861 4540 1896 4602 in

1065 4661 1276 4724 asceterium
1307 4672 1473 4743 receptus
1501 4671 1556 4724 est
1585 4666 1677 4741 1769.
1701 4661 1804 4724 Votis
1829 4664 1897 4725 301-

1065 4785 1255 4865 100101ου3,
1281 4784 1338 4846 die
1362 4789 1409 4847 13.
1433 4783 1523 4846 Νον.
1550 4803 1634 4863 1770
1656 4783 1804 4865 01113313,
1834 4785 1896 4846 ad-

1065 4906 1208 4969 strictus
1228 4926 1308 4969 cum
1329 4905 1503 4988 primitias
1523 4905 1602 4968 Deo
1623 4905 1814 4968 obtulisset
1838 4906 1896 4968 die

1066 5049 1117 5107 29.
1126 5026 1227 5109 Sept.
1240 5033 1332 5110 1773,
1345 5027 1504 5110 suscepit
1517 5026 1672 5090 officium
1687 5028 1895 5091 catechetae

1064 5151 1101 5214 in
1113 5150 1318 5214 monasterii
1335 5153 1456 5215 schola
1472 5151 1677 5233 parochiali.
1694 5150 1799 5233 Quod
1817 5171 1896 5214 cum
2000 5194 2008 5207 .

1065 5293 1129 5355 per
1142 5279 1160 5336 8
1174 5293 1285 5336 annos
1298 5278 1507 5353 1775-1783
1522 5273 1682 5337 studiose
1694 5283 1896 5355 tractasset,

1066 5407 1333 5479 cooperatorem
1343 5396 1418 5478 egit
1426 5396 1461 5459 in
1472 5394 1719 5459 Gaunersdorf
1729 5400 1894 5475 1783-87

1637 5503 1688 5550 10*
