4178 6196
907 432 1182 496 —XCV—

169 667 207 721 et
229 657 437 741 pontificem
460 659 664 722 Romanum
688 668 850 722 conserta
873 661 988 723 locum
1012 661 1196 724 dederunt.
1235 660 1532 723 Monasteriorum
1557 661 1648 723 enim
1672 661 1842 744 interfuit,
1868 672 1908 725 ut

172 797 397 860 conditorum
420 798 531 879 vitae,
561 798 621 880 qui
644 799 680 860 in
702 799 756 861 his
781 800 1032 863 certaminibus
1056 800 1253 881 principem
1284 800 1399 862 locum
1429 801 1653 881 obtinebant,
1681 801 1793 863 veluti
1817 800 1912 864 Geb-

170 938 275 1000 hardi
298 937 559 1018 archiepiscopi
576 936 861 1020 Salisburgensis
879 939 1128 1019 (rodo-1081),
1154 938 1212 1019 qui
1238 959 1257 1001 e
1281 939 1495 1001 monasterio
1519 941 1564 1001 ad
1581 960 1608 1003 S.
1626 939 1795 1021 Blasium,
1812 939 1912 1002 cuius

171 1077 338 1140 monachi
354 1096 424 1139 non
440 1077 554 1139 minus
571 1097 676 1158 quam
692 1076 821 1140 fratres
837 1078 1087 1140 Hirsavienses
1104 1078 1232 1140 acriter
1255 1098 1320 1158 pro
1344 1079 1495 1141 ecclesia
1519 1071 1740 1162 pugnabant,
1766 1081 1912 1142 colonos

171 1217 375 1279 Admontes
400 1214 565 1296 deduxit,
597 1227 633 1278 et
661 1217 876 1279 successoris
908 1216 983 1278 eius
1006 1216 1209 1279 Thiemonis
1234 1218 1483 1298 (1081-1101),
1513 1217 1573 1298 qui
1608 1226 1644 1280 et
1671 1217 1749 1299 ipse
1780 1218 1912 1280 ordinis

171 1378 201 1420 s,
225 1355 414 1418 Benedicti
437 1355 570 1417 sodalis
593 1356 628 1418 in
652 1355 903 1419 monasterium
920 1356 1167 1419 Admontense
1184 1357 1325 1418 omnino
1342 1358 1521 1418 desertum
1538 1356 1711 1418 coloniam
1728 1377 1774 1418 ex
1789 1356 1912 1419 Hirsa-

171 1494 289 1558 riensi
312 1494 466 1576 miserat,
499 1504 534 1557 et
558 1494 798 1557 Adalberonis
825 1495 1113 1577 Herbipolensis,
1146 1495 1206 1577 qui
1236 1496 1488 1558 monasterium
1517 1495 1761 1558 Lambacense
1793 1496 1912 1558 condi-

171 1635 287 1715 derat,
311 1642 347 1695 et
370 1633 555 1695 Altmanni
578 1633 835 1716 PassaviensiS,
861 1634 1066 1696 monasterii
1089 1633 1332 1698 Gottvicensis
1356 1635 1557 1704 conditoris,
1583 1634 1853 1716 exquirerentur
1877 1643 1913 1696 et

172 1772 490 1855 perscriberentur.
536 1772 662 1854 Itaque
695 1767 902 1854 prodierunt
934 1773 970 1836 in
1002 1774 1215 1836 monasterio
1239 1773 1476 1835 Admontensi
1507 1774 1603 1836 vitae
1631 1776 1665 1838 b.
1690 1771 1911 1853 Gebhardi1)

173 1922 210 1974 et
234 1911 487 1993 Thiemonis2),
518 1911 752 1974 Lambacensi
775 1912 849 1975 vita
872 1914 906 1975 b.
929 1912 1225 1994 Adalberonis³)‚
1258 1910 1484 1974 Gottvicensi
1514 1913 1588 1975 vita
1618 1914 1652 1975 b.
1677 1912 1912 1994 Altmannit).

175 2051 254 2113 Has
276 2050 370 2113 vitas
395 2050 579 2131 excipiunt
604 2050 749 2134 „Passio
774 2049 1018 2132 Cholomanni,
1048 2051 1189 2131 patroni
1216 2050 1420 2113 monasterii
1443 2051 1681 2114 Mellicensis“
1698 2053 1721 2132 5)
1753 2060 1790 2114 et
1820 2051 1913 2134 „vita

173 2193 208 2254 b.
227 2189 412 2252 Bertholdi
435 2190 577 2252 abbatis
594 2187 819 2252 Garstensis“
839 2191 1076 2272 (rito-1143)
1092 2189 1126 2271 ⁶).
1171 2191 1237 2253 Illa
1259 2190 1447 2253 referenda
1471 2200 1525 2252 est
1549 2192 1594 2253 ad
1611 2191 1912 2270 Erchenfriedum,

175 2330 356 2391 Abbatem
380 2328 623 2391 Mellicensem
647 2329 896 2408 (1121—1163),
921 2327 982 2409 qui
1009 2329 1044 2390 in
1073 2329 1286 2391 monasterio
1310 2350 1375 2392 suo
1399 2330 1554 2393 studium
1585 2330 1781 2392 litterarum
1806 2329 1912 2392 enixe

174 2468 381 2548 adiuvabat,
404 2468 493 2529 haec
517 2469 562 2529 ad
586 2466 747 2549 ignotum
770 2468 978 2529 monachum
1002 2465 1244 2550 Garstensem,
1268 2469 1389 2551 magni
1413 2469 1554 2531 abbatis
1578 2470 1775 2549 aequalem.

304 2607 372 2670 His
402 2608 622 2689 temporibus
654 2608 689 2670 in
716 2607 862 2669 Austria
895 2608 1001 2669 etiam
1031 2607 1179 2669 historia
1212 2606 1430 2688 singulorum
1461 2608 1755 2671 monasteriorum
1786 2608 1913 2671 litteris

175 2746 337 2808 mandari
361 2757 489 2827 coepta
513 2757 577 2827 est,
602 2767 672 2828 qua
695 2746 731 2809 in
753 2765 792 2808 re
815 2746 977 2809 monachi
994 2747 1194 2827 exemplum
1211 2747 1415 2808 monasterii
1439 2747 1484 2807 ad
1506 2767 1532 2808 S.
1550 2747 1694 2810 Petrum
1711 2745 1912 2828 Salisburgi

176 2886 290 2948 secuti
313 2896 405 2967 sunt,
430 2886 489 2948 ubi
513 2888 642 2968 partim
665 2887 826 2949 monachi
843 2857 971 2968 partini
989 2886 1148 2947 canonici
1164 2886 1311 2947 annales
1328 2885 1550 2947 conscribere
1567 2905 1637 2946 non
1655 2885 1868 2948 destiterunt
1878 2887 1912 2967 ⁷).

177 3026 298 3106 Atque
321 3025 425 3106 primi
448 3026 611 3088 monachi
633 3026 859 3089 Mellicenses
891 3030 969 3087 1123
1005 3023 1145 3087 circiter
1176 3026 1320 3087 annales
1352 3023 1525 3086 conficere
1556 3034 1749 3106 coeperunt
1780 3045 1913 3106 eosque

175 3184 289 3245 usque
313 3166 359 3226 ad
383 3166 562 3228 saeculum
586 3166 688 3230 XVI.
712 3168 966 3247 produxerunt.
1005 3164 1141 3227 Horum
1164 3164 1301 3226 initium
1325 3184 1371 3225 ex
1395 3162 1550 3243 epitome
1567 3162 1804 3246 sangallensi,
1822 3181 1913 3243 quae

176 3315 335 3384 vocatur,
359 3316 395 3368 et
419 3303 591 3367 Chronico
608 3304 777 3366 Bernoldi
801 3314 1020 3386 assumptum
1045 3315 1109 3367 est.
1141 3306 1180 3367 In
1198 3305 1384 3366 annalibus
1400 3304 1666 3366 Mellicensibus
1683 3302 1912 3366 conficiendis

310 3553 332 3674 ι)
355 3595 443 3652 Edid.
461 3593 663 3651 Wattenbach
687 3595 767 3671 apud
791 3597 886 3663 Pertz,
911 3597 1042 3652 Monum.
1069 3595 1172 3651 Germ.
1197 3594 1254 3652 SS.
1279 3596 1331 3652 XI.

307 3725 330 3807 2)
352 3724 439 3783 Edid.
472 3726 549 3782 idem
579 3740 686 3782 auctor
717 3727 745 3780 in
776 3725 881 3782 eodem
913 3743 1017 3800 opere.
1051 3725 1098 3780 De
1121 3726 1183 3780 vita
1206 3744 1301 3800 nuper
1329 3726 1448 3780 inventa
1472 3723 1540 3780 vide
1564 3728 1593 3781 ln
1616 3725 1730 3782 Archiv
1755 3726 1773 3782 s.
1799 3733 1909 3782 dsterr.

175 3841 371 3908 Geschichte,
397 3854 467 3896 tom.
492 3854 543 3912 54.

308 3968 331 4048 ³)
353 3969 439 4026 Edid.
457 3967 659 4026 Wattenbach
676 3967 755 4045 apud
771 3969 857 4024 Pertz
875 3968 892 4023 l.
911 3987 935 4024 c.
953 3965 1009 4024 SS.
1027 3967 1094 4024 XII.
1119 3966 1156 4024 cl.
1175 3968 1227 4023 Dr.
1245 3965 1437 4023 Schmieder:
1462 3967 1647 4042 Argumenta
1663 3969 1760 4025 cultus
1777 3966 1806 4024 b.
1823 3969 1914 4025 Adal·

178 4084 304 4141 heronis
328 4084 464 4159 episcopi
482 4081 774 4157 Wircesburgensis.
800 4082 942 4149 Viennae,
971 4080 1062 4138 1868.

308 4212 330 4293 4)
354 4213 440 4273 Edid
459 4210 660 4269 Wattenbach
685 4212 765 4287 apud
788 4214 874 4268 Pertz
898 4212 916 4268 Ι.
942 4233 967 4268 c.
992 4211 1048 4269 SS.
1073 4212 1138 4268 XII.
1164 4213 1262 4268 Vitam
1285 4210 1314 4268 h.
1337 4211 1487 4268 Altmanni
1517 4213 1681 4269 monachus
1705 4214 1914 4270 Gottvicensis

177 4332 260 4386 iussu
285 4327 405 4384 abbatis
421 4326 635 4383 Chadalhochii
653 4322 889 4405 (1125-1141)
913 4328 1043 4402 scripsit.
1077 4325 1191 4381 Eodem
1215 4324 1337 4381 saeculo
1361 4325 1419 4381 alia
1442 4344 1565 4401 quoque
1581 4328 1642 4383 vita
1658 4327 1746 4383 huius
1763 4329 1913 4403 episcopi,

177 4445 228 4517 qui
253 4460 374 4517 semper
397 4459 415 4495 a
438 4436 574 4516 partibus
599 4438 744 4511 Gregorii
761 4439 826 4495 VII.
852 4452 985 4506 steterat,
1011 4441 1183 4514 conscripta
1208 4452 1263 4495 est.

307 4571 330 4650 5)
355 4569 442 4626 Edid.
466 4571 565 4626 Waltz
590 4570 617 4624 in
641 4571 728 4625 Pertz
754 4569 770 4626 l.
797 4588 821 4625 c.
847 4568 902 4626 SS.
928 4570 977 4626 IV.
1008 4570 1093 4626 Vitae
1117 4571 1313 4626 Cholomanni
1342 4570 1513 4627 Bernardus
1542 4570 1706 4626 monachus
1734 4540 1915 4626 Mellicensis

176 4689 269 4742 vitam
294 4705 318 4741 s.
336 4683 488 4741 Gothalmi
512 4686 592 4739 servi
615 4703 640 4740 s.
658 4683 854 4740 Cholomanni
872 4683 1005 4739 adiunxit
1028 4680 1107 4760 (Per,
1124 4686 1226 4759 script.
1245 4702 1303 4740 rer.
1320 4683 1422 4739 Austr.
1441 4681 1485 4762 1.),
1504 4686 1549 4739 cui
1568 4683 1641 4738 fides
1658 4684 1802 4739 historiae
1818 4683 1913 4740 deest.

306 4810 329 4893 ⁶)
353 4814 440 4870 Edid.
464 4815 530 4881 Pez,
555 4813 666 4889 Script.
692 4833 750 4870 rer.
773 4814 873 4870 Austr.
896 4814 932 4869 II.
958 4813 1174 4888 Adiungendae
1202 4827 1272 4870 sunt
1294 4816 1355 4870 vita
1379 4814 1508 4870 Conradi
1533 4815 1555 4870 I.
1585 4813 1717 4888 archiep.
1743 4811 1912 4888 Salisburg.

177 4944 209 4986 et
232 4932 294 4985 vita
318 4941 348 4985 et
373 4927 515 4984 miracula
539 4947 562 4983 s.
580 4927 696 4995 Vitalis,
720 4929 804 4983 cuius
828 4930 915 5002 origo
940 4939 1080 4983 accurate
1100 4926 1205 4982 reterri
1222 4945 1282 4983 non
1298 4940 1408 5002 potest.
1441 4927 1494 4982 Illa
1510 4925 1635 4982 forsitan
1652 4926 1814 4992 canonicis,
1838 4927 1914 4983 haec

177 5043 336 5099 monachis
360 5040 398 5097 ad
421 5060 445 5097 s.
470 5041 589 5096 Petrum
613 5039 797 5115 assignanda
821 5053 876 5096 est.

311 5169 333 5250 7)
357 5170 580 5237 wattenbach,
610 5170 832 5227 Deutschlands
860 5169 1162 5245 Geschichtsquellen
1191 5169 1227 5224 II.
1263 5169 1453 5239 „Chronicon
1477 5166 1727 5242 Salisburgense“
1754 5188 1772 5225 a
1800 5171 1858 5225 Pez
1886 5171 1914 5224 in

177 5285 292 5361 Script.
324 5305 382 5343 rer.
412 5285 513 5342 Austr.
546 5286 583 5341 11.
616 5284 746 5350 editum,
780 5283 861 5358 quod
897 5285 1073 5341 monachum
1108 5281 1371 5356 Salisburgensem
1407 5283 1625 5358 conscripsisse
1660 5283 1821 5339 verisimile
1857 5295 1912 5346 est,

176 5401 303 5457 saeculo
327 5400 408 5457 XVI.
433 5399 553 5474 prodiit.
579 5399 708 5462 Loren2‚
733 5397 1037 5471 Geschichtsquellen
1061 5398 1083 5452 l.
