4178 6196
829 501 872 510 -
916 464 1080 528 LXXIII
1125 503 1165 513 -

123 691 391 774 redintegratus
414 701 470 756 est
484 693 517 773 ¹).
563 690 669 754 Clara
701 691 808 755 etiam
834 690 1005 754 memoria
1035 701 1090 754 est
1123 692 1372 754 monachorum
1399 691 1734 774 Lunaelacensium,
1767 693 1859 756 Inni-

124 831 300 914 censium,
331 828 664 914 Cremifanensium,
696 830 928 894 Mettensium
958 840 994 894 et
1024 829 1411 914 Lacustigurinensium
1442 830 1478 892 in
1510 830 1681 913 Bavaria,
1713 851 1860 914 quorum

124 970 281 1033 omnium
297 969 333 1033 in
348 969 419 1032 fide
431 969 631 1033 Christiana
644 971 740 1052 apud
752 980 880 1054 gentes
894 969 1048 1052 Alpinas
1059 970 1294 1052 propaganda
1307 978 1343 1032 et
1356 966 1596 1032 confirmanda
1608 972 1750 1034 saeculo
1762 971 1860 1034 VHI.

125 1119 163 1173 et
184 1109 252 1172 IX.
277 1128 452 1171 summurn
475 1117 553 1172 erat
575 1109 732 1172 studium
747 1112 782 1192 ²).

256 1247 297 1310 In
320 1247 492 1311 Bohemia
515 1256 552 1311 et
574 1247 761 1331 Hungaria
777 1247 1002 1311 Benedictini
1026 1249 1169 1311 saeculo
1193 1247 1241 1311 X.
1267 1257 1303 1310 et
1325 1247 1392 1310 XI.
1416 1249 1558 1310 laudem
1580 1258 1859 1329 promeruerunt.

125 1386 156 1449 E
178 1385 394 1450 monasterio
416 1386 683 1469 Bfevnoviensi,
707 1407 728 1448 a
752 1406 822 1469 quo
845 1395 901 1450 tot
922 1387 958 1449 in
981 1387 1154 1448 Bohemia
1175 1385 1337 1468 profecta
1359 1395 1442 1450 sunt
1464 1387 1687 1469 monasteria,
1711 1386 1859 1469 eiusque

123 1523 392 1608 praeposituris,
417 1544 566 1606 quarum
589 1524 809 1588 nobilissima
825 1535 881 1588 est
895 1524 1142 1608 Raigradium,
1167 1534 1203 1587 et
1220 1523 1443 1588 Ostroviensi
1460 1526 1505 1586 ad
1523 1524 1705 1589 Sazawam
1727 1525 1858 1590 flumen

125 1664 195 1728 sito
218 1663 319 1727 multi
341 1663 550 1745 prodierunt
571 1663 749 1746 monachi,
774 1663 835 1746 qui
859 1672 895 1727 et
917 1666 1029 1727 verbo
1054 1674 1091 1728 et
1114 1666 1278 1746 exemplo
1302 1665 1437 1727 animas
1461 1664 1528 1727 sibi
1552 1664 1790 1728 subiectorum
1813 1667 1859 1727 ad

126 1822 233 1866 unam
255 1804 406 1866 salutem
429 1803 649 1866 adducerent
663 1802 906 1884 plurimasque
929 1805 1039 1866 aedes
1062 1822 1183 1866 sacras
1199 1802 1428 1866 aedificarent
1442 1805 1477 1885 ³).
1515 1804 1556 1866 In
1571 1803 1759 1886 Hungaria
1773 1823 1860 1885 prae

126 1942 257 2006 ceteris
279 1941 441 2006 monachi
463 1941 597 2005 Montis
620 1940 829 2005 Pannoniae
851 1941 1023 2024 singulari
1046 1940 1165 2005 studio
1189 1941 1404 2023 enituerant,
1436 1952 1475 2005 ut
1505 1951 1603 2005 recte
1635 1942 1704 2005 dici
1735 1943 1860 2024 possit,

125 2102 248 2146 eorum
282 2101 393 2164 opera
426 2082 532 2164 longe
567 2081 737 2163 plurimos
771 2080 905 2143 incolas
940 2081 1016 2144 eius
1050 2089 1166 2144 terrae
1201 2082 1247 2143 ad
1282 2080 1516 2144 Christianam
1551 2082 1747 2144 doctrinam
1781 2101 1864 2164 per-¹

124 2223 253 2285 ductos
276 2238 356 2283 esse
369 2222 405 2301 ⁴).

256 2358 459 2424 Posteriora
478 2369 639 2442 tempore
662 2359 897 2443 Benedictini,
914 2381 1127 2442 quamquam
1144 2382 1213 2425 non
1229 2362 1369 2426 omnino
1386 2362 1594 2425 dimiserunt
1615 2381 1705 2444 opus
1725 2362 1860 2424 missio-

125 2499 281 2580 narium,
319 2509 439 2562 tamen
475 2501 583 2562 rebus
616 2499 871 2563 ecclesiasticis
909 2502 1052 2563 saeculo
1086 2501 1170 2564 XII.
1210 2501 1245 2564 in
1282 2503 1386 2565 terris
1420 2501 1620 2565 Austriacis
1655 2500 1860 2582 compositis

125 2638 373 2721 parochiisque
397 2638 503 2702 certis
529 2638 659 2703 finibus
684 2639 957 2722 circumscriptis
979 2640 1243 2704 intermiserunt
1266 2651 1374 2722 atque
1397 2640 1534 2721 reliqua
1557 2660 1641 2703 cura
1665 2639 1859 2702 animarum

126 2779 221 2842 clero
237 2777 410 2842 saeculari
426 2779 549 2842 relicta
564 2779 611 2841 ad
626 2779 905 2862 praedicandum
920 2781 1165 2844 incubuerunt
1197 2778 1306 2843 Velut
1329 2781 1491 2843 monachi
1508 2801 1534 2845 s.
1551 2779 1649 2844 Petri
1665 2800 1757 2844 anno
1779 2784 1858 2858 1139

126 2919 395 3001 archiepiscopo
426 2917 590 3025 Conrado
618 2919 664 3001 I.,
698 2919 774 2982 viro
806 2921 850 2983 de
879 2922 987 2982 rebus
1018 2919 1269 2983 ecclesiasticis
1299 2920 1432 3001 optime
1461 2919 1604 3000 merito,
1638 2919 1860 2981 tradiderunt

126 3056 332 3141 parochiam
355 3055 679 3142 Salisburgensem,
707 3069 746 3121 ut
773 3059 870 3122 nulla
896 3079 934 3123 re
961 3059 1123 3142 impediti
1146 3058 1395 3122 satisfacerent
1417 3059 1584 3141 Regulae
1607 3057 1810 3140 praeceptis
1824 3059 1859 3137 ⁵).

127 3195 232 3278 Quod
263 3216 343 3259 cum
374 3195 537 3260 fecerunt
567 3197 809 3282 Benedictini,
841 3199 947 3261 iussis
977 3199 1100 3280 Papae
1124 3197 1255 3261 Calixti
1277 3198 1322 3261 11.
1354 3199 1463 3280 (1111)
1494 3206 1706 3279 paruerunt,
1736 3204 1860 3259 vetera

128 3336 273 3398 decreta
296 3337 466 3400 canonica
490 3336 525 3399 in
547 3338 752 3401 memoriam
774 3337 989 3420 revocantia,
1013 3357 1058 3400 ne
1082 3337 1161 3419 quis
1183 3339 1377 3401 monachus
1400 3336 1643 3401 confessiones
1667 3336 1858 3418 exciperet,

130 3495 220 3539 neve
244 3487 410 3559 aegrotos
433 3475 613 3559 visitaret,
643 3497 734 3539 neve
762 3496 865 3540 sacra
887 3477 1104 3559 parochialia
1127 3476 1252 3540 obiret.
1291 3477 1413 3539 Aedes
1444 3496 1566 3539 sacrae
1598 3475 1704 3538 etiam
1734 3484 1809 3537 turn
1839 3496 1860 3538 a

130 3617 310 3679 monachis
333 3615 622 3701 aedificabantur,
646 3637 690 3680 ne
713 3617 766 3700 iis,
790 3617 851 3699 qui
866 3636 973 3701 agros
990 3636 1112 3680 eorum
1127 3618 1233 3699 longe
1253 3616 1396 3696 lateque
1413 3616 1586 3696 colebant,
1610 3615 1728 3677 aditus
1744 3633 1860 3676 sacro·

130 3775 204 3817 rum
228 3756 449 3819 sollemnium
472 3757 624 3840 deesset,
648 3778 734 3820 cura
756 3767 874 3820 tamen
897 3756 1091 3820 animarum
1115 3756 1150 3819 in
1173 3755 1334 3818 omnibus
1358 3754 1535 3837 parochiis
1552 3773 1630 3816 cum
1647 3753 1682 3816 in
1705 3752 1860 3834 praediis

130 3914 251 3958 eorum
274 3898 320 3958 ab
343 3895 431 3977 ipsis
455 3896 657 3960 constitutis
679 3906 754 3960 tum
778 3917 799 3959 a
821 3896 1070 3960 fundatoribus
1094 3894 1252 3976 acceptis
1270 3895 1364 3957 clero
1389 3893 1561 3956 saeculari
1584 3892 1859 3974 relinquebatur.

259 4033 333 4098 Sed
355 4044 515 4117 tempore
540 4038 584 4098 de
607 4046 706 4100 tanta
727 4037 919 4100 severitate
939 4035 1159 4117 aliquantum
1179 4034 1365 4097 remissum
1388 4042 1452 4095 est.
1493 4030 1620 4096 Omnia
1642 4031 1717 4094 fere
1741 4050 1859 4093 mona·

129 4174 254 4257 steria,
286 4194 378 4257 quae
409 4177 552 4239 saeculo
576 4176 643 4239 XI.
668 4186 704 4241 et
729 4176 813 4241 XII.
837 4177 873 4240 in
896 4176 1044 4239 Austria
1067 4175 1211 4239 condita
1234 4184 1333 4257 sunt,
1358 4195 1379 4237 a
1401 4170 1648 4236 fundatoribus
1671 4172 1729 4234 vel
1752 4173 1859 4233 bene·

129 4312 325 4378 factoribus
338 4313 362 4396 6)
391 4315 437 4377 ad
467 4314 604 4378 reditus
626 4317 810 4399 augendos
833 4315 1020 4397 parochias
1043 4322 1276 4396 acceperunt,
1308 4323 1347 4377 ut
1369 4312 1588 4392 Mellicense,
1617 4308 1859 4388 Gottvicense,

128 4453 438 4538 Seitenstettense,
448 4455 1012 4538 Altenburgense,Admontense,
1024 4473 1050 4517 s.
1059 4452 1251 4535 Lamberti,
1265 4473 1291 4514 s.
1302 4452 1415 4534 Pauli,
1428 4449 1600 4515 Scotense
1612 4448 1859 4523 Vindobonae,

259 4751 281 4832 ι)
305 4753 473 4811 Conversio
496 4754 714 4828 Bagoariorum
738 4768 768 4809 et
792 4723 1041 4810 Carautauorum.

259 4865 281 4945 ²)
304 4867 417 4925 Confer
439 4886 575 4945 prooem.
600 4869 623 4925 1.

258 4977 282 5058 3)
304 4980 396 5038 Frind
419 4982 437 5039 l.
462 5000 488 5038 c.
513 4982 536 5038 1.

258 5092 282 5173 ⁴)
305 5093 412 5151 Czinar
435 5095 458 5151 Ι.

259 5205 282 5286 5)
305 5204 407 5264 Series
430 5205 533 5264 abbat.
557 5218 686 5263 monast.
710 5206 748 5262 ad
770 5226 794 5264 s.
812 5208 931 5263 Petrum
955 5203 1134 5279 Salisburgi.

258 5315 282 5399 ⁶)
305 5320 416 5376 Eorum
440 5322 470 5377 in
492 5337 617 5376 numero
633 5321 763 5376 eminent
778 5321 931 5395 principes
946 5332 977 5376 et
993 5319 1140 5394 episcopi,
1157 5329 1190 5373 ut
1206 5315 1428 5393 archiepiscopi
1445 5310 1703 5388 Salisburgenses,
1722 5314 1857 5390 episcopi

123 5436 353 5494 Passavienses.

1616 5530 1635 5578 k
